<?xml version="1.0" encoding="UTF-8"?>
<!DOCTYPE html PUBLIC "-//W3C//DTD XHTML 1.0 Transitional//EN"
    "http://www.w3.org/TR/xhtml1/DTD/xhtml1-transitional.dtd">
<html xmlns="http://www.w3.org/1999/xhtml" xml:lang="en" lang="en">
 <head>
  <title>
</title>
<meta http-equiv="Content-Type" content="text/html;charset=utf-8" />
  <meta name='ocr-system' content='tesseract 3.04.00' />
  <meta name='ocr-capabilities' content='ocr_page ocr_carea ocr_par ocr_line ocrx_word'/>
</head>
<body>
  <div class='ocr_page' id='page_1' title='image "./joanniskepleria30frisgoog_0258.png"; bbox 0 0 3634 5575; ppageno 0'>
   <div class='ocr_carea' id='block_1_1' title="bbox 1499 371 3061 445">
    <p class='ocr_par' dir='ltr' id='par_1_1' title="bbox 1499 371 3061 445">
     <span class='ocr_line' id='line_1_1' title="bbox 1499 371 3061 445; baseline 0.01 -23"><span class='ocrx_word' id='word_1_1' title='bbox 1499 377 1674 426; x_wconf 80' lang='lat' dir='ltr'><strong>coutra</strong></span> <span class='ocrx_word' id='word_1_2' title='bbox 1709 371 1906 445; x_wconf 58' lang='lat' dir='ltr'><strong>Ursam.</strong></span> <span class='ocrx_word' id='word_1_3' title='bbox 2930 371 3061 438; x_wconf 78' lang='grc'><strong>239</strong></span> 
     </span>
    </p>
   </div>
   <div class='ocr_carea' id='block_1_2' title="bbox 335 527 3063 1676">
    <p class='ocr_par' dir='ltr' id='par_1_2' title="bbox 335 527 3063 1676">
     <span class='ocr_line' id='line_1_2' title="bbox 340 527 3057 614; baseline 0 -23"><span class='ocrx_word' id='word_1_4' title='bbox 340 528 617 592; x_wconf 90' lang='lat' dir='ltr'><strong>omnibus</strong></span> <span class='ocrx_word' id='word_1_5' title='bbox 663 527 994 614; x_wconf 74' lang='lat' dir='ltr'><strong>generatim</strong></span> <span class='ocrx_word' id='word_1_6' title='bbox 1040 529 1296 608; x_wconf 75' lang='lat' dir='ltr'><strong>vigeret,</strong></span> <span class='ocrx_word' id='word_1_7' title='bbox 1341 537 1406 592; x_wconf 89' lang='lat' dir='ltr'><strong>et</strong></span> <span class='ocrx_word' id='word_1_8' title='bbox 1451 529 1582 592; x_wconf 87' lang='lat' dir='ltr'><strong>sine</strong></span> <span class='ocrx_word' id='word_1_9' title='bbox 1627 549 1746 612; x_wconf 89' lang='lat' dir='ltr'><strong>qno</strong></span> <span class='ocrx_word' id='word_1_10' title='bbox 1791 530 1943 594; x_wconf 87' lang='lat' dir='ltr'><strong>nihil</strong></span> <span class='ocrx_word' id='word_1_11' title='bbox 1970 537 2155 605; x_wconf 84' lang='lat' dir='ltr'><strong>esset,</strong></span> <span class='ocrx_word' id='word_1_12' title='bbox 2204 529 2376 610; x_wconf 77' lang='lat' dir='ltr'><strong>cnjus</strong></span> <span class='ocrx_word' id='word_1_13' title='bbox 2405 529 2811 611; x_wconf 84' lang='lat' dir='ltr'><strong>cognitionem</strong></span> <span class='ocrx_word' id='word_1_14' title='bbox 2840 549 3057 611; x_wconf 87' lang='lat' dir='ltr'><strong>capere</strong></span> 
     </span>
     <span class='ocr_line' id='line_1_3' title="bbox 339 618 3063 700; baseline 0.001 -20"><span class='ocrx_word' id='word_1_15' title='bbox 339 637 510 680; x_wconf 88' lang='lat' dir='ltr'><strong>mens</strong></span> <span class='ocrx_word' id='word_1_16' title='bbox 555 627 767 684; x_wconf 88' lang='lat' dir='ltr'><strong>nostra</strong></span> <span class='ocrx_word' id='word_1_17' title='bbox 810 624 1040 698; x_wconf 91' lang='lat' dir='ltr'><strong>posset.</strong></span> <span class='ocrx_word' id='word_1_18' title='bbox 1131 619 1345 698; x_wconf 88' lang='lat' dir='ltr'><strong>Itaque</strong></span> <span class='ocrx_word' id='word_1_19' title='bbox 1393 620 1548 682; x_wconf 90' lang='lat' dir='ltr'><strong>hanc</strong></span> <span class='ocrx_word' id='word_1_20' title='bbox 1596 618 2048 682; x_wconf 86' lang='lat' dir='ltr'><strong>demonstrandi</strong></span> <span class='ocrx_word' id='word_1_21' title='bbox 2095 619 2391 682; x_wconf 87' lang='lat' dir='ltr'><strong>rationem</strong></span> <span class='ocrx_word' id='word_1_22' title='bbox 2449 638 2525 682; x_wconf 85' lang='lat' dir='ltr'><strong>ex</strong></span> <span class='ocrx_word' id='word_1_23' title='bbox 2572 619 2906 700; x_wconf 86' lang='lat' dir='ltr'><strong>geometria</strong></span> <span class='ocrx_word' id='word_1_24' title='bbox 2950 639 3063 682; x_wconf 90' lang='lat' dir='ltr'><strong>ceu</strong></span> 
     </span>
     <span class='ocr_line' id='line_1_4' title="bbox 338 707 3059 788; baseline 0.001 -20"><span class='ocrx_word' id='word_1_25' title='bbox 338 707 612 788; x_wconf 88' lang='lat' dir='ltr'><strong>exemplo</strong></span> <span class='ocrx_word' id='word_1_26' title='bbox 674 709 1014 770; x_wconf 87' lang='lat' dir='ltr'><strong>desumtam</strong></span> <span class='ocrx_word' id='word_1_27' title='bbox 1078 707 1469 769; x_wconf 88' lang='lat' dir='ltr'><strong>excoluerunt</strong></span> <span class='ocrx_word' id='word_1_28' title='bbox 1533 716 1596 771; x_wconf 90' lang='lat' dir='ltr'><strong>et</strong></span> <span class='ocrx_word' id='word_1_29' title='bbox 1654 710 1713 770; x_wconf 90' lang='lat' dir='ltr'><strong>in</strong></span> <span class='ocrx_word' id='word_1_30' title='bbox 1781 709 2035 772; x_wconf 86' lang='lat' dir='ltr'><strong>formam</strong></span> <span class='ocrx_word' id='word_1_31' title='bbox 2098 709 2249 770; x_wconf 88' lang='lat' dir='ltr'><strong>artis</strong></span> <span class='ocrx_word' id='word_1_32' title='bbox 2308 708 2576 788; x_wconf 81' lang='lat' dir='ltr'><strong>adeoque</strong></span> <span class='ocrx_word' id='word_1_33' title='bbox 2643 716 2715 769; x_wconf 89' lang='lat' dir='ltr'><strong>et·</strong></span> <span class='ocrx_word' id='word_1_34' title='bbox 2769 707 3059 772; x_wconf 81' lang='lat' dir='ltr'><strong>scientiae</strong></span> 
     </span>
     <span class='ocr_line' id='line_1_5' title="bbox 335 795 3061 878; baseline 0 -21"><span class='ocrx_word' id='word_1_35' title='bbox 335 796 726 876; x_wconf 88' lang='lat' dir='ltr'><strong>redegerunt,</strong></span> <span class='ocrx_word' id='word_1_36' title='bbox 776 814 928 876; x_wconf 90' lang='lat' dir='ltr'><strong>quae</strong></span> <span class='ocrx_word' id='word_1_37' title='bbox 978 795 1229 876; x_wconf 86' lang='lat' dir='ltr'><strong>logica</strong></span> <span class='ocrx_word' id='word_1_38' title='bbox 1277 797 1516 859; x_wconf 89' lang='lat' dir='ltr'><strong>dicitur.</strong></span> <span class='ocrx_word' id='word_1_39' title='bbox 1612 795 1938 859; x_wconf 87' lang='lat' dir='ltr'><strong>Vocabula</strong></span> <span class='ocrx_word' id='word_1_40' title='bbox 1985 806 2049 860; x_wconf 92' lang='lat' dir='ltr'><strong>et</strong></span> <span class='ocrx_word' id='word_1_41' title='bbox 2094 806 2163 860; x_wconf 94' lang='lat' dir='ltr'><strong>ut</strong></span> <span class='ocrx_word' id='word_1_42' title='bbox 2202 797 2496 877; x_wconf 90' lang='lat' dir='ltr'><strong>loquimur</strong></span> <span class='ocrx_word' id='word_1_43' title='bbox 2542 796 2861 874; x_wconf 80' lang='lat' dir='ltr'><strong>terminos,</strong></span> <span class='ocrx_word' id='word_1_44' title='bbox 2909 816 3061 878; x_wconf 89' lang='lat' dir='ltr'><strong>quos</strong></span> 
     </span>
     <span class='ocr_line' id='line_1_6' title="bbox 339 885 3059 966; baseline 0.001 -21"><span class='ocrx_word' id='word_1_45' title='bbox 339 885 400 945; x_wconf 90' lang='lat' dir='ltr'><strong>in</strong></span> <span class='ocrx_word' id='word_1_46' title='bbox 447 885 782 964; x_wconf 88' lang='lat' dir='ltr'><strong>geometria</strong></span> <span class='ocrx_word' id='word_1_47' title='bbox 845 893 1222 964; x_wconf 85' lang='lat' dir='ltr'><strong>repererunt,</strong></span> <span class='ocrx_word' id='word_1_48' title='bbox 1291 886 1673 948; x_wconf 88' lang='lat' dir='ltr'><strong>retinuerunt</strong></span> <span class='ocrx_word' id='word_1_49' title='bbox 1720 886 1872 947; x_wconf 85' lang='lat' dir='ltr'><strong>adeo</strong></span> <span class='ocrx_word' id='word_1_50' title='bbox 1921 887 2163 960; x_wconf 88' lang='lat' dir='ltr'><strong>crebr0,</strong></span> <span class='ocrx_word' id='word_1_51' title='bbox 2230 894 2301 946; x_wconf 87' lang='lat' dir='ltr'><strong>ut</strong></span> <span class='ocrx_word' id='word_1_52' title='bbox 2344 904 2567 966; x_wconf 86' lang='lat' dir='ltr'><strong>negare</strong></span> <span class='ocrx_word' id='word_1_53' title='bbox 2624 905 2799 949; x_wconf 92' lang='lat' dir='ltr'><strong>nemo</strong></span> <span class='ocrx_word' id='word_1_54' title='bbox 2845 887 3059 966; x_wconf 87' lang='lat' dir='ltr'><strong>possit.</strong></span> 
     </span>
     <span class='ocr_line' id='line_1_7' title="bbox 337 973 3061 1055; baseline 0.001 -21"><span class='ocrx_word' id='word_1_55' title='bbox 337 973 438 1034; x_wconf 91' lang='lat' dir='ltr'><strong>Ita</strong></span> <span class='ocrx_word' id='word_1_56' title='bbox 483 973 999 1053; x_wconf 82' lang='lat' dir='ltr'><strong>hypotheseos</strong></span> <span class='ocrx_word' id='word_1_57' title='bbox 1046 992 1165 1036; x_wconf 85' lang='lat' dir='ltr'><strong>vox</strong></span> <span class='ocrx_word' id='word_1_58' title='bbox 1212 993 1442 1055; x_wconf 89' lang='lat' dir='ltr'><strong>quoque</strong></span> <span class='ocrx_word' id='word_1_59' title='bbox 1493 974 1895 1038; x_wconf 86' lang='lat' dir='ltr'><strong>usitatissima</strong></span> <span class='ocrx_word' id='word_1_60' title='bbox 1940 983 2041 1036; x_wconf 90' lang='lat' dir='ltr'><strong>est</strong></span> <span class='ocrx_word' id='word_1_61' title='bbox 2094 975 2153 1038; x_wconf 90' lang='lat' dir='ltr'><strong>in</strong></span> <span class='ocrx_word' id='word_1_62' title='bbox 2184 975 2456 1037; x_wconf 87' lang='lat' dir='ltr'><strong>doctrina</strong></span> <span class='ocrx_word' id='word_1_63' title='bbox 2484 975 3061 1038; x_wconf 77' lang='lat' dir='ltr'><strong>demonstrationum</strong></span> 
     </span>
     <span class='ocr_line' id='line_1_8' title="bbox 339 1061 3059 1145; baseline 0.001 -22"><span class='ocrx_word' id='word_1_64' title='bbox 339 1061 497 1142; x_wconf 89' lang='lat' dir='ltr'><strong>apud</strong></span> <span class='ocrx_word' id='word_1_65' title='bbox 541 1062 962 1124; x_wconf 87' lang='lat' dir='ltr'><strong>Aristotelem.</strong></span> <span class='ocrx_word' id='word_1_66' title='bbox 1059 1061 1212 1126; x_wconf 88' lang='lat' dir='ltr'><strong>Cum</strong></span> <span class='ocrx_word' id='word_1_67' title='bbox 1260 1063 1466 1145; x_wconf 89' lang='lat' dir='ltr'><strong>itaque</strong></span> <span class='ocrx_word' id='word_1_68' title='bbox 1513 1063 1744 1143; x_wconf 84' lang='lat' dir='ltr'><strong>logicae</strong></span> <span class='ocrx_word' id='word_1_69' title='bbox 1789 1063 2135 1143; x_wconf 89' lang='lat' dir='ltr'><strong>jurisdictio</strong></span> <span class='ocrx_word' id='word_1_70' title='bbox 2192 1081 2300 1143; x_wconf 91' lang='lat' dir='ltr'><strong>per</strong></span> <span class='ocrx_word' id='word_1_71' title='bbox 2344 1083 2551 1126; x_wconf 88' lang='lat' dir='ltr'><strong>omnes</strong></span> <span class='ocrx_word' id='word_1_72' title='bbox 2596 1071 2811 1143; x_wconf 89' lang='lat' dir='ltr'><strong>pateat</strong></span> <span class='ocrx_word' id='word_1_73' title='bbox 2856 1065 3059 1126; x_wconf 88' lang='lat' dir='ltr'><strong>scien-</strong></span> 
     </span>
     <span class='ocr_line' id='line_1_9' title="bbox 337 1151 3055 1234; baseline 0.001 -22"><span class='ocrx_word' id='word_1_74' title='bbox 337 1151 492 1225; x_wconf 78' lang='lat' dir='ltr'><strong>tiaS,</strong></span> <span class='ocrx_word' id='word_1_75' title='bbox 555 1171 632 1212; x_wconf 83' lang='lat' dir='ltr'><strong>ex</strong></span> <span class='ocrx_word' id='word_1_76' title='bbox 688 1151 888 1231; x_wconf 88' lang='lat' dir='ltr'><strong>logica</strong></span> <span class='ocrx_word' id='word_1_77' title='bbox 933 1170 1166 1232; x_wconf 90' lang='lat' dir='ltr'><strong>quoque</strong></span> <span class='ocrx_word' id='word_1_78' title='bbox 1221 1151 1282 1213; x_wconf 92' lang='lat' dir='ltr'><strong>in</strong></span> <span class='ocrx_word' id='word_1_79' title='bbox 1331 1153 1863 1215; x_wconf 78' lang='lat' dir='ltr'><strong>astronomiam</strong></span> <span class='ocrx_word' id='word_1_80' title='bbox 1915 1170 2033 1215; x_wconf 87' lang='lat' dir='ltr'><strong>vox</strong></span> <span class='ocrx_word' id='word_1_81' title='bbox 2088 1152 2493 1234; x_wconf 80' lang='lat' dir='ltr'><strong>hypotheseos</strong></span> <span class='ocrx_word' id='word_1_82' title='bbox 2550 1152 2895 1216; x_wconf 87' lang='lat' dir='ltr'><strong>introducta</strong></span> <span class='ocrx_word' id='word_1_83' title='bbox 2940 1163 3055 1229; x_wconf 87' lang='lat' dir='ltr'><strong>est,</strong></span> 
     </span>
     <span class='ocr_line' id='line_1_10' title="bbox 337 1239 3057 1322; baseline 0.001 -21"><span class='ocrx_word' id='word_1_84' title='bbox 337 1257 490 1319; x_wconf 89' lang='lat' dir='ltr'><strong>quae</strong></span> <span class='ocrx_word' id='word_1_85' title='bbox 538 1241 634 1302; x_wconf 87' lang='lat' dir='ltr'><strong>vel</strong></span> <span class='ocrx_word' id='word_1_86' title='bbox 681 1241 811 1302; x_wconf 89' lang='lat' dir='ltr'><strong>sine</strong></span> <span class='ocrx_word' id='word_1_87' title='bbox 860 1239 1062 1320; x_wconf 86' lang='lat' dir='ltr'><strong>logica</strong></span> <span class='ocrx_word' id='word_1_88' title='bbox 1103 1248 1352 1321; x_wconf 88' lang='lat' dir='ltr'><strong>propter</strong></span> <span class='ocrx_word' id='word_1_89' title='bbox 1397 1241 1560 1304; x_wconf 90' lang='lat' dir='ltr'><strong>solas</strong></span> <span class='ocrx_word' id='word_1_90' title='bbox 1611 1241 2155 1304; x_wconf 77' lang='lat' dir='ltr'><strong>demonstrationes</strong></span> <span class='ocrx_word' id='word_1_91' title='bbox 2202 1241 2263 1304; x_wconf 90' lang='lat' dir='ltr'><strong>in</strong></span> <span class='ocrx_word' id='word_1_92' title='bbox 2304 1242 2677 1304; x_wconf 87' lang='lat' dir='ltr'><strong>astronomia</strong></span> <span class='ocrx_word' id='word_1_93' title='bbox 2724 1243 3057 1322; x_wconf 89' lang='lat' dir='ltr'><strong>geometri-</strong></span> 
     </span>
     <span class='ocr_line' id='line_1_11' title="bbox 336 1328 3059 1411; baseline 0.003 -23"><span class='ocrx_word' id='word_1_94' title='bbox 336 1347 443 1388; x_wconf 89' lang='lat' dir='ltr'><strong>cas</strong></span> <span class='ocrx_word' id='word_1_95' title='bbox 510 1336 574 1391; x_wconf 91' lang='lat' dir='ltr'><strong>et</strong></span> <span class='ocrx_word' id='word_1_96' title='bbox 621 1328 708 1390; x_wconf 92' lang='lat' dir='ltr'><strong>sic</strong></span> <span class='ocrx_word' id='word_1_97' title='bbox 755 1329 1012 1409; x_wconf 86' lang='lat' dir='ltr'><strong>genuino</strong></span> <span class='ocrx_word' id='word_1_98' title='bbox 1060 1329 1294 1390; x_wconf 89' lang='lat' dir='ltr'><strong>nomine</strong></span> <span class='ocrx_word' id='word_1_99' title='bbox 1345 1329 1768 1408; x_wconf 82' lang='lat' dir='ltr'><strong>usurpabatur.</strong></span> <span class='ocrx_word' id='word_1_100' title='bbox 1864 1330 2251 1411; x_wconf 87' lang='lat' dir='ltr'><strong>Hypothesin</strong></span> <span class='ocrx_word' id='word_1_101' title='bbox 2290 1338 2494 1404; x_wconf 85' lang='lat' dir='ltr'><strong>autem</strong></span> <span class='ocrx_word' id='word_1_102' title='bbox 2540 1329 2599 1392; x_wconf 92' lang='lat' dir='ltr'><strong>in</strong></span> <span class='ocrx_word' id='word_1_103' title='bbox 2638 1349 2857 1410; x_wconf 86' lang='lat' dir='ltr'><strong>genere</strong></span> <span class='ocrx_word' id='word_1_104' title='bbox 2906 1331 3059 1394; x_wconf 90' lang='lat' dir='ltr'><strong>dici-</strong></span> 
     </span>
     <span class='ocr_line' id='line_1_12' title="bbox 335 1417 3060 1499; baseline 0.001 -19"><span class='ocrx_word' id='word_1_105' title='bbox 335 1437 498 1491; x_wconf 87' lang='lat' dir='ltr'><strong>mus,</strong></span> <span class='ocrx_word' id='word_1_106' title='bbox 569 1417 850 1498; x_wconf 77' lang='lat' dir='ltr'><strong>quidquid</strong></span> <span class='ocrx_word' id='word_1_107' title='bbox 899 1418 976 1479; x_wconf 89' lang='lat' dir='ltr'><strong>ad</strong></span> <span class='ocrx_word' id='word_1_108' title='bbox 1038 1437 1446 1499; x_wconf 87' lang='lat' dir='ltr'><strong>quamcunque</strong></span> <span class='ocrx_word' id='word_1_109' title='bbox 1514 1419 2089 1482; x_wconf 88' lang='lat' dir='ltr'><strong>demonstrationem</strong></span> <span class='ocrx_word' id='word_1_110' title='bbox 2152 1437 2261 1498; x_wconf 90' lang='lat' dir='ltr'><strong>pro</strong></span> <span class='ocrx_word' id='word_1_111' title='bbox 2308 1429 2473 1481; x_wconf 88' lang='lat' dir='ltr'><strong>certo</strong></span> <span class='ocrx_word' id='word_1_112' title='bbox 2531 1428 2596 1483; x_wconf 89' lang='lat' dir='ltr'><strong>et</strong></span> <span class='ocrx_word' id='word_1_113' title='bbox 2650 1418 3060 1483; x_wconf 88' lang='lat' dir='ltr'><strong>demonstrato</strong></span> 
     </span>
     <span class='ocr_line' id='line_1_13' title="bbox 340 1506 3061 1589; baseline 0.002 -23"><span class='ocrx_word' id='word_1_114' title='bbox 340 1507 611 1568; x_wconf 81' lang='lat' dir='ltr'><strong>affertur.</strong></span> <span class='ocrx_word' id='word_1_115' title='bbox 706 1507 807 1568; x_wconf 89' lang='lat' dir='ltr'><strong>Ita</strong></span> <span class='ocrx_word' id='word_1_116' title='bbox 862 1506 920 1567; x_wconf 91' lang='lat' dir='ltr'><strong>in</strong></span> <span class='ocrx_word' id='word_1_117' title='bbox 971 1506 1130 1569; x_wconf 89' lang='lat' dir='ltr'><strong>omni</strong></span> <span class='ocrx_word' id='word_1_118' title='bbox 1178 1507 1526 1588; x_wconf 80' lang='lat' dir='ltr'><strong>syllogismo</strong></span> <span class='ocrx_word' id='word_1_119' title='bbox 1573 1508 1939 1589; x_wconf 84' lang='lat' dir='ltr'><strong>hypotheses</strong></span> <span class='ocrx_word' id='word_1_120' title='bbox 1996 1508 2135 1570; x_wconf 87' lang='lat' dir='ltr'><strong>illae</strong></span> <span class='ocrx_word' id='word_1_121' title='bbox 2182 1516 2349 1582; x_wconf 79' lang='lat' dir='ltr'><strong>sunt,</strong></span> <span class='ocrx_word' id='word_1_122' title='bbox 2411 1526 2559 1586; x_wconf 90' lang='lat' dir='ltr'><strong>quas</strong></span> <span class='ocrx_word' id='word_1_123' title='bbox 2617 1508 3061 1588; x_wconf 83' lang='lat' dir='ltr'><strong>propositiones</strong></span> 
     </span>
     <span class='ocr_line' id='line_1_14' title="bbox 340 1595 3058 1676; baseline 0.001 -20"><span class='ocrx_word' id='word_1_124' title='bbox 340 1595 470 1656; x_wconf 86' lang='lat' dir='ltr'><strong>sive</strong></span> <span class='ocrx_word' id='word_1_125' title='bbox 517 1596 883 1674; x_wconf 89' lang='lat' dir='ltr'><strong>praemissas</strong></span> <span class='ocrx_word' id='word_1_126' title='bbox 931 1595 1112 1658; x_wconf 89' lang='lat' dir='ltr'><strong>aliter</strong></span> <span class='ocrx_word' id='word_1_127' title='bbox 1158 1596 1432 1658; x_wconf 84' lang='lat' dir='ltr'><strong>dicimus.</strong></span> <span class='ocrx_word' id='word_1_128' title='bbox 1531 1597 1598 1657; x_wconf 90' lang='lat' dir='ltr'><strong>In</strong></span> <span class='ocrx_word' id='word_1_129' title='bbox 1646 1597 1915 1676; x_wconf 83' lang='lat' dir='ltr'><strong>longiore</strong></span> <span class='ocrx_word' id='word_1_130' title='bbox 1945 1615 2087 1658; x_wconf 89' lang='lat' dir='ltr'><strong>vero</strong></span> <span class='ocrx_word' id='word_1_131' title='bbox 2128 1596 2661 1670; x_wconf 79' lang='lat' dir='ltr'><strong>demonstratione,</strong></span> <span class='ocrx_word' id='word_1_132' title='bbox 2711 1615 2863 1676; x_wconf 90' lang='lat' dir='ltr'><strong>quae</strong></span> <span class='ocrx_word' id='word_1_133' title='bbox 2900 1599 3058 1660; x_wconf 91' lang='lat' dir='ltr'><strong>mul-</strong></span> 
     </span>
    </p>
   </div>
   <div class='ocr_carea' id='block_1_3' title="bbox 225 1682 3055 1766">
    <p class='ocr_par' dir='ltr' id='par_1_3' title="bbox 225 1682 3055 1766">
     <span class='ocr_line' id='line_1_15' title="bbox 225 1682 3055 1766; baseline 0.001 -22"><span class='ocrx_word' id='word_1_134' title='bbox 225 1701 235 1706; x_wconf 85' lang='lat'><em>·</em></span> <span class='ocrx_word' id='word_1_135' title='bbox 339 1691 440 1746; x_wconf 89' lang='lat' dir='ltr'><strong>tos</strong></span> <span class='ocrx_word' id='word_1_136' title='bbox 504 1682 692 1746; x_wconf 90' lang='lat' dir='ltr'><strong>habet</strong></span> <span class='ocrx_word' id='word_1_137' title='bbox 749 1683 1132 1764; x_wconf 87' lang='lat' dir='ltr'><strong>syllogismos</strong></span> <span class='ocrx_word' id='word_1_138' title='bbox 1198 1684 1651 1760; x_wconf 80' lang='lat' dir='ltr'><strong>subordinatus,</strong></span> <span class='ocrx_word' id='word_1_139' title='bbox 1727 1686 2053 1765; x_wconf 89' lang='lat' dir='ltr'><strong>primorum</strong></span> <span class='ocrx_word' id='word_1_140' title='bbox 2128 1685 2609 1766; x_wconf 88' lang='lat' dir='ltr'><strong>syllogismorum</strong></span> <span class='ocrx_word' id='word_1_141' title='bbox 2682 1685 3055 1765; x_wconf 88' lang='lat' dir='ltr'><strong>praemissae</strong></span> 
     </span>
    </p>
   </div>
   <div class='ocr_carea' id='block_1_4' title="bbox 336 1771 3068 2919">
    <p class='ocr_par' dir='ltr' id='par_1_4' title="bbox 336 1771 3068 2189">
     <span class='ocr_line' id='line_1_16' title="bbox 341 1771 3057 1854; baseline 0.001 -22"><span class='ocrx_word' id='word_1_142' title='bbox 341 1772 620 1834; x_wconf 90' lang='lat' dir='ltr'><strong>dicuntur</strong></span> <span class='ocrx_word' id='word_1_143' title='bbox 680 1771 1065 1851; x_wconf 87' lang='lat' dir='ltr'><strong>hypotheses.</strong></span> <span class='ocrx_word' id='word_1_144' title='bbox 1161 1775 1262 1836; x_wconf 88' lang='lat' dir='ltr'><strong>Ita</strong></span> <span class='ocrx_word' id='word_1_145' title='bbox 1323 1773 1384 1834; x_wconf 92' lang='lat' dir='ltr'><strong>in</strong></span> <span class='ocrx_word' id='word_1_146' title='bbox 1441 1774 1895 1849; x_wconf 87' lang='lat' dir='ltr'><strong>astronomicis,</strong></span> <span class='ocrx_word' id='word_1_147' title='bbox 1964 1773 2201 1853; x_wconf 90' lang='lat' dir='ltr'><strong>quoties</strong></span> <span class='ocrx_word' id='word_1_148' title='bbox 2262 1793 2338 1836; x_wconf 87' lang='lat' dir='ltr'><strong>ex</strong></span> <span class='ocrx_word' id='word_1_149' title='bbox 2393 1773 2497 1848; x_wconf 88' lang='lat' dir='ltr'><strong>iis,</strong></span> <span class='ocrx_word' id='word_1_150' title='bbox 2556 1791 2711 1854; x_wconf 86' lang='lat' dir='ltr'><strong>qnae</strong></span> <span class='ocrx_word' id='word_1_151' title='bbox 2766 1774 2827 1835; x_wconf 90' lang='lat' dir='ltr'><strong>in</strong></span> <span class='ocrx_word' id='word_1_152' title='bbox 2886 1775 3057 1836; x_wconf 88' lang='lat' dir='ltr'><strong>coelo</strong></span> 
     </span>
     <span class='ocr_line' id='line_1_17' title="bbox 338 1860 3055 1942; baseline 0.001 -21"><span class='ocrx_word' id='word_1_153' title='bbox 338 1860 662 1939; x_wconf 87' lang='lat' dir='ltr'><strong>diligenter</strong></span> <span class='ocrx_word' id='word_1_154' title='bbox 707 1868 772 1923; x_wconf 90' lang='lat' dir='ltr'><strong>et</strong></span> <span class='ocrx_word' id='word_1_155' title='bbox 815 1869 958 1940; x_wconf 87' lang='lat' dir='ltr'><strong>apte</strong></span> <span class='ocrx_word' id='word_1_156' title='bbox 1005 1861 1228 1924; x_wconf 86' lang='lat' dir='ltr'><strong>attenti</strong></span> <span class='ocrx_word' id='word_1_157' title='bbox 1273 1861 1560 1937; x_wconf 87' lang='lat' dir='ltr'><strong>vidimus,</strong></span> <span class='ocrx_word' id='word_1_158' title='bbox 1621 1862 1847 1942; x_wconf 91' lang='lat' dir='ltr'><strong>aliquid</strong></span> <span class='ocrx_word' id='word_1_159' title='bbox 1911 1880 2286 1924; x_wconf 85' lang='lat' dir='ltr'><strong>numerorum</strong></span> <span class='ocrx_word' id='word_1_160' title='bbox 2317 1870 2398 1925; x_wconf 84' lang='lat' dir='ltr'><strong>&#39;et</strong></span> <span class='ocrx_word' id='word_1_161' title='bbox 2452 1862 2773 1940; x_wconf 88' lang='lat' dir='ltr'><strong>figurarum</strong></span> <span class='ocrx_word' id='word_1_162' title='bbox 2820 1881 2931 1942; x_wconf 91' lang='lat' dir='ltr'><strong>ope</strong></span> <span class='ocrx_word' id='word_1_163' title='bbox 2980 1863 3055 1924; x_wconf 90' lang='lat' dir='ltr'><strong>de</strong></span> 
     </span>
     <span class='ocr_line' id='line_1_18' title="bbox 337 1949 3068 2031; baseline 0.001 -21"><span class='ocrx_word' id='word_1_164' title='bbox 337 1949 538 2023; x_wconf 88' lang='lat' dir='ltr'><strong>stella,</strong></span> <span class='ocrx_word' id='word_1_165' title='bbox 591 1967 767 2029; x_wconf 86' lang='lat' dir='ltr'><strong>quam</strong></span> <span class='ocrx_word' id='word_1_166' title='bbox 815 1949 1372 2024; x_wconf 77' lang='lat' dir='ltr'><strong>observaveramus,</strong></span> <span class='ocrx_word' id='word_1_167' title='bbox 1423 1952 1938 2014; x_wconf 87' lang='lat' dir='ltr'><strong>demonstramus:</strong></span> <span class='ocrx_word' id='word_1_168' title='bbox 1990 1960 2131 2014; x_wconf 90' lang='lat' dir='ltr'><strong>tunc</strong></span> <span class='ocrx_word' id='word_1_169' title='bbox 2168 1971 2259 2026; x_wconf 88' lang='lat' dir='ltr'><strong>ea,</strong></span> <span class='ocrx_word' id='word_1_170' title='bbox 2313 1969 2491 2031; x_wconf 88' lang='lat' dir='ltr'><strong>quam</strong></span> <span class='ocrx_word' id='word_1_171' title='bbox 2528 1951 2653 2014; x_wconf 83' lang='lat' dir='ltr'><strong>dixi</strong></span> <span class='ocrx_word' id='word_1_172' title='bbox 2689 1953 3068 2031; x_wconf 78' lang='lat' dir='ltr'><strong>observatio„</strong></span> 
     </span>
     <span class='ocr_line' id='line_1_19' title="bbox 336 2037 3055 2122; baseline 0.001 -22"><span class='ocrx_word' id='word_1_173' title='bbox 336 2038 396 2100; x_wconf 91' lang='lat' dir='ltr'><strong>in</strong></span> <span class='ocrx_word' id='word_1_174' title='bbox 441 2037 726 2100; x_wconf 84' lang='lat' dir='ltr'><strong>instituta</strong></span> <span class='ocrx_word' id='word_1_175' title='bbox 769 2037 1284 2104; x_wconf 85' lang='lat' dir='ltr'><strong>demonstratione</strong></span> <span class='ocrx_word' id='word_1_176' title='bbox 1321 2040 1390 2100; x_wconf 86' lang='lat' dir='ltr'><strong>fit</strong></span> <span class='ocrx_word' id='word_1_177' title='bbox 1435 2039 1808 2121; x_wconf 78' lang='lat' dir='ltr'><strong>hypothesiS,</strong></span> <span class='ocrx_word' id='word_1_178' title='bbox 1858 2060 2041 2121; x_wconf 88' lang='lat' dir='ltr'><strong>super</strong></span> <span class='ocrx_word' id='word_1_179' title='bbox 2078 2059 2255 2122; x_wconf 88' lang='lat' dir='ltr'><strong>quam</strong></span> <span class='ocrx_word' id='word_1_180' title='bbox 2298 2039 2621 2121; x_wconf 85' lang='lat' dir='ltr'><strong>praecipue</strong></span> <span class='ocrx_word' id='word_1_181' title='bbox 2671 2039 3055 2103; x_wconf 89' lang='lat' dir='ltr'><strong>demonstra-</strong></span> 
     </span>
     <span class='ocr_line' id='line_1_20' title="bbox 337 2126 825 2189; baseline -0.004 -1"><span class='ocrx_word' id='word_1_182' title='bbox 337 2127 424 2188; x_wconf 90' lang='lat' dir='ltr'><strong>tio</strong></span> <span class='ocrx_word' id='word_1_183' title='bbox 471 2126 825 2189; x_wconf 82' lang='lat' dir='ltr'><strong>exstruitur.</strong></span> 
     </span>
    </p>

    <p class='ocr_par' dir='ltr' id='par_1_5' title="bbox 337 2213 3061 2919">
     <span class='ocr_line' id='line_1_21' title="bbox 513 2213 3046 2297; baseline 0.001 -20"><span class='ocrx_word' id='word_1_184' title='bbox 513 2213 796 2278; x_wconf 88' lang='lat' dir='ltr'><strong>Genuina</strong></span> <span class='ocrx_word' id='word_1_185' title='bbox 839 2215 989 2276; x_wconf 87' lang='lat' dir='ltr'><strong>haec</strong></span> <span class='ocrx_word' id='word_1_186' title='bbox 1037 2223 1134 2276; x_wconf 91' lang='lat' dir='ltr'><strong>est</strong></span> <span class='ocrx_word' id='word_1_187' title='bbox 1178 2216 1346 2278; x_wconf 82' lang='lat' dir='ltr'><strong>vocis</strong></span> <span class='ocrx_word' id='word_1_188' title='bbox 1392 2215 1748 2297; x_wconf 89' lang='lat' dir='ltr'><strong>hypothesis</strong></span> <span class='ocrx_word' id='word_1_189' title='bbox 1796 2216 1985 2280; x_wconf 91' lang='lat' dir='ltr'><strong>notio.</strong></span> <span class='ocrx_word' id='word_1_190' title='bbox 2078 2217 2149 2278; x_wconf 89' lang='lat' dir='ltr'><strong>In</strong></span> <span class='ocrx_word' id='word_1_191' title='bbox 2198 2215 2399 2296; x_wconf 88' lang='lat' dir='ltr'><strong>specie</strong></span> <span class='ocrx_word' id='word_1_192' title='bbox 2456 2224 2691 2292; x_wconf 88' lang='lat' dir='ltr'><strong>tamen,</strong></span> <span class='ocrx_word' id='word_1_193' title='bbox 2750 2235 2885 2278; x_wconf 87' lang='lat' dir='ltr'><strong>cum</strong></span> <span class='ocrx_word' id='word_1_194' title='bbox 2930 2237 3046 2280; x_wconf 88' lang='lat' dir='ltr'><strong>nu-</strong></span> 
     </span>
     <span class='ocr_line' id='line_1_22' title="bbox 337 2302 3055 2386; baseline 0.001 -20"><span class='ocrx_word' id='word_1_195' title='bbox 337 2323 503 2366; x_wconf 90' lang='lat' dir='ltr'><strong>mero</strong></span> <span class='ocrx_word' id='word_1_196' title='bbox 549 2302 952 2367; x_wconf 85' lang='lat' dir='ltr'><strong>multitudinis</strong></span> <span class='ocrx_word' id='word_1_197' title='bbox 999 2305 1562 2366; x_wconf 86' lang='lat' dir='ltr'><strong>astronomicas</strong></span> <span class='ocrx_word' id='word_1_198' title='bbox 1611 2305 1865 2368; x_wconf 87' lang='lat' dir='ltr'><strong>dicimus</strong></span> <span class='ocrx_word' id='word_1_199' title='bbox 1931 2305 2419 2386; x_wconf 80' lang='lat' dir='ltr'><strong>hypotheses,</strong></span> <span class='ocrx_word' id='word_1_200' title='bbox 2488 2306 2738 2367; x_wconf 89' lang='lat' dir='ltr'><strong>facimus</strong></span> <span class='ocrx_word' id='word_1_201' title='bbox 2782 2305 2848 2366; x_wconf 90' lang='lat' dir='ltr'><strong>id</strong></span> <span class='ocrx_word' id='word_1_202' title='bbox 2892 2325 3055 2368; x_wconf 90' lang='lat' dir='ltr'><strong>more</strong></span> 
     </span>
     <span class='ocr_line' id='line_1_23' title="bbox 337 2391 3055 2475; baseline 0 -20"><span class='ocrx_word' id='word_1_203' title='bbox 337 2391 680 2456; x_wconf 76' lang='lat' dir='ltr'><strong>scholarum</strong></span> <span class='ocrx_word' id='word_1_204' title='bbox 725 2391 902 2471; x_wconf 88' lang='lat' dir='ltr'><strong>hujus</strong></span> <span class='ocrx_word' id='word_1_205' title='bbox 950 2393 1158 2466; x_wconf 90' lang='lat' dir='ltr'><strong>seculi,</strong></span> <span class='ocrx_word' id='word_1_206' title='bbox 1207 2394 1601 2474; x_wconf 86' lang='lat' dir='ltr'><strong>designantes</strong></span> <span class='ocrx_word' id='word_1_207' title='bbox 1651 2413 1941 2456; x_wconf 89' lang='lat' dir='ltr'><strong>summam</strong></span> <span class='ocrx_word' id='word_1_208' title='bbox 1978 2394 2275 2475; x_wconf 89' lang='lat' dir='ltr'><strong>quandam</strong></span> <span class='ocrx_word' id='word_1_209' title='bbox 2314 2395 2769 2474; x_wconf 87' lang='lat' dir='ltr'><strong>conceptionum</strong></span> <span class='ocrx_word' id='word_1_210' title='bbox 2798 2392 3055 2458; x_wconf 88' lang='lat' dir='ltr'><strong>celebris</strong></span> 
     </span>
     <span class='ocr_line' id='line_1_24' title="bbox 343 2480 3055 2562; baseline 0 -18"><span class='ocrx_word' id='word_1_211' title='bbox 343 2482 599 2561; x_wconf 89' lang='lat' dir='ltr'><strong>alicujus</strong></span> <span class='ocrx_word' id='word_1_212' title='bbox 647 2480 931 2554; x_wconf 88' lang='lat' dir='ltr'><strong>artificis,</strong></span> <span class='ocrx_word' id='word_1_213' title='bbox 989 2501 1064 2544; x_wconf 89' lang='lat' dir='ltr'><strong>ex</strong></span> <span class='ocrx_word' id='word_1_214' title='bbox 1103 2481 1318 2562; x_wconf 90' lang='lat' dir='ltr'><strong>quibus</strong></span> <span class='ocrx_word' id='word_1_215' title='bbox 1355 2489 1544 2544; x_wconf 90' lang='lat' dir='ltr'><strong>totam</strong></span> <span class='ocrx_word' id='word_1_216' title='bbox 1593 2483 1696 2546; x_wconf 91' lang='lat' dir='ltr'><strong>ille</strong></span> <span class='ocrx_word' id='word_1_217' title='bbox 1744 2483 2039 2545; x_wconf 85' lang='lat' dir='ltr'><strong>rationem</strong></span> <span class='ocrx_word' id='word_1_218' title='bbox 2084 2491 2350 2546; x_wconf 90' lang='lat' dir='ltr'><strong>motuum</strong></span> <span class='ocrx_word' id='word_1_219' title='bbox 2406 2482 2759 2546; x_wconf 88' lang='lat' dir='ltr'><strong>coelestium</strong></span> <span class='ocrx_word' id='word_1_220' title='bbox 2804 2483 3055 2544; x_wconf 89' lang='lat' dir='ltr'><strong>demon-</strong></span> 
     </span>
     <span class='ocr_line' id='line_1_25' title="bbox 341 2569 3055 2653; baseline -0 -20"><span class='ocrx_word' id='word_1_221' title='bbox 341 2579 531 2634; x_wconf 86' lang='lat' dir='ltr'><strong>strat:</strong></span> <span class='ocrx_word' id='word_1_222' title='bbox 601 2590 720 2651; x_wconf 88' lang='lat' dir='ltr'><strong>qua</strong></span> <span class='ocrx_word' id='word_1_223' title='bbox 775 2569 834 2631; x_wconf 88' lang='lat' dir='ltr'><strong>in</strong></span> <span class='ocrx_word' id='word_1_224' title='bbox 899 2589 1133 2634; x_wconf 87' lang='lat' dir='ltr'><strong>summa</strong></span> <span class='ocrx_word' id='word_1_225' title='bbox 1177 2570 1384 2632; x_wconf 88' lang='lat' dir='ltr'><strong>insunt</strong></span> <span class='ocrx_word' id='word_1_226' title='bbox 1445 2590 1578 2633; x_wconf 91' lang='lat' dir='ltr'><strong>cum</strong></span> <span class='ocrx_word' id='word_1_227' title='bbox 1623 2571 1911 2652; x_wconf 89' lang='lat' dir='ltr'><strong>physicae</strong></span> <span class='ocrx_word' id='word_1_228' title='bbox 1967 2578 2093 2634; x_wconf 85' lang='lat' dir='ltr'><strong>tum</strong></span> <span class='ocrx_word' id='word_1_229' title='bbox 2146 2572 2551 2652; x_wconf 80' lang='lat' dir='ltr'><strong>geometricae</strong></span> <span class='ocrx_word' id='word_1_230' title='bbox 2611 2571 3055 2653; x_wconf 86' lang='lat' dir='ltr'><strong>propositiones</strong></span> 
     </span>
     <span class='ocr_line' id='line_1_26' title="bbox 341 2659 3057 2740; baseline 0 -18"><span class='ocrx_word' id='word_1_231' title='bbox 341 2679 568 2734; x_wconf 90' lang='lat' dir='ltr'><strong>omnes,</strong></span> <span class='ocrx_word' id='word_1_232' title='bbox 625 2666 918 2739; x_wconf 87' lang='lat' dir='ltr'><strong>quotquot</strong></span> <span class='ocrx_word' id='word_1_233' title='bbox 961 2661 1038 2720; x_wconf 90' lang='lat' dir='ltr'><strong>ad</strong></span> <span class='ocrx_word' id='word_1_234' title='bbox 1088 2667 1280 2723; x_wconf 89' lang='lat' dir='ltr'><strong>totum</strong></span> <span class='ocrx_word' id='word_1_235' title='bbox 1328 2677 1476 2738; x_wconf 88' lang='lat' dir='ltr'><strong>opus</strong></span> <span class='ocrx_word' id='word_1_236' title='bbox 1525 2667 1869 2725; x_wconf 89' lang='lat' dir='ltr'><strong>astronomo</strong></span> <span class='ocrx_word' id='word_1_237' title='bbox 1916 2661 2006 2722; x_wconf 91' lang='lat' dir='ltr'><strong>illi</strong></span> <span class='ocrx_word' id='word_1_238' title='bbox 2049 2659 2418 2740; x_wconf 88' lang='lat' dir='ltr'><strong>propositum</strong></span> <span class='ocrx_word' id='word_1_239' title='bbox 2466 2660 2870 2722; x_wconf 87' lang='lat' dir='ltr'><strong>asciscuntur:</strong></span> <span class='ocrx_word' id='word_1_240' title='bbox 2928 2662 3057 2723; x_wconf 82' lang='lat' dir='ltr'><strong>sive</strong></span> 
     </span>
     <span class='ocr_line' id='line_1_27' title="bbox 340 2747 3059 2820; baseline 0.001 -9"><span class='ocrx_word' id='word_1_241' title='bbox 340 2750 482 2813; x_wconf 86' lang='lat' dir='ltr'><strong>illas</strong></span> <span class='ocrx_word' id='word_1_242' title='bbox 517 2747 774 2810; x_wconf 70' lang='lat' dir='ltr'><strong>‘aliunde</strong></span> <span class='ocrx_word' id='word_1_243' title='bbox 823 2748 902 2809; x_wconf 89' lang='lat' dir='ltr'><strong>ad</strong></span> <span class='ocrx_word' id='word_1_244' title='bbox 948 2768 1116 2811; x_wconf 89' lang='lat' dir='ltr'><strong>sunm</strong></span> <span class='ocrx_word' id='word_1_245' title='bbox 1167 2749 1540 2811; x_wconf 88' lang='lat' dir='ltr'><strong>commodum</strong></span> <span class='ocrx_word' id='word_1_246' title='bbox 1586 2749 1971 2813; x_wconf 85' lang='lat' dir='ltr'><strong>transtulerit</strong></span> <span class='ocrx_word' id='word_1_247' title='bbox 2016 2749 2269 2820; x_wconf 78' lang='lat' dir='ltr'><strong>artifex,</strong></span> <span class='ocrx_word' id='word_1_248' title='bbox 2316 2750 2445 2811; x_wconf 89' lang='lat' dir='ltr'><strong>sive</strong></span> <span class='ocrx_word' id='word_1_249' title='bbox 2492 2756 2677 2813; x_wconf 83' lang='lat' dir='ltr'><strong>antea</strong></span> <span class='ocrx_word' id='word_1_250' title='bbox 2722 2768 2799 2813; x_wconf 88' lang='lat' dir='ltr'><strong>ex</strong></span> <span class='ocrx_word' id='word_1_251' title='bbox 2844 2750 3059 2815; x_wconf 88' lang='lat' dir='ltr'><strong>obser-</strong></span> 
     </span>
     <span class='ocr_line' id='line_1_28' title="bbox 346 2836 3061 2919; baseline 0.002 -22"><span class='ocrx_word' id='word_1_252' title='bbox 346 2838 692 2901; x_wconf 82' lang='lat' dir='ltr'><strong>vationibus</strong></span> <span class='ocrx_word' id='word_1_253' title='bbox 757 2836 1302 2913; x_wconf 84' lang='lat' dir='ltr'><strong>demonstraverit,</strong></span> <span class='ocrx_word' id='word_1_254' title='bbox 1391 2847 1454 2900; x_wconf 92' lang='lat' dir='ltr'><strong>et</strong></span> <span class='ocrx_word' id='word_1_255' title='bbox 1510 2840 1639 2918; x_wconf 87' lang='lat' dir='ltr'><strong>jam</strong></span> <span class='ocrx_word' id='word_1_256' title='bbox 1716 2840 1816 2901; x_wconf 87' lang='lat' dir='ltr'><strong>via</strong></span> <span class='ocrx_word' id='word_1_257' title='bbox 1876 2840 2184 2919; x_wconf 85' lang='lat' dir='ltr'><strong>reciproca</strong></span> <span class='ocrx_word' id='word_1_258' title='bbox 2260 2858 2463 2901; x_wconf 88' lang='lat' dir='ltr'><strong>secum</strong></span> <span class='ocrx_word' id='word_1_259' title='bbox 2539 2840 2959 2902; x_wconf 89' lang='lat' dir='ltr'><strong>demonstrata</strong></span> <span class='ocrx_word' id='word_1_260' title='bbox 3020 2860 3061 2901; x_wconf 87' lang='lat' dir='ltr'><strong>a</strong></span> 
     </span>
    </p>
   </div>
   <div class='ocr_carea' id='block_1_5' title="bbox 247 2925 3059 3009">
    <p class='ocr_par' dir='ltr' id='par_1_6' title="bbox 247 2925 3059 3009">
     <span class='ocr_line' id='line_1_29' title="bbox 247 2925 3059 3009; baseline 0.001 -20"><span class='ocrx_word' id='word_1_261' title='bbox 247 2949 251 2952; x_wconf 89' lang='lat'>·</span> <span class='ocrx_word' id='word_1_262' title='bbox 336 2928 608 2989; x_wconf 86' lang='lat' dir='ltr'><strong>discente</strong></span> <span class='ocrx_word' id='word_1_263' title='bbox 657 2925 771 2987; x_wconf 88' lang='lat' dir='ltr'><strong>sibi</strong></span> <span class='ocrx_word' id='word_1_264' title='bbox 817 2945 926 2988; x_wconf 89' lang='lat' dir='ltr'><strong>ceu</strong></span> <span class='ocrx_word' id='word_1_265' title='bbox 973 2927 1344 3008; x_wconf 89' lang='lat' dir='ltr'><strong>hypotheses</strong></span> <span class='ocrx_word' id='word_1_266' title='bbox 1393 2928 1638 2989; x_wconf 88' lang='lat' dir='ltr'><strong>concedi</strong></span> <span class='ocrx_word' id='word_1_267' title='bbox 1686 2928 1983 3008; x_wconf 86' lang='lat' dir='ltr'><strong>postulet,</strong></span> <span class='ocrx_word' id='word_1_268' title='bbox 2034 2948 2111 2991; x_wconf 90' lang='lat' dir='ltr'><strong>ex</strong></span> <span class='ocrx_word' id='word_1_269' title='bbox 2156 2928 2367 3008; x_wconf 89' lang='lat' dir='ltr'><strong>quibus</strong></span> <span class='ocrx_word' id='word_1_270' title='bbox 2414 2928 2503 2991; x_wconf 85' lang='lat' dir='ltr'><strong>illi</strong></span> <span class='ocrx_word' id='word_1_271' title='bbox 2551 2936 2614 2989; x_wconf 92' lang='lat' dir='ltr'><strong>et</strong></span> <span class='ocrx_word' id='word_1_272' title='bbox 2660 2946 2765 2989; x_wconf 93' lang='lat' dir='ltr'><strong>eos</strong></span> <span class='ocrx_word' id='word_1_273' title='bbox 2812 2930 3059 3009; x_wconf 87' lang='lat' dir='ltr'><strong>(quibus</strong></span> 
     </span>
    </p>
   </div>
   <div class='ocr_carea' id='block_1_6' title="bbox 309 3015 3059 4959">
    <p class='ocr_par' dir='ltr' id='par_1_7' title="bbox 332 3015 3059 3345">
     <span class='ocr_line' id='line_1_30' title="bbox 333 3015 3059 3098; baseline 0 -20"><span class='ocrx_word' id='word_1_274' title='bbox 333 3016 506 3078; x_wconf 88' lang='lat' dir='ltr'><strong>initio</strong></span> <span class='ocrx_word' id='word_1_275' title='bbox 555 3034 758 3077; x_wconf 89' lang='lat' dir='ltr'><strong>secum</strong></span> <span class='ocrx_word' id='word_1_276' title='bbox 801 3015 1224 3097; x_wconf 84' lang='lat' dir='ltr'><strong>hypothesium</strong></span> <span class='ocrx_word' id='word_1_277' title='bbox 1273 3017 1404 3077; x_wconf 92' lang='lat' dir='ltr'><strong>loco</strong></span> <span class='ocrx_word' id='word_1_278' title='bbox 1453 3036 1596 3079; x_wconf 89' lang='lat' dir='ltr'><strong>usus</strong></span> <span class='ocrx_word' id='word_1_279' title='bbox 1643 3019 1808 3091; x_wconf 89' lang='lat' dir='ltr'><strong>erat)</strong></span> <span class='ocrx_word' id='word_1_280' title='bbox 1856 3018 2211 3079; x_wconf 87' lang='lat' dir='ltr'><strong>observatos</strong></span> <span class='ocrx_word' id='word_1_281' title='bbox 2241 3016 2557 3079; x_wconf 84' lang='lat' dir='ltr'><strong>stellarum</strong></span> <span class='ocrx_word' id='word_1_282' title='bbox 2606 3016 2761 3079; x_wconf 90' lang='lat' dir='ltr'><strong>situs</strong></span> <span class='ocrx_word' id='word_1_283' title='bbox 2808 3026 2872 3080; x_wconf 88' lang='lat' dir='ltr'><strong>et</strong></span> <span class='ocrx_word' id='word_1_284' title='bbox 2910 3036 3059 3098; x_wconf 86' lang='lat' dir='ltr'><strong>quos</strong></span> 
     </span>
     <span class='ocr_line' id='line_1_31' title="bbox 332 3102 3056 3188; baseline 0 -20"><span class='ocrx_word' id='word_1_285' title='bbox 332 3123 510 3185; x_wconf 90' lang='lat' dir='ltr'><strong>porro</strong></span> <span class='ocrx_word' id='word_1_286' title='bbox 541 3102 821 3165; x_wconf 89' lang='lat' dir='ltr'><strong>similiter</strong></span> <span class='ocrx_word' id='word_1_287' title='bbox 848 3104 1230 3183; x_wconf 88' lang='lat' dir='ltr'><strong>apparituros</strong></span> <span class='ocrx_word' id='word_1_288' title='bbox 1260 3113 1488 3184; x_wconf 87' lang='lat' dir='ltr'><strong>sperat,</strong></span> <span class='ocrx_word' id='word_1_289' title='bbox 1523 3106 1895 3168; x_wconf 88' lang='lat' dir='ltr'><strong>necessitate</strong></span> <span class='ocrx_word' id='word_1_290' title='bbox 1926 3106 2303 3188; x_wconf 85' lang='lat' dir='ltr'><strong>syllogistica</strong></span> <span class='ocrx_word' id='word_1_291' title='bbox 2338 3105 2891 3169; x_wconf 87' lang='lat' dir='ltr'><strong>demonstraturum</strong></span> <span class='ocrx_word' id='word_1_292' title='bbox 2914 3108 3056 3187; x_wconf 89' lang='lat' dir='ltr'><strong>pol-</strong></span> 
     </span>
     <span class='ocr_line' id='line_1_32' title="bbox 333 3192 3056 3277; baseline 0.001 -22"><span class='ocrx_word' id='word_1_293' title='bbox 333 3194 605 3256; x_wconf 88' lang='lat' dir='ltr'><strong>liceatur.</strong></span> <span class='ocrx_word' id='word_1_294' title='bbox 697 3192 840 3253; x_wconf 84' lang='lat' dir='ltr'><strong>Dixi</strong></span> <span class='ocrx_word' id='word_1_295' title='bbox 888 3193 1028 3273; x_wconf 91' lang='lat' dir='ltr'><strong>quid</strong></span> <span class='ocrx_word' id='word_1_296' title='bbox 1075 3193 1160 3254; x_wconf 91' lang='lat' dir='ltr'><strong>sit</strong></span> <span class='ocrx_word' id='word_1_297' title='bbox 1201 3193 1576 3275; x_wconf 87' lang='lat' dir='ltr'><strong>hypothesis.</strong></span> <span class='ocrx_word' id='word_1_298' title='bbox 1677 3194 1897 3256; x_wconf 88' lang='lat' dir='ltr'><strong>Dicam</strong></span> <span class='ocrx_word' id='word_1_299' title='bbox 1952 3204 2019 3257; x_wconf 93' lang='lat' dir='ltr'><strong>et</strong></span> <span class='ocrx_word' id='word_1_300' title='bbox 2063 3196 2300 3276; x_wconf 89' lang='lat' dir='ltr'><strong>qualem</strong></span> <span class='ocrx_word' id='word_1_301' title='bbox 2346 3213 2485 3257; x_wconf 89' lang='lat' dir='ltr'><strong>esse</strong></span> <span class='ocrx_word' id='word_1_302' title='bbox 2534 3194 2814 3274; x_wconf 85' lang='lat' dir='ltr'><strong>justam</strong></span> <span class='ocrx_word' id='word_1_303' title='bbox 2858 3196 3056 3277; x_wconf 90' lang='lat' dir='ltr'><strong>hypo-</strong></span> 
     </span>
     <span class='ocr_line' id='line_1_33' title="bbox 335 3281 978 3345; baseline -0.006 0"><span class='ocrx_word' id='word_1_304' title='bbox 335 3282 536 3345; x_wconf 86' lang='lat' dir='ltr'><strong>thesin</strong></span> <span class='ocrx_word' id='word_1_305' title='bbox 583 3281 664 3343; x_wconf 90' lang='lat' dir='ltr'><strong>sit</strong></span> <span class='ocrx_word' id='word_1_306' title='bbox 709 3299 978 3343; x_wconf 90' lang='lat' dir='ltr'><strong>necesse.</strong></span> 
     </span>
    </p>

    <p class='ocr_par' dir='ltr' id='par_1_8' title="bbox 309 3368 3057 4959">
     <span class='ocr_line' id='line_1_34' title="bbox 514 3368 3055 3453; baseline 0.002 -20"><span class='ocrx_word' id='word_1_307' title='bbox 514 3368 666 3433; x_wconf 90' lang='lat' dir='ltr'><strong>Cum</strong></span> <span class='ocrx_word' id='word_1_308' title='bbox 715 3370 774 3430; x_wconf 90' lang='lat' dir='ltr'><strong>in</strong></span> <span class='ocrx_word' id='word_1_309' title='bbox 820 3369 985 3432; x_wconf 88' lang='lat' dir='ltr'><strong>omni</strong></span> <span class='ocrx_word' id='word_1_310' title='bbox 1041 3370 1364 3448; x_wconf 87' lang='lat' dir='ltr'><strong>disciplina</strong></span> <span class='ocrx_word' id='word_1_311' title='bbox 1421 3379 1550 3431; x_wconf 91' lang='lat' dir='ltr'><strong>tum</strong></span> <span class='ocrx_word' id='word_1_312' title='bbox 1595 3370 1656 3431; x_wconf 90' lang='lat' dir='ltr'><strong>in</strong></span> <span class='ocrx_word' id='word_1_313' title='bbox 1705 3370 2075 3434; x_wconf 88' lang='lat' dir='ltr'><strong>astronomia</strong></span> <span class='ocrx_word' id='word_1_314' title='bbox 2121 3390 2381 3451; x_wconf 89' lang='lat' dir='ltr'><strong>quoque,</strong></span> <span class='ocrx_word' id='word_1_315' title='bbox 2448 3392 2599 3453; x_wconf 88' lang='lat' dir='ltr'><strong>quae</strong></span> <span class='ocrx_word' id='word_1_316' title='bbox 2647 3372 3055 3437; x_wconf 90' lang='lat' dir='ltr'><strong>concludendo</strong></span> 
     </span>
     <span class='ocr_line' id='line_1_35' title="bbox 336 3458 3055 3549; baseline 0.001 -26"><span class='ocrx_word' id='word_1_317' title='bbox 336 3461 622 3524; x_wconf 90' lang='lat' dir='ltr'><strong>lectorem</strong></span> <span class='ocrx_word' id='word_1_318' title='bbox 670 3459 982 3534; x_wconf 90' lang='lat' dir='ltr'><strong>docemus,</strong></span> <span class='ocrx_word' id='word_1_319' title='bbox 1053 3478 1128 3519; x_wconf 90' lang='lat' dir='ltr'><strong>ea</strong></span> <span class='ocrx_word' id='word_1_320' title='bbox 1173 3458 1334 3520; x_wconf 90' lang='lat' dir='ltr'><strong>serio</strong></span> <span class='ocrx_word' id='word_1_321' title='bbox 1384 3458 1634 3521; x_wconf 84' lang='lat' dir='ltr'><strong>facimus</strong></span> <span class='ocrx_word' id='word_1_322' title='bbox 1654 3506 1670 3533; x_wconf 92' lang='lat'><strong>,</strong></span> <span class='ocrx_word' id='word_1_323' title='bbox 1731 3460 1968 3521; x_wconf 89' lang='lat' dir='ltr'><strong>omnino</strong></span> <span class='ocrx_word' id='word_1_324' title='bbox 2025 3460 2198 3549; x_wconf 79' lang='lat' dir='ltr'><strong>ludos</strong></span> <span class='ocrx_word' id='word_1_325' title='bbox 2254 3480 2371 3523; x_wconf 90' lang='lat' dir='ltr'><strong>non</strong></span> <span class='ocrx_word' id='word_1_326' title='bbox 2422 3460 2747 3540; x_wconf 89' lang='lat' dir='ltr'><strong>agitantes.</strong></span> <span class='ocrx_word' id='word_1_327' title='bbox 2836 3463 3055 3543; x_wconf 89' lang='lat' dir='ltr'><strong>Itaque</strong></span> 
     </span>
     <span class='ocr_line' id='line_1_36' title="bbox 336 3546 3051 3631; baseline 0.001 -20"><span class='ocrx_word' id='word_1_328' title='bbox 336 3548 614 3631; x_wconf 90' lang='lat' dir='ltr'><strong>quicquid</strong></span> <span class='ocrx_word' id='word_1_329' title='bbox 681 3555 776 3609; x_wconf 89' lang='lat' dir='ltr'><strong>est</strong></span> <span class='ocrx_word' id='word_1_330' title='bbox 839 3547 900 3608; x_wconf 91' lang='lat' dir='ltr'><strong>in</strong></span> <span class='ocrx_word' id='word_1_331' title='bbox 959 3546 1184 3609; x_wconf 90' lang='lat' dir='ltr'><strong>nostris</strong></span> <span class='ocrx_word' id='word_1_332' title='bbox 1249 3547 1754 3618; x_wconf 88' lang='lat' dir='ltr'><strong>conclusionibus,</strong></span> <span class='ocrx_word' id='word_1_333' title='bbox 1834 3566 2041 3611; x_wconf 87' lang='lat' dir='ltr'><strong>verum</strong></span> <span class='ocrx_word' id='word_1_334' title='bbox 2107 3567 2242 3611; x_wconf 87' lang='lat' dir='ltr'><strong>esse</strong></span> <span class='ocrx_word' id='word_1_335' title='bbox 2312 3567 2665 3628; x_wconf 89' lang='lat' dir='ltr'><strong>persuasum</strong></span> <span class='ocrx_word' id='word_1_336' title='bbox 2740 3550 3051 3617; x_wconf 87' lang='lat' dir='ltr'><strong>habemus.</strong></span> 
     </span>
     <span class='ocr_line' id='line_1_37' title="bbox 333 3636 3057 3721; baseline 0.001 -22"><span class='ocrx_word' id='word_1_337' title='bbox 333 3638 524 3700; x_wconf 91' lang='lat' dir='ltr'><strong>Porro</strong></span> <span class='ocrx_word' id='word_1_338' title='bbox 569 3644 637 3699; x_wconf 90' lang='lat' dir='ltr'><strong>ut</strong></span> <span class='ocrx_word' id='word_1_339' title='bbox 682 3654 886 3697; x_wconf 85' lang='lat' dir='ltr'><strong>verum</strong></span> <span class='ocrx_word' id='word_1_340' title='bbox 935 3636 1326 3698; x_wconf 83' lang='lat' dir='ltr'><strong>concludatur</strong></span> <span class='ocrx_word' id='word_1_341' title='bbox 1371 3636 1666 3715; x_wconf 86' lang='lat' dir='ltr'><strong>legitime,</strong></span> <span class='ocrx_word' id='word_1_342' title='bbox 1733 3637 2179 3717; x_wconf 88' lang='lat' dir='ltr'><strong>propositiones</strong></span> <span class='ocrx_word' id='word_1_343' title='bbox 2242 3638 2302 3699; x_wconf 89' lang='lat' dir='ltr'><strong>in</strong></span> <span class='ocrx_word' id='word_1_344' title='bbox 2350 3636 2733 3721; x_wconf 82' lang='lat' dir='ltr'><strong>syllogismo,</strong></span> <span class='ocrx_word' id='word_1_345' title='bbox 2801 3639 2913 3701; x_wconf 90' lang='lat' dir='ltr'><strong>hoc</strong></span> <span class='ocrx_word' id='word_1_346' title='bbox 2958 3648 3057 3703; x_wconf 89' lang='lat' dir='ltr'><strong>est</strong></span> 
     </span>
     <span class='ocr_line' id='line_1_38' title="bbox 335 3726 3051 3807; baseline 0 -19"><span class='ocrx_word' id='word_1_347' title='bbox 335 3726 702 3807; x_wconf 85' lang='lat' dir='ltr'><strong>hypotheses</strong></span> <span class='ocrx_word' id='word_1_348' title='bbox 748 3744 925 3785; x_wconf 87' lang='lat' dir='ltr'><strong>veras</strong></span> <span class='ocrx_word' id='word_1_349' title='bbox 974 3744 1110 3785; x_wconf 90' lang='lat' dir='ltr'><strong>esse</strong></span> <span class='ocrx_word' id='word_1_350' title='bbox 1160 3742 1408 3785; x_wconf 87' lang='lat' dir='ltr'><strong>necesse</strong></span> <span class='ocrx_word' id='word_1_351' title='bbox 1457 3733 1570 3788; x_wconf 90' lang='lat' dir='ltr'><strong>est.</strong></span> <span class='ocrx_word' id='word_1_352' title='bbox 1665 3726 1818 3787; x_wconf 89' lang='lat' dir='ltr'><strong>Tum</strong></span> <span class='ocrx_word' id='word_1_353' title='bbox 1864 3726 2103 3787; x_wconf 83' lang='lat' dir='ltr'><strong>demum</strong></span> <span class='ocrx_word' id='word_1_354' title='bbox 2150 3726 2305 3787; x_wconf 86' lang='lat' dir='ltr'><strong>enim</strong></span> <span class='ocrx_word' id='word_1_355' title='bbox 2351 3727 2465 3787; x_wconf 88' lang='lat' dir='ltr'><strong>fine</strong></span> <span class='ocrx_word' id='word_1_356' title='bbox 2512 3734 2719 3789; x_wconf 90' lang='lat' dir='ltr'><strong>nostro</strong></span> <span class='ocrx_word' id='word_1_357' title='bbox 2766 3727 3051 3807; x_wconf 85' lang='lat' dir='ltr'><strong>potimur,</strong></span> 
     </span>
     <span class='ocr_line' id='line_1_39' title="bbox 335 3814 3055 3897; baseline 0.001 -21"><span class='ocrx_word' id='word_1_358' title='bbox 335 3826 402 3876; x_wconf 89' lang='lat' dir='ltr'><strong>ut</strong></span> <span class='ocrx_word' id='word_1_359' title='bbox 445 3834 654 3877; x_wconf 76' lang='lat' dir='ltr'><strong>verum</strong></span> <span class='ocrx_word' id='word_1_360' title='bbox 701 3814 910 3876; x_wconf 87' lang='lat' dir='ltr'><strong>lectori</strong></span> <span class='ocrx_word' id='word_1_361' title='bbox 957 3814 1377 3888; x_wconf 85' lang='lat' dir='ltr'><strong>ostendamus,</strong></span> <span class='ocrx_word' id='word_1_362' title='bbox 1427 3832 1560 3875; x_wconf 88' lang='lat' dir='ltr'><strong>cum</strong></span> <span class='ocrx_word' id='word_1_363' title='bbox 1605 3814 1961 3895; x_wconf 85' lang='lat' dir='ltr'><strong>hypothesis</strong></span> <span class='ocrx_word' id='word_1_364' title='bbox 2008 3822 2265 3894; x_wconf 88' lang='lat' dir='ltr'><strong>utraque</strong></span> <span class='ocrx_word' id='word_1_365' title='bbox 2306 3814 2682 3895; x_wconf 88' lang='lat' dir='ltr'><strong>undiquaque</strong></span> <span class='ocrx_word' id='word_1_366' title='bbox 2729 3834 2873 3878; x_wconf 88' lang='lat' dir='ltr'><strong>vera</strong></span> <span class='ocrx_word' id='word_1_367' title='bbox 2919 3816 3055 3897; x_wconf 86' lang='lat' dir='ltr'><strong>lege</strong></span> 
     </span>
     <span class='ocr_line' id='line_1_40' title="bbox 337 3902 3053 3985; baseline 0.001 -20"><span class='ocrx_word' id='word_1_368' title='bbox 337 3903 714 3985; x_wconf 88' lang='lat' dir='ltr'><strong>syllogistica</strong></span> <span class='ocrx_word' id='word_1_369' title='bbox 777 3902 838 3963; x_wconf 94' lang='lat' dir='ltr'><strong>in</strong></span> <span class='ocrx_word' id='word_1_370' title='bbox 895 3902 1339 3965; x_wconf 88' lang='lat' dir='ltr'><strong>conclusionem</strong></span> <span class='ocrx_word' id='word_1_371' title='bbox 1394 3903 1626 3965; x_wconf 90' lang='lat' dir='ltr'><strong>directa</strong></span> <span class='ocrx_word' id='word_1_372' title='bbox 1682 3903 1881 3965; x_wconf 89' lang='lat' dir='ltr'><strong>fuerit.</strong></span> <span class='ocrx_word' id='word_1_373' title='bbox 1974 3903 2066 3965; x_wconf 88' lang='lat' dir='ltr'><strong>At</strong></span> <span class='ocrx_word' id='word_1_374' title='bbox 2130 3903 2182 3965; x_wconf 91' lang='lat' dir='ltr'><strong>si</strong></span> <span class='ocrx_word' id='word_1_375' title='bbox 2244 3922 2409 3967; x_wconf 86' lang='lat' dir='ltr'><strong>error</strong></span> <span class='ocrx_word' id='word_1_376' title='bbox 2472 3905 2569 3967; x_wconf 90' lang='lat' dir='ltr'><strong>vel</strong></span> <span class='ocrx_word' id='word_1_377' title='bbox 2623 3903 2683 3966; x_wconf 89' lang='lat' dir='ltr'><strong>in</strong></span> <span class='ocrx_word' id='word_1_378' title='bbox 2739 3912 3053 3985; x_wconf 82' lang='lat' dir='ltr'><strong>utramque</strong></span> 
     </span>
     <span class='ocr_line' id='line_1_41' title="bbox 335 3991 3054 4073; baseline 0.001 -20"><span class='ocrx_word' id='word_1_379' title='bbox 335 3994 434 4054; x_wconf 83' lang='lat' dir='ltr'><strong>vel</strong></span> <span class='ocrx_word' id='word_1_380' title='bbox 481 3992 540 4053; x_wconf 88' lang='lat' dir='ltr'><strong>in</strong></span> <span class='ocrx_word' id='word_1_381' title='bbox 591 3992 948 4061; x_wconf 81' lang='lat' dir='ltr'><strong>alterutram</strong></span> <span class='ocrx_word' id='word_1_382' title='bbox 991 3991 1463 4071; x_wconf 87' lang='lat' dir='ltr'><strong>praemissarum</strong></span> <span class='ocrx_word' id='word_1_383' title='bbox 1511 3991 1933 4073; x_wconf 87' lang='lat' dir='ltr'><strong>hypothesium</strong></span> <span class='ocrx_word' id='word_1_384' title='bbox 1980 3992 2307 4073; x_wconf 88' lang='lat' dir='ltr'><strong>irrepserit,</strong></span> <span class='ocrx_word' id='word_1_385' title='bbox 2355 3992 2475 4055; x_wconf 89' lang='lat' dir='ltr'><strong>etsi</strong></span> <span class='ocrx_word' id='word_1_386' title='bbox 2520 4010 2727 4056; x_wconf 88' lang='lat' dir='ltr'><strong>verum</strong></span> <span class='ocrx_word' id='word_1_387' title='bbox 2754 3992 3054 4055; x_wconf 85' lang='lat' dir='ltr'><strong>interdum</strong></span> 
     </span>
     <span class='ocr_line' id='line_1_42' title="bbox 335 4079 3053 4162; baseline 0 -19"><span class='ocrx_word' id='word_1_388' title='bbox 335 4082 396 4143; x_wconf 91' lang='lat' dir='ltr'><strong>in</strong></span> <span class='ocrx_word' id='word_1_389' title='bbox 443 4080 822 4143; x_wconf 89' lang='lat' dir='ltr'><strong>conclusione</strong></span> <span class='ocrx_word' id='word_1_390' title='bbox 871 4081 1163 4159; x_wconf 89' lang='lat' dir='ltr'><strong>sequitur,</strong></span> <span class='ocrx_word' id='word_1_391' title='bbox 1214 4080 1274 4141; x_wconf 92' lang='lat' dir='ltr'><strong>id</strong></span> <span class='ocrx_word' id='word_1_392' title='bbox 1321 4086 1546 4157; x_wconf 79' lang='lat' dir='ltr'><strong>tamen,</strong></span> <span class='ocrx_word' id='word_1_393' title='bbox 1597 4089 1664 4142; x_wconf 91' lang='lat' dir='ltr'><strong>ut</strong></span> <span class='ocrx_word' id='word_1_394' title='bbox 1698 4080 1833 4159; x_wconf 88' lang='lat' dir='ltr'><strong>jam</strong></span> <span class='ocrx_word' id='word_1_395' title='bbox 1878 4080 2109 4159; x_wconf 85' lang='lat' dir='ltr'><strong>pridem</strong></span> <span class='ocrx_word' id='word_1_396' title='bbox 2147 4079 2299 4161; x_wconf 87' lang='lat' dir='ltr'><strong>Cap.</strong></span> <span class='ocrx_word' id='word_1_397' title='bbox 2358 4080 2411 4143; x_wconf 89' lang='lat'><strong>1.</strong></span> <span class='ocrx_word' id='word_1_398' title='bbox 2461 4082 2581 4145; x_wconf 91' lang='lat' dir='ltr'><strong>mei</strong></span> <span class='ocrx_word' id='word_1_399' title='bbox 2626 4082 2817 4162; x_wconf 88' lang='lat' dir='ltr'><strong>Myst.</strong></span> <span class='ocrx_word' id='word_1_400' title='bbox 2852 4080 3053 4145; x_wconf 86' lang='lat' dir='ltr'><strong>Cosm.</strong></span> 
     </span>
     <span class='ocr_line' id='line_1_43' title="bbox 309 4167 3053 4250; baseline 0.001 -19"><span class='ocrx_word' id='word_1_401' title='bbox 309 4169 634 4249; x_wconf 63' lang='lat' dir='ltr'><strong>allegavi,</strong></span> <span class='ocrx_word' id='word_1_402' title='bbox 686 4168 933 4229; x_wconf 87' lang='lat' dir='ltr'><strong>fortuito</strong></span> <span class='ocrx_word' id='word_1_403' title='bbox 981 4168 1066 4242; x_wconf 84' lang='lat' dir='ltr'><strong>fit,</strong></span> <span class='ocrx_word' id='word_1_404' title='bbox 1116 4187 1226 4230; x_wconf 89' lang='lat' dir='ltr'><strong>nec</strong></span> <span class='ocrx_word' id='word_1_405' title='bbox 1273 4186 1536 4249; x_wconf 87' lang='lat' dir='ltr'><strong>semper,</strong></span> <span class='ocrx_word' id='word_1_406' title='bbox 1595 4167 1704 4230; x_wconf 88' lang='lat' dir='ltr'><strong>sed</strong></span> <span class='ocrx_word' id='word_1_407' title='bbox 1757 4178 1886 4231; x_wconf 89' lang='lat' dir='ltr'><strong>tum</strong></span> <span class='ocrx_word' id='word_1_408' title='bbox 1940 4168 2178 4233; x_wconf 89' lang='lat' dir='ltr'><strong>demum</strong></span> <span class='ocrx_word' id='word_1_409' title='bbox 2235 4190 2368 4233; x_wconf 88' lang='lat' dir='ltr'><strong>cum</strong></span> <span class='ocrx_word' id='word_1_410' title='bbox 2414 4188 2580 4233; x_wconf 89' lang='lat' dir='ltr'><strong>error</strong></span> <span class='ocrx_word' id='word_1_411' title='bbox 2623 4170 3053 4250; x_wconf 84' lang='lat' dir='ltr'><strong>propositionis</strong></span> 
     </span>
     <span class='ocr_line' id='line_1_44' title="bbox 335 4256 3048 4336; baseline 0.001 -17"><span class='ocrx_word' id='word_1_412' title='bbox 335 4258 509 4321; x_wconf 89' lang='lat' dir='ltr'><strong>unius</strong></span> <span class='ocrx_word' id='word_1_413' title='bbox 575 4256 836 4319; x_wconf 90' lang='lat' dir='ltr'><strong>occurrit</strong></span> <span class='ocrx_word' id='word_1_414' title='bbox 899 4264 1114 4336; x_wconf 91' lang='lat' dir='ltr'><strong>aptae,</strong></span> <span class='ocrx_word' id='word_1_415' title='bbox 1181 4256 1279 4317; x_wconf 85' lang='lat' dir='ltr'><strong>vel</strong></span> <span class='ocrx_word' id='word_1_416' title='bbox 1339 4276 1518 4319; x_wconf 87' lang='lat' dir='ltr'><strong>verae</strong></span> <span class='ocrx_word' id='word_1_417' title='bbox 1577 4259 1674 4319; x_wconf 83' lang='lat' dir='ltr'><strong>vel</strong></span> <span class='ocrx_word' id='word_1_418' title='bbox 1737 4257 1961 4332; x_wconf 86' lang='lat' dir='ltr'><strong>falsae,</strong></span> <span class='ocrx_word' id='word_1_419' title='bbox 2028 4257 2209 4320; x_wconf 88' lang='lat' dir='ltr'><strong>alteri</strong></span> <span class='ocrx_word' id='word_1_420' title='bbox 2266 4258 2345 4320; x_wconf 87' lang='lat' dir='ltr'><strong>ad</strong></span> <span class='ocrx_word' id='word_1_421' title='bbox 2400 4276 2607 4321; x_wconf 87' lang='lat' dir='ltr'><strong>verum</strong></span> <span class='ocrx_word' id='word_1_422' title='bbox 2672 4260 3048 4326; x_wconf 76' lang='lat' dir='ltr'><strong>eliciendum.</strong></span> 
     </span>
     <span class='ocr_line' id='line_1_45' title="bbox 334 4344 3053 4427; baseline 0.001 -18"><span class='ocrx_word' id='word_1_423' title='bbox 334 4346 614 4426; x_wconf 87' lang='lat' dir='ltr'><strong>Exempli</strong></span> <span class='ocrx_word' id='word_1_424' title='bbox 662 4346 794 4407; x_wconf 91' lang='lat' dir='ltr'><strong>loco</strong></span> <span class='ocrx_word' id='word_1_425' title='bbox 842 4345 1220 4407; x_wconf 88' lang='lat' dir='ltr'><strong>latitudinem</strong></span> <span class='ocrx_word' id='word_1_426' title='bbox 1267 4345 1477 4409; x_wconf 89' lang='lat' dir='ltr'><strong>Lunae</strong></span> <span class='ocrx_word' id='word_1_427' title='bbox 1527 4344 1897 4425; x_wconf 86' lang='lat' dir='ltr'><strong>Copernicus</strong></span> <span class='ocrx_word' id='word_1_428' title='bbox 1926 4346 2239 4425; x_wconf 89' lang='lat' dir='ltr'><strong>supposuit</strong></span> <span class='ocrx_word' id='word_1_429' title='bbox 2276 4367 2393 4411; x_wconf 90' lang='lat' dir='ltr'><strong>non</strong></span> <span class='ocrx_word' id='word_1_430' title='bbox 2422 4356 2525 4409; x_wconf 91' lang='lat' dir='ltr'><strong>sat</strong></span> <span class='ocrx_word' id='word_1_431' title='bbox 2558 4366 2871 4427; x_wconf 81' lang='lat' dir='ltr'><strong>magnam3</strong></span> <span class='ocrx_word' id='word_1_432' title='bbox 2917 4349 3053 4413; x_wconf 81' lang='lat' dir='ltr'><strong>visa</strong></span> 
     </span>
     <span class='ocr_line' id='line_1_46' title="bbox 335 4432 3053 4517; baseline 0.001 -20"><span class='ocrx_word' id='word_1_433' title='bbox 335 4444 436 4499; x_wconf 87' lang='lat' dir='ltr'><strong>est</strong></span> <span class='ocrx_word' id='word_1_434' title='bbox 478 4436 586 4497; x_wconf 83' lang='lat' dir='ltr'><strong>illa</strong></span> <span class='ocrx_word' id='word_1_435' title='bbox 611 4435 776 4512; x_wconf 59' lang='lat' dir='ltr'><strong>,olim</strong></span> <span class='ocrx_word' id='word_1_436' title='bbox 821 4453 924 4496; x_wconf 89' lang='lat' dir='ltr'><strong>cor</strong></span> <span class='ocrx_word' id='word_1_437' title='bbox 972 4434 1190 4512; x_wconf 81' lang='lat' dir='ltr'><strong>scorpii</strong></span> <span class='ocrx_word' id='word_1_438' title='bbox 1219 4439 1448 4512; x_wconf 89' lang='lat' dir='ltr'><strong>tegere.</strong></span> <span class='ocrx_word' id='word_1_439' title='bbox 1545 4432 1915 4513; x_wconf 88' lang='lat' dir='ltr'><strong>Copernicus</strong></span> <span class='ocrx_word' id='word_1_440' title='bbox 1962 4436 2125 4497; x_wconf 85' lang='lat' dir='ltr'><strong>falsa</strong></span> <span class='ocrx_word' id='word_1_441' title='bbox 2180 4435 2293 4497; x_wconf 89' lang='lat' dir='ltr'><strong>hac</strong></span> <span class='ocrx_word' id='word_1_442' title='bbox 2333 4435 2679 4505; x_wconf 82' lang='lat' dir='ltr'><strong>latitudiuis</strong></span> <span class='ocrx_word' id='word_1_443' title='bbox 2730 4437 3053 4517; x_wconf 82' lang='lat' dir='ltr'><strong>hypothesi</strong></span> 
     </span>
     <span class='ocr_line' id='line_1_47' title="bbox 339 4522 3053 4603; baseline 0.001 -16"><span class='ocrx_word' id='word_1_444' title='bbox 339 4524 604 4603; x_wconf 88' lang='lat' dir='ltr'><strong>conjecit</strong></span> <span class='ocrx_word' id='word_1_445' title='bbox 637 4531 860 4597; x_wconf 88' lang='lat' dir='ltr'><strong>tamen,</strong></span> <span class='ocrx_word' id='word_1_446' title='bbox 912 4541 984 4583; x_wconf 91' lang='lat' dir='ltr'><strong>eo</strong></span> <span class='ocrx_word' id='word_1_447' title='bbox 1013 4530 1283 4601; x_wconf 90' lang='lat' dir='ltr'><strong>tempore</strong></span> <span class='ocrx_word' id='word_1_448' title='bbox 1332 4522 1670 4602; x_wconf 87' lang='lat' dir='ltr'><strong>oportuisse</strong></span> <span class='ocrx_word' id='word_1_449' title='bbox 1719 4522 1845 4601; x_wconf 88' lang='lat' dir='ltr'><strong>tegi</strong></span> <span class='ocrx_word' id='word_1_450' title='bbox 1894 4523 2137 4587; x_wconf 86' lang='lat' dir='ltr'><strong>stellam</strong></span> <span class='ocrx_word' id='word_1_451' title='bbox 2182 4544 2223 4588; x_wconf 82' lang='lat' dir='ltr'><strong>a</strong></span> <span class='ocrx_word' id='word_1_452' title='bbox 2249 4524 2443 4591; x_wconf 87' lang='lat' dir='ltr'><strong>Luna.</strong></span> <span class='ocrx_word' id='word_1_453' title='bbox 2536 4522 2663 4588; x_wconf 84' lang='lat' dir='ltr'><strong>Sed</strong></span> <span class='ocrx_word' id='word_1_454' title='bbox 2700 4524 2859 4592; x_wconf 84' lang='lat' dir='ltr'><strong>alter</strong></span> <span class='ocrx_word' id='word_1_455' title='bbox 2884 4544 3053 4589; x_wconf 86' lang='lat' dir='ltr'><strong>error</strong></span> 
     </span>
     <span class='ocr_line' id='line_1_48' title="bbox 335 4610 3049 4695; baseline 0 -18"><span class='ocrx_word' id='word_1_456' title='bbox 335 4612 636 4677; x_wconf 87' lang='lat' dir='ltr'><strong>accessit:</strong></span> <span class='ocrx_word' id='word_1_457' title='bbox 709 4612 1000 4673; x_wconf 87' lang='lat' dir='ltr'><strong>assumsit</strong></span> <span class='ocrx_word' id='word_1_458' title='bbox 1061 4611 1220 4672; x_wconf 88' lang='lat' dir='ltr'><strong>enim</strong></span> <span class='ocrx_word' id='word_1_459' title='bbox 1275 4610 1658 4675; x_wconf 89' lang='lat' dir='ltr'><strong>latitudinem</strong></span> <span class='ocrx_word' id='word_1_460' title='bbox 1713 4611 1932 4673; x_wconf 89' lang='lat' dir='ltr'><strong>stellae</strong></span> <span class='ocrx_word' id='word_1_461' title='bbox 1992 4619 2163 4675; x_wconf 89' lang='lat' dir='ltr'><strong>tanto</strong></span> <span class='ocrx_word' id='word_1_462' title='bbox 2220 4613 2513 4675; x_wconf 86' lang='lat' dir='ltr'><strong>minorem</strong></span> <span class='ocrx_word' id='word_1_463' title='bbox 2564 4613 2757 4693; x_wconf 81' lang='lat' dir='ltr'><strong>justo,</strong></span> <span class='ocrx_word' id='word_1_464' title='bbox 2826 4621 3049 4695; x_wconf 88' lang='lat' dir='ltr'><strong>quanto</strong></span> 
     </span>
     <span class='ocr_line' id='line_1_49' title="bbox 311 4690 3047 4782; baseline 0.001 -17"><span class='ocrx_word' id='word_1_465' title='bbox 311 4690 528 4766; x_wconf 73' lang='lat' dir='ltr'><strong>&#39;minor</strong></span> <span class='ocrx_word' id='word_1_466' title='bbox 565 4701 734 4781; x_wconf 86' lang='lat' dir='ltr'><strong>justo</strong></span> <span class='ocrx_word' id='word_1_467' title='bbox 781 4700 1036 4763; x_wconf 88' lang='lat' dir='ltr'><strong>latitudo</strong></span> <span class='ocrx_word' id='word_1_468' title='bbox 1083 4700 1292 4761; x_wconf 89' lang='lat' dir='ltr'><strong>Lunae</strong></span> <span class='ocrx_word' id='word_1_469' title='bbox 1339 4700 1674 4762; x_wconf 88' lang='lat' dir='ltr'><strong>constituta</strong></span> <span class='ocrx_word' id='word_1_470' title='bbox 1719 4700 1939 4762; x_wconf 84' lang='lat' dir='ltr'><strong>fuerat.</strong></span> <span class='ocrx_word' id='word_1_471' title='bbox 2031 4700 2265 4782; x_wconf 86' lang='lat' dir='ltr'><strong>Atque,</strong></span> <span class='ocrx_word' id='word_1_472' title='bbox 2326 4708 2396 4763; x_wconf 89' lang='lat' dir='ltr'><strong>ut</strong></span> <span class='ocrx_word' id='word_1_473' title='bbox 2440 4700 2501 4762; x_wconf 88' lang='lat' dir='ltr'><strong>iu</strong></span> <span class='ocrx_word' id='word_1_474' title='bbox 2545 4700 2863 4780; x_wconf 83' lang='lat' dir='ltr'><strong>proverbio</strong></span> <span class='ocrx_word' id='word_1_475' title='bbox 2908 4722 3047 4767; x_wconf 82' lang='lat' dir='ltr'><strong>mo-</strong></span> 
     </span>
     <span class='ocr_line' id='line_1_50' title="bbox 336 4787 3051 4877; baseline 0.001 -24"><span class='ocrx_word' id='word_1_476' title='bbox 336 4799 556 4853; x_wconf 89' lang='lat' dir='ltr'><strong>nentur</strong></span> <span class='ocrx_word' id='word_1_477' title='bbox 599 4790 922 4851; x_wconf 89' lang='lat' dir='ltr'><strong>mendaces</strong></span> <span class='ocrx_word' id='word_1_478' title='bbox 968 4796 1038 4849; x_wconf 89' lang='lat' dir='ltr'><strong>ut</strong></span> <span class='ocrx_word' id='word_1_479' title='bbox 1082 4789 1210 4851; x_wconf 87' lang='lat' dir='ltr'><strong>sint.</strong></span> <span class='ocrx_word' id='word_1_480' title='bbox 1252 4806 1546 4851; x_wconf 87' lang='lat' dir='ltr'><strong>memores</strong></span> <span class='ocrx_word' id='word_1_481' title='bbox 1567 4834 1586 4861; x_wconf 93' lang='lat'><strong>,</strong></span> <span class='ocrx_word' id='word_1_482' title='bbox 1650 4789 1740 4849; x_wconf 83' lang='lat' dir='ltr'><strong>ita</strong></span> <span class='ocrx_word' id='word_1_483' title='bbox 1785 4787 1881 4850; x_wconf 88' lang='lat' dir='ltr'><strong>hic</strong></span> <span class='ocrx_word' id='word_1_484' title='bbox 1928 4789 2121 4877; x_wconf 70' lang='lat' dir='ltr'><strong>falsae</strong></span> <span class='ocrx_word' id='word_1_485' title='bbox 2169 4790 2571 4871; x_wconf 88' lang='lat' dir='ltr'><strong>hypotheses,</strong></span> <span class='ocrx_word' id='word_1_486' title='bbox 2616 4808 2825 4851; x_wconf 85' lang='lat' dir='ltr'><strong>verum</strong></span> <span class='ocrx_word' id='word_1_487' title='bbox 2870 4792 3051 4855; x_wconf 88' lang='lat' dir='ltr'><strong>simul</strong></span> 
     </span>
     <span class='ocr_line' id='line_1_51' title="bbox 339 4876 3047 4959; baseline 0.001 -16"><span class='ocrx_word' id='word_1_488' title='bbox 339 4880 590 4945; x_wconf 81' lang='lat' dir='ltr'><strong>fortuito</strong></span> <span class='ocrx_word' id='word_1_489' title='bbox 639 4878 1064 4951; x_wconf 88' lang='lat' dir='ltr'><strong>conducentes,</strong></span> <span class='ocrx_word' id='word_1_490' title='bbox 1109 4876 1174 4939; x_wconf 91' lang='lat' dir='ltr'><strong>in</strong></span> <span class='ocrx_word' id='word_1_491' title='bbox 1217 4894 1546 4957; x_wconf 82' lang='lat' dir='ltr'><strong>progressu</strong></span> <span class='ocrx_word' id='word_1_492' title='bbox 1590 4878 2149 4955; x_wconf 76' lang='lat' dir='ltr'><strong>demonstrationis,</strong></span> <span class='ocrx_word' id='word_1_493' title='bbox 2198 4878 2299 4939; x_wconf 90' lang='lat' dir='ltr'><strong>ubi</strong></span> <span class='ocrx_word' id='word_1_494' title='bbox 2336 4878 2475 4941; x_wconf 87' lang='lat' dir='ltr'><strong>aliis</strong></span> <span class='ocrx_word' id='word_1_495' title='bbox 2520 4884 2701 4959; x_wconf 89' lang='lat' dir='ltr'><strong>atque</strong></span> <span class='ocrx_word' id='word_1_496' title='bbox 2730 4879 2869 4943; x_wconf 88' lang='lat' dir='ltr'><strong>aliis</strong></span> <span class='ocrx_word' id='word_1_497' title='bbox 2910 4881 3047 4945; x_wconf 84' lang='lat' dir='ltr'><strong>fue-</strong></span> 
     </span>
    </p>
   </div>
  </div>
 </body>
</html>
