3634 5575
1595 403 1920 456 Prooemium.
2129 416 2134 427 '
2160 403 2172 420 ⁸
2980 411 3110 478 293

403 576 472 620 so
517 557 810 633 nandech,
861 557 1007 620 dass
1054 557 1407 622 deroselben
1455 579 1527 623 zu
1573 562 1732 624 ihrer
1759 553 1957 625 selbst
1984 565 2305 626 Frommen
2353 565 2519 628 diese
2552 566 2677 630 alte
2714 543 3107 650 verstandige

398 645 656 720 Mutter,
725 646 822 708 die
871 645 1270 709 Astronomia
1326 649 1512 711 durch
1560 651 1666 712 der
1713 651 1978 716 Tochter
2021 652 2515 736 Narrenteyung,
2582 657 2715 718 weil
2776 657 2861 718 sie
2908 661 3105 722 zumal

394 734 549 796 auch
611 734 783 796 einen
831 733 1076 818 Spiegel
1133 736 1265 811 hat,
1333 756 1444 798 nur
1499 739 1970 818 eingeschwatzt
2023 741 2143 801 vud
2200 742 2552 822 eingelogen
2610 745 2848 807 werden
2916 766 3099 812 muss.
3218 799 3226 804 .

397 822 540 883 Vnd
584 823 775 905 seynd
820 829 1068 884 sonsten
1115 823 1222 884 der
1269 825 1841 889 Mathematicorum
1897 829 2123 890 salaria
2170 849 2237 890 so
2285 831 2541 892 seltzam
2587 833 2707 893 vnd
2755 852 2823 895 so
2870 833 3099 914 gering,

393 910 540 972 dass
585 909 682 972 die
727 911 961 973 Mutter
1005 912 1345 990 gewisslich
1396 914 1640 993 Hunger
1685 916 1899 994 leydeu
1948 923 2204 991 miisste,
2264 936 2393 979 wan
2444 919 2541 980 die
2589 920 2853 982 Tochter
2900 923 3099 984 nichts

393 1001 660 1061 erwiirbe
708 999 816 1061 Sto.
870 997 1112 1079 (Comp.
1163 1000 1378 1063 librum
1424 1001 1498 1062 de
1546 1001 1745 1064 Stella
1791 1021 1949 1064 nova
1996 1003 2148 1083 Cap.
2198 1005 2357 1068 XIL-
2390 1007 2500 1067 sub
2547 1006 2724 1068 finem
2780 1016 2844 1069 et
2890 1018 3095 1072 annot.

395 1095 662 1149 nostram
708 1087 864 1149 infra
912 1084 1262 1169 sequentem
1307 1089 1454 1152 Nro.
1511 1087 1644 1164 10.)
1735 1091 1910 1162 Etsi,
1968 1101 2036 1154 ut
2080 1093 2230 1172 haec
2278 1100 2586 1155 testantur
2624 1095 2841 1170 verba,
2890 1098 3103 1176 priva-

295 1203 304 1210 -
394 1175 506 1236 tim
553 1183 618 1237 et
662 1176 897 1255 publice
947 1195 1062 1237 non
1105 1177 1353 1239 multum
1389 1178 1694 1240 tribuebat
1720 1178 2022 1258 Keplerus
2060 1181 2453 1263 astrologiae,
2504 1183 2581 1242 ob
2621 1202 2729 1245 eas
2756 1203 2906 1266 quas
2936 1185 3099 1248 dixi-

391 1282 523 1325 mus
577 1283 800 1326 causas
865 1283 1018 1345 quae
1065 1265 1284 1326 rationi
1350 1266 1542 1328 minus
1589 1267 1893 1329 contraria
1956 1268 2303 1330 viderentur
2355 1288 2430 1330 ex
2497 1271 2601 1331 illa
2648 1270 2967 1347 desumsit,
3037 1281 3101 1334 et

393 1351 508 1413 sibi
553 1352 670 1430 ipsi
726 1352 978 1432 aliisque
1039 1353 1383 1432 acceptiora
1437 1355 1686 1416 reddere
1740 1355 1967 1434 passim
2016 1364 2268 1418 conatus
2315 1367 2412 1418 est
2467 1376 2599 1420 cum
2646 1358 2839 1420 literis
2883 1360 3096 1441 priva-

391 1437 492 1514 tis,
540 1447 667 1502 tum
713 1441 884 1503 libris
930 1441 989 1502 in
1035 1443 1250 1518 vulgus
1298 1442 1496 1514 editis,
1545 1443 1865 1522 praecipue
1912 1444 2059 1517 inis,
2120 1463 2269 1526 quos
2317 1465 2498 1526 supra
2544 1447 2821 1519 diximus,
2866 1450 3096 1512 Astro-

392 1527 590 1608 logiae
637 1529 1071 1604 fundamentis,
1130 1529 1282 1592 libro
1330 1531 1404 1592 de
1452 1531 1634 1592 stella
1681 1531 1818 1593 anni
1873 1527 2041 1596 1604
2088 1541 2153 1594 et
2196 1534 2401 1595 Tertio
2464 1535 2933 1599 Interveniente.
3026 1539 3097 1600 In

394 1616 588 1678 literis
631 1617 913 1698 privatis,
963 1617 1282 1697 praecipue
1329 1617 1433 1694 iis,
1466 1638 1616 1700 quas
1664 1620 1739 1680 ad
1787 1619 2151 1682 Davidem
2198 1620 2611 1686 Fabricium
2658 1624 2841 1699 dedit,
2904 1626 3099 1687 multa

390 1704 910 1783 deprehendimus,
955 1725 1108 1786 quae
1153 1706 1268 1771 hnc
1311 1707 1640 1787 pertinent,
1692 1727 1872 1790 quam
1900 1709 1995 1770 -ob
2040 1728 2169 1770 rem
2215 1709 2327 1771 has
2367 1708 2749 1773 calendariis
2796 1714 3093 1792 praemit-

385 1793 574 1854 tenda
617 1812 949 1856 censemus.
1045 1793 1196 1858 Cum
1244 1802 1444 1858 autem
1489 1795 1548 1856 in
1598 1795 1719 1858 illis
1767 1797 1925 1858 sicut
1970 1797 2157 1860 etiam
2204 1798 2265 1858 in
2314 1797 2693 1862 calendariis
2748 1801 2939 1864 multa
2994 1801 3093 1862 in-
3148 1867 3155 1874 ,

385 1881 530 1954 sint,
578 1900 728 1961 quae
777 1901 932 1944 nunc
977 1882 1106 1946 sine
1137 1883 1536 1962 explicatione
1570 1903 1750 1963 aegre
1777 1885 2222 1966 intelligantur,
2271 1885 2365 1948 his·
2394 1887 2501 1949 illa
2536 1888 2895 1951 illustranda
2930 1896 3090 1952 sunt.

560 1969 876 2049 Astrologi
925 1971 1168 2052 quidam
1213 1971 1541 2048 horizontis
1589 1973 1876 2035 circulum
1921 1973 1981 2035 iu
2037 1972 2117 2036 12
2148 1975 2433 2055 aequales
2480 1982 2688 2054 partes
2735 1975 3089 2049 diviserunt,

385 2056 554 2120 initio
603 2059 766 2120 facto
814 2080 851 2120 a
899 2067 1118 2139 puncto
1165 2059 1416 2121 orientis
1463 2059 1627 2122 Solis
1675 2061 2037 2140 aequinoctii
2094 2071 2387 2140 tempore.
2482 2060 2709 2123 Cir-culi
2763 2064 3091 2126 verticales

383 2164 490 2225 per
535 2146 890 2209 divisionum
945 2155 1170 2226 puncta
1223 2148 1484 2209 traducti
1547 2153 1740 2210 totum
1787 2149 1940 2210 coeli
1997 2149 2501 2229 hemisphaerium
2556 2149 2615 2210 iu
2680 2147 2760 2211 12
2817 2157 3087 2214 sectores

385 2232 678 2310 dividunt,
730 2254 880 2314 quas
928 2237 1178 2298 domos
1227 2236 1526 2297 coelestes
1572 2243 1811 2300 vocant.
1908 2236 2031 2298 Alii
2078 2237 2453 2299 constituunt
2507 2238 2618 2298 has
2667 2237 2877 2299 domus
2924 2239 3085 2299 divi-

382 2321 582 2383 dendo
625 2323 936 2385 zodiacum
995 2343 1104 2404 per
1158 2322 1412 2384 circulos
1471 2323 1883 2392 latitudinum,
1952 2324 2055 2385 alii
2115 2323 2436 2386 dividendo
2498 2333 2917 2405 aequatorem,
2984 2327 3088 2390 alii

384 2409 640 2489 denique
699 2411 980 2473 circulum
1026 2411 1379 2472 verticalem
1436 2429 1544 2490 per
1591 2421 1785 2472 ortum
1833 2419 1897 2472 et
1943 2429 2224 2474 occasum
2272 2413 2773 2491 aequinoctialem
2822 2415 3086 2478 ductum.

383 2496 922 2560 Denomiuationes
969 2507 1032 2562 et
1078 2499 1550 2577 significationes
1596 2500 1805 2560 harum
1838 2499 2205 2574 „domuum“
2250 2501 2365 2561 hae
2394 2508 2533 2563 sunt
2562 2503 2889 2563 secundum
2921 2500 3089 2564 Ori-

382 2604 704 2664 ganum:
763 2587 808 2649 Ι.
855 2585 1214 2649 Ascendens
1275 2605 1382 2649 seu
1428 2587 1846 2666 Horoscopus3
1906 2587 2114 2650 domus
2162 2587 2343 2649 vitae.
2441 2590 2519 2651 ΙΙ.
2570 2590 2932 2651 Divitiarum
2980 2609 3087 2650 seu

377 2681 590 2752 portae
635 2674 924 2736 infernae.
1015 2676 1124 2737 ΙΙΙ.
1173 2676 1454 2736 Fratrum
1499 2695 1608 2737 seu
1653 2693 1943 2750 sororum,
1976 2695 2083 2740 seu
2122 2676 2342 2740 divina.
2436 2677 2550 2739 IV.
2597 2678 2943 2751 Parentum,
2980 2695 3087 2740 seu

381 2760 564 2823 imum
594 2761 764 2824 coeli.
861 2763 940 2825 V.
991 2764 1362 2837 Liberorum,
1398 2781 1504 2825 seu
1532 2764 1693 2827 bona
1720 2764 1983 2828 fortuna.
2061 2765 2174 2827 VI.
2224 2765 2627 2841 Valetudinis,
2661 2765 3085 2843 ministrorum,

379 2850 726 2913 animalium
773 2851 1250 2925 domesticorum,
1303 2871 1409 2913 seu
1456 2853 1621 2914 mala
1647 2852 1907 2915 fortuna.
2001 2854 2146 2915 VII.
2197 2851 2495 2933 conjugii,
2546 2874 2652 2917 seu
2689 2855 2871 2916 cardo
2920 2854 3085 2917 occi-

381 2937 664 3001 dentalis.
759 2938 925 3001 VIlI.
975 2940 1212 3014 Mortis,
1263 2958 1368 3000 seu
1407 2958 1667 3019 superna
1695 2948 1893 3019 porta.
1986 2941 2099 3005 IX.
2140 2940 2498 3019 Religionis,
2548 2942 2928 3018 somniorum,
2978 2942 3085 3005 iti-

379 3044 601 3102 nerum,
651 3046 760 3089 seu
788 3027 975 3089 Deus.
1053 3028 1132 3089 X.
1183 3028 1370 3090 Vitae
1406 3046 1596 3107 genus
1625 3037 1926 3103 natorum,
1978 3049 2083 3092 seu
2112 3030 2373 3091 medium
2400 3030 2573 3093 coeli.
2668 3030 2779 3093 XI.
2828 3030 3083 3093 Amico-

377 3124 525 3183 rum,
577 3134 682 3176 seu
710 3116 902 3176 bonus
930 3114 1161 3193 genius.
1244 3115 1384 3176 XII.
1431 3116 1829 3191 Inimicorum‚
1878 3136 1985 3179 seu
2014 3120 2208 3180 malus
2238 3118 2470 3197 genius.
2566 3118 2809 3183 Gradus
2838 3119 3083 3199 eclipti-

377 3219 484 3263 cae
555 3203 949 3265 meridianum
1034 3221 1332 3282 occupans

378 3286 539 3351 Cor
611 3288 862 3353 Coeli
936 3298 1330 3373 nuncupatur.

379 3374 624 3440 Gradus
726 3378 1042 3458 eclipticas
1134 3380 1333 3441 oriens

376 3464 824 3545 (Horoscopus)
885 3474 1154 3546 tempore
1219 3468 1332 3529 ob-

375 3553 759 3626 servationis,
807 3554 865 3614 in
897 3554 946 3615 1.
967 3550 1152 3616 'domo
1200 3554 1330 3616 col·-

375 3640 608 3702 locatur
634 3641 1010 3715 „thematis“
1049 3661 1156 3704 seu
1181 3662 1330 3717 „ra-

375 3726 600 3801 dicis“;
651 3748 798 3802 „cor
826 3730 1022 3791 coeli“
1070 3732 1130 3792 in
1156 3731 1237 3804 X,
1268 3739 1332 3792 et
1371 3730 1462 3785 Π

371 3814 546 3877 initia
591 3816 952 3897 reliquarum
1001 3819 1327 3892 domorum,

370 3902 430 3965 h.
500 3922 554 3966 e.
633 3906 1170 3984 correspondentes
1235 3907 1328 3968 his

369 3991 595 4067 gradus
669 3994 1014 4072 eclipticae‚
1107 3994 1326 4057 inscri-

369 4078 590 4141 buntur
663 4080 913 4160 siugulis
987 4081 1324 4162 triangulis,
1423 4096 1458 4153 1

371 4185 524 4245 quae
561 4168 834 4247 singulas
863 4178 1328 4248 repraesentant

369 4254 602 4317 domus.

547 4343 865 4419 ‚‚Thema“
913 4350 1115 4406 autem
1169 4345 1324 4407 hanc

365 4428 554 4493 habet
597 4432 877 4511 figuram,
945 4451 1152 4513 quam,
1219 4452 1322 4494 se-
1394 4478 1456 4536 Π

367 4527 620 4598 quentes
651 4520 996 4599 Keplerum.
1025 4522 1322 4583 nativita-

364 4614 488 4668 tem
516 4606 1054 4670 Wallenstenii
1097 4616 1321 4671 notau-

363 4701 508 4768 tem,
559 4695 990 4759 delineavimus
1021 4698 1188 4771 (vide
1222 4698 1320 4758 in-

362 4781 505 4858 fra).
591 4782 1013 4863 Inscripsimus
1040 4804 1320 4849 numeros

363 4870 672 4935 domorum
717 4872 972 4953 singulis
999 4873 1320 4956 triangulis
1776 4872 1887 4929 «Π
2168 4872 2248 4933 lv
2558 4876 2625 4933 V
