3634 5575
1431 381 1496 434 de
1534 381 1682 434 rebus
1719 382 2046 450 analogicis.
2461 341 2487 356 =
2966 381 3091 450 361

385 557 526 602 nam
554 537 814 618 trigono.
909 535 1088 610 Quod
1115 540 1246 602 fieri
1290 541 1458 604 nulla
1483 541 1718 604 ratione
1747 542 1995 622 poterit,
2042 543 2095 605 si
2123 541 2183 604 in
2211 542 2461 606 zodiaco
2498 543 2609 605 hos
2638 549 2923 624 aspectus
2952 561 3101 604 con-

383 628 641 701 sidetes,
693 647 809 690 non
856 627 917 689 in
967 636 1322 708 aequatore,
1385 630 1707 710 praecipue
1755 631 1806 691 si
1855 631 1941 692 M.
1992 631 2064 694 C.
2113 632 2171 693 in
2220 631 2439 694 circulo
2494 631 2825 694 meridiano
2872 631 3102 693 consti-

381 715 584 777 tuas.“
677 716 970 779 Producit
1016 737 1163 779 sane
1210 718 1308 780 hic
1357 719 1550 780 locum
1598 717 1881 794 Stadius,
1950 720 2048 800 qui
2096 721 2169 782 de
2217 741 2423 792 τοποις
2476 740 2585 782 seu
2631 720 2902 782 domibus
2948 719 3095 800 agit,

386 805 498 866 sed
547 813 783 866 tantum
833 806 1038 880 abest,
1108 812 1174 868 ut
1230 805 1574 868 institutum
1631 806 1936 884 obtineat,
2003 809 2423 872 Ptolemaeum
2476 809 2825 890 inaequales
2889 809 3101 872 domos

381 893 602 966 facere,
649 901 717 955 ut
765 912 876 972 ego
922 893 1125 974 potius
1173 893 1310 956 hinc
1357 889 1598 958 inverso
1647 905 2002 976 argumento
2052 897 2484 980 aequalitatem
2530 896 2857 972 obtineam,
2906 905 2973 958 et
2996 915 3103 958 se-

273 996 303 1071 ‚‘
381 981 530 1044 riem
579 990 1066 1060 argumentorum
1115 1002 1300 1062 supra
1344 991 1626 1063 coeptam
1673 985 1768 1046 hic
1818 986 2179 1048 continuem.
2274 986 2433 1049 Illud
2476 985 3001 1068 praemittendum,
3050 983 3105 1046 si

381 1071 468 1132 M.
518 1069 612 1144 G„
663 1077 728 1132 ut
779 1069 882 1143 ait,
930 1071 991 1133 in
1038 1071 1260 1134 circulo
1307 1072 1636 1135 meridiano
1684 1075 2046 1149 constituas,
2092 1093 2210 1136 non
2258 1075 2600 1137 habituram
2646 1075 2842 1137 locum
2869 1093 3105 1154 aequa-

387 1161 628 1222 litatem
673 1159 969 1235 domuum,
1019 1167 1087 1222 at
1135 1161 1187 1222 si
1235 1161 1602 1252 contrarium
1651 1160 1778 1241 ejus
1829 1162 2039 1237 facias,
2086 1163 2249 1243 quod
2278 1172 2492 1226 auctor
2519 1163 2906 1226 Ptolemaeus
2937 1163 3101 1236 fecit,

383 1249 588 1327 utique
637 1254 831 1309 totam
878 1248 1012 1328 ejus
1057 1248 1356 1311 rationem
1403 1249 1513 1312 tibi
1557 1250 1846 1330 perverti,
1894 1251 2045 1314 nihil
2090 1249 2299 1314 mirum
2349 1260 2463 1315 est.
2558 1253 2945 1314 Ptolemaeus
2991 1250 3107 1311 hoc

388 1337 518 1401 loco
567 1337 655 1398 Μ.
708 1333 780 1398 C.
843 1355 962 1398 non
1024 1337 1085 1399 in
1131 1338 1464 1400 meridiano
1527 1339 1879 1412 constituit,
1952 1341 2061 1403 sed
2118 1339 2177 1401 in
2232 1350 2454 1420 puncto
2510 1339 2744 1403 zodiaci
2809 1339 3107 1402 altissimo

387 1444 567 1505 super
614 1425 896 1499 Terram,
965 1425 1236 1508 quodque
1301 1427 1648 1506 plerumque
1715 1428 1897 1489 altius
1963 1436 2062 1490 est
2113 1447 2187 1490 eo
2248 1429 2481 1492 zodiaci
2526 1436 2779 1509 puncto,
2837 1428 2997 1510 quod
3043 1427 3101 1488 in

389 1513 722 1576 meridiano
769 1513 1011 1589 haeret,
1071 1515 1292 1577 circulo
1339 1515 1619 1578 verticali
1662 1534 1772 1594 per
1816 1518 2018 1596 polum
2064 1516 2299 1580 zodiaci
2344 1517 2649 1580 traducto.
2742 1517 2944 1578 Probo
2990 1517 3105 1578 hoc

384 1621 460 1664 ex
517 1601 666 1683 ipsis
721 1600 944 1664 verbis.
1040 1601 1140 1665 Sit
1202 1603 1388 1684 igitur
1435 1603 1829 1682 aequalitatis
1876 1604 2149 1668 domuum
2200 1612 2617 1686 argumentum
2684 1605 3106 1678 secundum,

385 1691 542 1771 quod
585 1690 974 1753 Ptolemaeus
1019 1691 1148 1766 hic,
1204 1692 1306 1754 ubi
1362 1691 1493 1771 agit
1547 1692 1621 1754 de
1670 1693 1977 1768 domibus,
2038 1713 2185 1757 voce
2252 1696 2336 1757 do
2356 1692 2845 1756 decatemorii
2901 1699 3109 1754 utatur

379 1796 488 1859 pro
536 1797 684 1840 voce
733 1779 1013 1842 domus.
1105 1780 1334 1844 Notum
1383 1789 1588 1843 autem
1636 1789 1760 1856 est,
1823 1801 1939 1842 non
1989 1783 2183 1845 solere
2234 1791 2623 1863 aequatorem
2671 1781 2859 1844 dividi
2906 1781 3104 1856 aliter,

379 1869 494 1930 nisi
541 1867 601 1930 in
647 1875 922 1947 tempora
969 1863 1126 1944 360,
1192 1869 1387 1932 solum
1431 1888 1576 1931 vero
1625 1869 1937 1932 zodiacum
1982 1871 2043 1934 in
2091 1870 2614 1948 dodecatemoria,
2664 1879 2728 1932 et
2774 1869 3110 1931 dodecate-

379 1957 635 2020 morium
681 1956 739 2017 in
787 1979 1005 2037 μοιρας
1055 1952 1159 2034 30,
1209 1976 1326 2019 non
1373 1980 1642 2039 χρονους,
1695 1965 1759 2019 et
1802 1959 1899 2021 hic
1930 1979 2163 2040 quoque
2212 1980 2331 2022 vox
2376 1982 2561 2040 μοιρα
2599 1959 2877 2022 occurrit.
2956 1955 3110 2020 Cum

385 2065 528 2125 ergo
574 2045 962 2108 Ptolemaeus
1010 2067 1434 2126 μεᾳουρανημα
1481 2045 1580 2108 hic
1627 2047 1901 2126 appellet
1947 2049 2528 2122 dodecatemorium,
2586 2048 2861 2128 appellat
2920 2045 3105 2126 igitur

383 2142 620 2215 partem
664 2134 896 2196 zodiaci
940 2157 1388 2215 μεσονρανημα,
1441 2141 1505 2196 et
1549 2135 1632 2210 id,
1683 2135 1788 2205 ait,
1839 2136 2110 2217 aspicere
2160 2138 2455 2217 quadrato
2504 2135 2763 2208 unciam,
2815 2153 2967 2214 quae
3014 2139 3111 2194 est

387 2223 549 2285 circa
593 2222 1010 2302 horoscopum.
1085 2223 1274 2303 Atqui
1323 2223 1524 2296 uncia,
1571 2242 1724 2304 quae
1773 2224 1937 2286 circa
1982 2225 2375 2302 meridianum
2413 2234 2528 2301 est,
2580 2223 2620 2288 5
2650 2222 2925 2304 partibus
2965 2229 3107 2300 ante

389 2319 452 2373 et
495 2308 580 2374 25
627 2317 794 2391 post,
863 2329 980 2372 non
1026 2311 1370 2391 frequenter
1428 2311 1646 2390 aspicit
1700 2312 2204 2393 horoscopantem
2252 2313 2571 2394 quadrato.
2662 2311 2827 2392 Ergo
2873 2309 3109 2372 zodiaci

388 2417 552 2479 pars,
605 2419 757 2480 quac
803 2398 900 2461 hic
928 2398 1278 2461 Ptolemaeo
1328 2399 1548 2462 dicitur
1575 2421 1981 2481 μεσουραηιν,
2029 2401 2272 2481 saepius
2320 2401 2437 2464 erit
2484 2409 2662 2462 extra
2690 2399 3103 2462 meridianum.

386 2487 716 2551 Tertium
763 2496 1218 2568 argumentum:
1287 2489 1560 2568 aspicere
1608 2508 1673 2550 se
1724 2489 2003 2552 dicuntur
2047 2490 2189 2552 illae
2238 2489 2442 2553 circuli
2488 2497 2731 2570 partes,
2792 2506 2945 2568 quae
2992 2487 3109 2548 ha-

389 2578 536 2640 bent
581 2576 694 2638 sub
741 2595 808 2638 se
856 2583 1170 2638 currentes
1216 2575 1498 2656 planetas
1547 2577 1945 2657 aspicientes:
2016 2585 2301 2658 aspectus
2346 2578 2505 2641 enim
2550 2597 2670 2640 non
2718 2585 2816 2638 est
2860 2583 3110 2656 propter

386 2666 580 2729 locum
620 2666 727 2726 sed
757 2672 1006 2745 propter
1033 2666 1361 2744 planetam.
1439 2665 1530 2728 At
1569 2667 1627 2727 in
1668 2674 1995 2747 aequatore
2033 2666 2183 2731 nulli
2212 2667 2513 2747 planetae,
2560 2667 2619 2728 in
2649 2665 2897 2728 zodiaco
2926 2664 3111 2744 igitur

385 2753 786 2837 quaerendum
832 2755 945 2817 hoc
991 2775 1436 2837 ueoovpavqua,
1486 2754 1782 2837 quadrato
1832 2755 2133 2836 aspiciens
2180 2756 2593 2836 horoscopum,
2644 2762 2707 2817 et
2738 2754 2825 2816 sic
2862 2761 2931 2817 ut
2966 2754 3106 2834 plu-

383 2846 590 2907 rimum
652 2851 828 2906 extra
885 2843 1298 2906 meridianum.
1395 2842 1756 2915 Quartum
1822 2845 2145 2908 coincidit:
2222 2846 2352 2925 agit
2406 2844 2491 2907 ibi
2546 2843 2661 2907 loci
2714 2843 3105 2905 Ptolemaeus

385 2934 459 2995 de
506 2926 1018 3011 locis'apheticis.
1112 2932 1396 3012 Aphetae
1445 2953 1590 2994 vero
1638 2952 1755 2994 non
1802 2943 1945 2996 sunt
2006 2934 2064 2996 in
2114 2942 2470 3015 aequatore,
2530 2952 2675 3013 ergo
2727 2932 2786 2994 in
2834 2930 3109 2993 zodiaco.

385 3020 546 3093 Quid
593 3021 750 3082 enim
787 3021 968 3099 juvat
1013 3021 1298 3100 aphetam
1348 3028 1408 3083 et
1455 3021 1859 3101 horoscopum
1905 3022 1966 3085 in
2012 3023 2262 3085 zodiaco
2310 3022 2709 3095 constitutos,
2774 3019 2827 3080 si
2874 3038 3108 3100 aequa-

383 3110 537 3172 toris
581 3108 780 3189 portio
828 3109 1303 3188 correspondens
1361 3110 1856 3190 correspondenti
1904 3112 2155 3174 orientis
2200 3111 2462 3191 portioni
2519 3108 2911 3190 aequatoriae
2958 3126 3109 3170 con-

385 3196 717 3281 figuratur?
805 3196 944 3259 Non
994 3216 1142 3258 sane
1188 3198 1412 3277 magis,
1483 3217 1662 3278 quam
1709 3199 1762 3261 si
1811 3199 2069 3279 alicujus
2117 3201 2481 3279 tropicorum
2528 3206 2635 3261 aut
2678 3196 3109 3277 parallelorum

387 3284 929 3365 correspondentes
973 3284 1284 3364 portiones
1332 3286 1740 3365 configuratas
1789 3287 2125 3350 exhibereS.
2220 3286 2533 3358 Quinto:
2600 3286 2788 3347 verba
2832 3286 2943 3347 illa
2999 3286 3117 3359 (‚,a

389 3375 646 3456 quinque
692 3372 968 3454 partibus
1013 3373 1746 3454 praeascendentibus“),
1813 3395 1965 3456 quae
2014 3375 2205 3456 rigide
2254 3375 2507 3438 Stadius
2556 3382 2621 3437 et
2670 3372 2988 3437 Cardanus
3038 3370 3115 3433 ad

389 3471 777 3543 aequatorem
823 3461 1097 3536 trahunt,
1167 3462 1302 3523 sola
1346 3481 1466 3523 vox
1512 3462 1976 3541 ἀναφερομηωυ
2020 3464 2267 3527 zodiaco
2314 3464 2605 3525 vindicat.
2697 3462 2861 3524 Nam
2906 3469 3112 3524 astro-

389 3552 549 3614 nomi
599 3549 822 3612 Graeci
888 3551 962 3612 de
1009 3550 1244 3613 zodiaci
1287 3550 1564 3632 partibus
1626 3561 1924 3631 usurpant
1980 3552 2398 3616 ascensionem
2464 3552 2712 3632 ejusque
2775 3568 3117 3612 mensuram

387 3640 448 3703 in
495 3647 822 3719 aequatore
871 3638 1282 3715 constituunt,
1331 3640 1394 3701 id
1440 3640 1627 3702 multo
1675 3641 1900 3721 magis,
1950 3642 2032 3717 si,
2082 3648 2151 3703 ut
2194 3641 2311 3714 hic,
2354 3641 2691 3721 jungantur
2734 3661 2917 3717 μοιρα
2962 3636 3113 3701 ἀνα·-

391 3747 722 3808 <peponum
771 3736 914 3789 tunc
960 3727 1128 3789 nulla
1173 3728 1410 3791 ratione
1457 3737 1730 3808 tempora
1777 3729 2135 3810 aequatoria
2161 3738 2418 3809 possunt
2462 3727 2739 3807 intelligi.
2833 3726 3105 3789 Sexto:

391 3816 844 3880 distinctissime
911 3816 1176 3896 loquitur
1241 3818 1314 3879 de
1382 3814 1469 3880 30
1517 3816 1610 3879 his
1655 3818 1934 3898 partibus
1982 3820 2311 3901 (μοιραις),
2381 3814 2769 3899 configuratis
2818 3816 3113 3897 quadrato

391 3910 569 3989 (puta
614 3905 822 3967 itidem
873 3900 959 3967 30
1002 3907 1300 3985 μοιραις),
1363 3926 1518 3989 quae
1566 3914 1708 3968 sunt
1752 3907 1917 3971 illius
1965 3908 2203 3982 domus,
2276 3926 2427 3987 quae
2475 3904 2743 3967 Medium
2795 3903 2969 3967 Coeli
3016 3902 3113 3965 di-

391 3996 564 4060 citur.
657 3994 798 4056 Jam
834 4012 978 4056 vero
1025 3994 1302 4073 partibus
1349 3995 1587 4057 zodiaci
1633 3996 1964 4059 orientibus
2012 4004 2291 4076 tempora
2336 3994 2681 4077 aequatoris
2720 3992 3119 4055 culminantia

389 4104 506 4147 non
553 4085 886 4162 figurantur
932 4081 1270 4163 quadratis.
1363 4082 1524 4146 Sunt
1568 4084 1751 4164 igitur
1813 4084 1998 4147 etiam
2056 4086 2219 4147 circa
2282 4106 2353 4146 το
2408 4104 2835 4161 μεσουρανημα
2882 4080 3117 4144 intelli-

392 4174 627 4253 gendae
675 4180 884 4251 partes
931 4170 1198 4246 zodiaci,
1265 4180 1328 4233 et
1373 4174 1465 4235 sic
1512 4181 1690 4235 extra
1735 4173 2154 4236 meridianum.
2248 4172 2635 4253 Septimo:
2704 4190 2839 4233 cum
2886 4178 3118 4231 certum

391 4261 492 4337 sit,
543 4262 681 4323 loca
725 4258 1010 4341 aphetica
1057 4278 1192 4321 esse
1239 4260 1298 4321 in
1347 4260 1629 4334 zodiaco,
1693 4262 1831 4325 vide
1881 4281 2035 4324 nunc
2082 4262 2205 4324 ista
2248 4261 2467 4325 verba:
2544 4259 2607 4325 ἐν
2652 4281 2775 4330 τοις
2819 4257 3121 4321 duonum·

387 4370 520 4412 κοσι
563 4372 668 4411 του
713 4369 1243 4429 μεσουρανηματος
1289 4370 1514 4421 tonnae.
1611 4350 1759 4412 Tale
1807 4359 1926 4415 est.
1950 4350 2213 4415 medium
2260 4351 2429 4426 coeli,
2480 4369 2519 4411 a
2557 4368 2672 4429 quo
2702 4347 2937 4411 zodiaci
2964 4366 3113 4427 por-

390 4438 586 4500 tiones
632 4438 908 4516 utrinque
957 4436 1282 4513 declinant,
1335 4445 1401 4499 at
1435 4428 1484 4499 'a
1529 4446 1755 4518 puncto
1803 4440 2055 4515 zodiaci,
2107 4440 2266 4520 quod
2313 4440 2370 4502 in
2418 4438 2756 4525 meridiano
2806 4434 3113 4509 culminat,

389 4546 506 4589 non
552 4545 700 4606 pure
763 4526 1031 4588 declinat
1089 4526 1382 4588 alteruter
1438 4547 1721 4603 arcuum,
1793 4530 1903 4591 sed
1970 4548 2045 4589 ex
2091 4537 2265 4607 parte
2322 4546 2549 4605 magna
2596 4526 2780 4586 etiam
2829 4524 3113 4597 acclinat,

389 4623 676 4696 quantum
723 4634 810 4676 sc.
879 4620 976 4675 est
1037 4634 1076 4675 a
1140 4623 1362 4695 puncto
1426 4616 1648 4695 gradus
1708 4616 2089 4697 nonagesimi
2146 4617 2222 4680 ad
2271 4615 2685 4679 meridianum.
2780 4612 3112 4676 Octavo:
3210 4624 3215 4627 “

387 4703 632 4784 trigoni,
679 4702 980 4782 hexagoni
1027 4711 1090 4765 et
1136 4704 1441 4784 tetragoni
1506 4704 1602 4766 hic
1649 4725 1766 4768 non
1813 4713 2074 4787 possunt
2118 4704 2373 4785 intelligi
2422 4706 2496 4767 de
2545 4710 2905 4784 aequatore,
2976 4701 3117 4782 quia

388 4812 592 4857 eorum
647 4792 754 4855 alii
811 4790 1093 4853 dicuntur
1149 4811 1284 4854 esse
1332 4794 1683 4873 longarum,
1753 4794 1874 4856 alii·
1905 4794 2174 4857 brevium
2238 4792 2677 4857 ascensionum.
2772 4792 2865 4854 At
2906 4808 3115 4853 omnes

389 4880 736 4965 aequatoris
781 4879 1004 4963 trigoni
1049 4890 1194 4944 sunt
1239 4882 1580 4966 aequalium
1628 4884 2069 4947 ascensionum.
2161 4884 2407 4949 Nono:
2458 4880 2607 4947 alibi
2646 4880 2955 4945 consentit
3000 4876 3117 4940 sibi
