3634 5575
1387 1312 1456 1430 J
1458 1310 1873 1430 OANNIS
1948 1309 2429 1428 KEPLERI

997 1536 1483 1635 APOLOGIA
1537 1539 1999 1636 TYcfloms
2052 1539 2421 1634 CONTRA
2482 1537 2805 1632 URSUM.

1761 1829 2055 1840 -——-—-

1235 2027 1374 2100 An
1429 2025 1945 2100 LECTOREM
1998 2023 2587 2099 PRAEFATIO.

724 2200 940 2263 Edidit
1005 2209 1146 2263 ante
1213 2201 1534 2264 triennium
1597 2201 1957 2264 Nicolaus
2005 2181 2271 2276 UrsuS,
2341 2199 2683 2265 Caesareae
2730 2200 3082 2280 Majestatis
3128 2200 3271 2262 dum

546 2289 780 2351 viveret
841 2290 1344 2364 mathematicae,
1409 2291 1676 2354 libellum
1733 2291 1807 2352 de
1854 2289 2311 2372 Hypothesibus
2366 2289 2805 2359 astronomiciS,
2869 2290 2930 2350 in
2970 2307 3086 2370 quo
3132 2307 3272 2352 cum
3344 2304 3369 2313 ·

543 2378 862 2440 historiam
905 2380 1208 2442 texuisset
1251 2379 1676 2462 hypothesium
1720 2379 2083 2462 tandemque
2133 2379 2211 2440 ad
2250 2379 2599 2441 Helisaeum
2638 2376 3032 2454 Roeslinum,⁴
3060 2377 3269 2439 Medi-

546 2465 718 2528 cinae
765 2467 1118 2542 Ductorem,
1189 2470 1446 2532 amicum
1501 2487 1698 2530 meum
1753 2467 2123 2547 singularem
2180 2466 2555 2535 devenisset,
2624 2474 2690 2528 et
2744 2467 2821 2528 ad
2885 2466 3270 2528 refutandam

545 2555 676 2636 ejus
722 2555 1080 2636 opinionem,
1129 2558 1396 2620 adducta
1441 2558 1696 2638 quadam
1743 2557 2015 2623 Euclidis
2062 2556 2503 2636 propositione,
2564 2555 2861 2618 rationem
2906 2554 3267 2618 tradidisset

546 2663 622 2707 ex
669 2644 1016 2707 dedomenis
1071 2647 1431 2709 necessariis
1487 2645 1857 2726 geometrica
1910 2645 2192 2708 methodo
2247 2644 2721 2724 planetariorum
2768 2643 2998 2707 orbium
3046 2643 3269 2723 ampli-

545 2733 786 2797 tudines
849 2732 1200 2798 dimetiendi
1267 2737 1426 2811 (rem
1499 2736 1706 2803 tritam
1775 2735 1933 2815 apud
1992 2737 2433 2809 astronomos),
2502 2733 2843 2815 subjunxit,
2908 2751 2986 2795 ex
3049 2732 3268 2796 iisdem

545 2823 952 2893 fundamentis
998 2824 1183 2887 etiam
1231 2825 1562 2887 examinari
1608 2844 1790 2905 posse
1837 2844 1975 2886 mea
2018 2824 2267 2905 placita,
2318 2841 2470 2905 quae
2508 2840 2664 2885 anno
2701 2823 2899 2902 priore
2946 2822 3057 2884 sub
3086 2821 3267 2885 titulo

541 2911 820 2993 Mysterii
849 2910 1376 2993 cosmographi&
1420 2913 1642 2994 publici
1679 2914 1837 2993 juris
1885 2913 2177 2985 feceram3
2252 2931 2442 2992 eaque
2508 2910 2825 2973 occasione
2883 2919 3065 2991 capta
3128 2911 3267 2991 epi-

544 3000 766 3061 stolam
811 3000 1130 3081 quandam,
1182 3022 1300 3084 qua
1347 3002 1585 3064 biennio
1633 3010 1775 3064 ante
1828 3020 2009 3081 super
2053 3001 2398 3063 inventione
2428 3019 2565 3063 mea
2600 3001 2795 3080 ipsum
2824 3001 3265 3076 consulueram,

545 3088 746 3150 libello
795 3108 902 3151 suo
948 3088 1216 3154 inseruit.
1307 3091 1646 3153 Pessimam
1699 3092 1939 3172 quidem
1983 3089 2096 3151 hoc
2143 3089 2377 3151 nomine
2424 3089 2686 3169 gratiam
2734 3088 2893 3169 apud
2938 3109 3032 3151 me
3069 3089 3267 3152 Ursus

543 3176 698 3238 iniit.
791 3176 1184 3257 Scripseram,
1236 3189 1446 3260 utpote
1493 3180 1708 3257 viginti
1757 3181 1939 3241 trium
1995 3197 2283 3241 annorum
2328 3178 2589 3259 juvenis,
2638 3177 2875 3239 minime
2922 3198 3069 3240 sane
3114 3197 3263 3257 gra-

542 3264 718 3327 viter.
810 3266 972 3328 Nam
1017 3275 1081 3329 et
1123 3268 1182 3330 in
1230 3269 1388 3332 Urso
1435 3268 1735 3330 laudando
1785 3276 1849 3329 et
1893 3268 1953 3330 in
2000 3287 2094 3329 me
2142 3267 2229 3328 illi
2276 3266 2650 3347 subjiciendo
2698 3267 2939 3329 modum
2986 3268 3261 3348 utrinque

543 3355 794 3416 multum
840 3354 1097 3418 excessi.
1192 3356 1624 3420 Securissimus
1681 3356 1841 3418 enim
1889 3357 1961 3418 de
2009 3357 2123 3417 hoc
2170 3363 2390 3418 eventu
2446 3356 2507 3418 id
2554 3356 2776 3417 saltem
2823 3356 3125 3435 spectavi,
3196 3362 3265 3416 ut

543 3461 894 3523 responsum
938 3443 1342 3524 impetrarem.
1434 3446 1520 3508 Et
1563 3445 1637 3507 iis
1684 3446 1991 3507 ferebatur
2039 3464 2175 3507 esse
2223 3444 2486 3507 moribus
2535 3444 2759 3518 UrsuS‚
2817 3452 2885 3507 ut
2931 3444 3026 3506 his
3075 3444 3262 3506 armis

543 3549 694 3611 opus
731 3540 897 3595 esset
943 3532 1022 3595 ad
1066 3535 1528 3615 expugnandum
1574 3536 1706 3615 ejus
1753 3534 2076 3597 silentium.
2168 3533 2259 3595 At
2312 3533 2366 3595 si
2412 3534 2625 3614 quibus
2674 3533 2748 3595 de
2795 3533 3079 3595 instituto
3124 3551 3261 3593 meo

543 3638 660 3681 non
727 3628 998 3698 constat,
1064 3623 1106 3684 ii
1172 3624 1316 3686 mihi
1373 3624 1586 3686 merito
1643 3623 2111 3697 succensebunt,
2180 3622 2339 3703 quod
2392 3621 2724 3685 immodicis
2784 3621 2925 3684 Ursi
2980 3620 3263 3683 laudibus

543 3710 820 3789 injuriam
849 3710 1058 3773 multis
1085 3711 1145 3773 in
1172 3710 1420 3794 Europa
1449 3712 1817 3775 doctissimis
1846 3711 2293 3774 mathematicis
2332 3711 2606 3787 fecerim3
2652 3709 3027 3773 mirabuntur
3054 3710 3257 3785 etiam,

544 3798 644 3879 qui
699 3817 794 3860 me
857 3800 1102 3880 propius
1158 3809 1401 3876 norunt,
1468 3820 1560 3862 me
1621 3819 1730 3880 pro
1777 3800 2103 3862 Maestlino
2151 3800 2371 3863 Ursum
2426 3806 2884 3879 praeceptorem
2930 3794 3257 3873 celebrare,

542 3886 749 3967 illique
814 3888 1250 3950 transscribere
1297 3889 1410 3951 hoc
1457 3890 1810 3969 quantulum
1876 3896 1973 3951 est
2016 3887 2379 3967 cognitionis
2438 3889 2497 3950 in
2545 3888 3017 3961 mathematiciS,
3082 3905 3259 3967 quem

543 3982 742 4037 tamen
791 3976 906 4039 nisi
950 3977 1012 4038 in
1040 3977 1496 4053 „Fundamento
1527 3997 1634 4040 suo
1665 3977 2113 4039 astronomico“
2159 3978 2499 4056 loquentem
2546 3995 2845 4057 nunquam
2892 3976 3258 4048 audiveram,

543 4082 844 4146 nunquam
891 4064 1176 4130 videram.
1273 4065 1398 4129 Sed
1443 4067 1594 4129 haec
1640 4066 1835 4129 adhuc
1881 4066 2044 4127 levia
2086 4064 2277 4126 videri
2322 4073 2603 4144 possunt3
2668 4066 2947 4144 graviora
2993 4083 3259 4144 sequun-

543 4160 660 4215 tur.
753 4154 913 4216 Nam
959 4153 1078 4216 etsi
1123 4154 1317 4217 Ursus
1362 4155 1646 4218 honorem
1691 4174 1887 4217 meum
1937 4154 2134 4234 egisse
2182 4153 2373 4216 videri
2420 4154 2551 4215 vult
2594 4154 2903 4233 publicata
2950 4172 3086 4215 mea
3124 4153 3259 4235 epi-

540 4241 722 4317 stola,
771 4242 910 4305 dum
956 4261 1090 4305 eam
1144 4245 1274 4306 luce
1323 4244 1568 4323 dignam
1611 4243 1956 4325 praedicat:
2004 4250 2208 4303 tamen
2240 4243 2379 4323 quid
2427 4240 2811 4323 quaesiierit,
2866 4262 2982 4305 non
3033 4243 3257 4305 obscu-

541 4348 672 4393 rum
718 4331 980 4411 reliquit.
1033 4362 1116 4373 -—
1173 4332 1437 4395 Primum
1484 4333 1547 4394 in
1591 4333 1770 4396 titulo
1817 4331 2009 4394 libelli
2053 4330 2259 4394 Nobili
2315 4339 2378 4394 et
2423 4332 2650 4393 Illustri
2689 4331 2946 4393 Domino
2990 4331 3259 4413 Tychoni

541 4418 743 4481 Brahe
782 4420 978 4495 Dauo,
1026 4420 1282 4484 Domino
1321 4422 1382 4483 iu
1412 4420 1804 4501 Knudstorpp
1854 4428 1919 4483 et
1944 4419 2291 4500 Uraniburg
2320 4420 2429 4483 Sto.
2452 4468 2467 4493 ‚
2518 4420 2941 4501 hypothesium
2970 4438 3259 4483 novarum

543 4506 950 4572 inventionem
1005 4508 1301 4590 praeripit
1349 4528 1598 4589 eamque
1655 4510 1772 4572 sibi
1827 4514 2095 4588 arrogat.
2118 4503 2173 4582 ⁶)
2262 4506 2515 4571 Putavit
2566 4509 2767 4588 itaque
2833 4509 2947 4571 hac
3002 4509 3264 4590 epistola

545 4614 712 4672 mea,
768 4597 826 4659 in
875 4617 994 4678 qua
1037 4598 1189 4661 haec
1236 4606 1379 4661 sunt
1435 4599 1651 4662 verba:
1705 4597 2131 4681 „Hypotheses
2185 4605 2325 4660 tuas
2386 4596 2585 4673 amo“,
2634 4598 3107 4660 demonstratum
3164 4598 3259 4673 iri,

545 4703 682 4747 esse
737 4693 801 4748 et
845 4686 1146 4761 homines,
1211 4687 1311 4769 qui
1357 4686 1500 4751 Ursi
1543 4688 1875 4750 bonitatem
1916 4706 2135 4749 causae
2192 4692 2553 4766 agnoscant,
2619 4705 2806 4768 eaque
2866 4687 3099 4749 ratione
3166 4705 3295 4755 me,

545 4772 781 4835 alienae
825 4774 921 4837 liti
963 4774 1289 4839 immiscuit
1315 4783 1380 4839 et
1404 4775 1816 4839 testimonium
1836 4776 1913 4839 ab
1943 4776 2153 4856 ignaro
2183 4774 2456 4837 extorsit.
2548 4774 2779 4837 Deinde
2826 4794 2960 4837 cum
3006 4776 3065 4837 in
3094 4766 3262 4837 calce

545 4862 709 4925 tituli
755 4861 1150 4927 eruditionem
1195 4884 1366 4928 suam
1419 4858 1482 4928 iri
1527 4866 1641 4928 hoc
1687 4865 1891 4928 libello
1948 4883 2056 4927 ceu
2118 4864 2195 4927 ad
2244 4882 2507 4947 agonem
2556 4864 2853 4947 quendam
2896 4864 3259 4947 olympicum
