3634 5575
1415 407 1480 458 de
1511 408 1662 458 rebus
1699 403 2024 474 astrologicis.
2948 404 3079 476 35?

363 571 416 632 si
464 577 529 632 tu
572 565 884 664 iptelligis,
935 565 1210 647 Oedipus
1257 548 1409 628 mibi
1439 574 1611 642 ’θεῖος
1659 567 1790 646 ipse
1837 587 1953 628 non
2004 567 2293 647 intelligo,
2344 587 2455 630 nec
2494 563 2738 648 scripsi,
2786 576 2857 630 ut
2901 568 3074 650 lege-

361 665 584 728 rentur,
631 655 738 716 sed
785 663 854 716 ut
899 674 992 716 me
1041 674 1385 717 exercerem
1432 675 1552 717 una
1594 657 1751 718 vice.
1845 655 2127 717 Extorsit
2172 655 2451 718 Schelius
2498 655 2874 720 mirabiliter.

501 763 744 818 Tandem,
783 761 1083 811 concludens
1123 761 1369 825 Keplerus
1402 759 1497 810 has
1531 760 1702 810 literas
1739 761 1985 826 longiores
2023 758 2118 824 (40
2154 763 2453 826 paginarum
2500 763 2553 812 in
2590 759 2758 824 folio),
2810 763 2876 812 ad
2922 777 3075 827 quae-

360 835 570 886 stionem
627 833 1010 882 astronomicam
1065 831 1319 895 respondit
1352 833 1568 882 Fabricii
1607 830 1806 893 („Scire
1860 833 2031 896 cupio,
2084 846 2153 882 an
2185 831 2472 896 hypothesis
2511 825 2561 898 ῼ
2614 839 2667 883 et
2702 826 2747 897 Q
2798 833 2863 882 ad
2906 849 3076 884 verum

355 912 546 956 motum
583 901 711 954 Solis
755 905 918 967 potius
952 903 1248 966 respondere
1294 903 1478 953 debeat
1511 909 1598 952 tuo
1642 903 1829 964 iudicio
1844 937 1861 960 ‚
1910 909 1971 952 ut
2019 905 2317 968 superiores.
2374 905 2451 954 vel
2501 904 2569 954 ad
2617 905 2833 954 medium
2866 911 3073 956 motum.

359 975 578 1037 Quaeso,
612 975 684 1024 mi
715 974 1142 1038 praestantissime
1179 979 1234 1022 et
1265 973 1410 1022 simul
1449 975 1790 1024 amantissime
1827 974 2047 1037 Keplere
2060 1008 2075 1031 ,
2130 989 2219 1038 pro
2256 973 2479 1026 Uranica
2515 976 2739 1026 amicitia
2772 975 3075 1039 respondeas

356 1047 424 1100 ad
455 1047 776 1110 quaestiones
811 1045 1012 1094 diversis
1047 1045 1202 1094 literis
1237 1046 1530 1108 propositas.
1605 1043 1692 1094 Sic
1735 1058 1816 1094 me
1850 1045 2115 1108 plurimum
2158 1047 2354 1108 juvabis
2392 1053 2445 1096 et
2486 1061 2569 1096 me
2614 1046 2681 1096 ad
2714 1047 2883 1096 omnia
2932 1045 3073 1097 alae·

353 1119 534 1176 riorem
579 1115 770 1168 reddes.
848 1115 926 1164 Tu
959 1115 1081 1164 mihi
1133 1116 1202 1164 sis
1227 1115 1444 1178 Apollo,
1495 1119 1557 1185 tn
1596 1114 1855 1178 Cynosura
1890 1125 2027 1173 esto,
2079 1122 2137 1166 tu
2171 1116 2368 1177 oculus,
2410 1123 2478 1168 -tu
2512 1117 2718 1168 baculus
2767 1131 2907 1166 meus
2944 1124 3070 1167 esto.

356 1187 534 1240 Nullus
572 1187 693 1237 mihi
731 1187 796 1236 ad
845 1191 1012 1236 votum
1046 1187 1207 1251 magis
1256 1185 1506 1236 satisfacit
1560 1191 1613 1235 et
1665 1186 1956 1237 safisfaeere
1992 1192 2184 1251 potest,
2234 1200 2385 1251 quam
2418 1194 2490 1238 tu.
2563 1187 2695 1238 Vale
2728 1189 2903 1253 igitur.
2958 1189 3071 1252 vige

358 1263 412 1310 et
445 1259 596 1316 flore,
653 1265 708 1308 et
741 1256 998 1308 Martialis
1031 1257 1313 1308 felicissime
1352 1262 1406 1307 et
1441 1258 1678 1308 citissime
1713 1257 1914 1308 absolve
1928 1293 1945 1312 ,
1981 1263 2035 1308 et
2068 1259 2267 1321 saepius
2302 1257 2401 1308 buc
2434 1259 2709 1322 perscribe,
2762 1273 2859 1309 nec
2894 1259 3067 1310 ausici-

353 1333 480 1382 fiam
511 1331 764 1392 inceptam
802 1329 992 1384 desere.
1029 1329 1154 1378 forte
1187 1335 1301 1392 post
1337 1341 1523 1378 annum
1555 1343 1641 1378 me
1674 1343 1776 1380 non
1811 1328 2019 1382 babebis
2054 1330 2401 1392 superstitem3
2460 1329 2513 1390 d
2552 1329 2756 1382 directio
2790 1343 2911 1394 prae
2952 1330 3069 1379 iori-

353 1401 474 1458 bus!
546 1400 688 1451 Deus
722 1399 843 1448 mihi
879 1399 1036 1448 adsit!
1106 1398 1318 1449 Amen-‘⁶

497 1471 549 1521 2.
589 1467 727 1534 (12.)
763 1471 881 1534 Apr.
923 1465 1080 1519 1605.
1121 1469 1324 1521 Ostelae
1361 1469 1641 1520 Frisiorum.
2050 1469 2191 1520 Tuae
2227 1469 2581 1521 Praestantiae
2616 1471 3001 1522 studiosissima

2286 1539 2355 1590 D.
2395 1542 2747 1592 Fabricius.

530 1638 611 1688 Ad
645 1637 774 1688 haee
811 1653 928 1704 ergo
966 1629 1404 1708 Keplerust·
1443 1627 1671 1690 Verum
1732 1627 1897 1691 Solis
1954 1636 2178 1690 motum
2235 1647 2347 1708 ego
2403 1647 2515 1710 per
2567 1629 2770 1692 omnia
2827 1648 3063 1708 sequor,

355 1718 540 1782 etiam
585 1718 645 1780 in
692 1717 934 1780 Venere
983 1727 1046 1780 et
1091 1717 1408 1793 Mercurio,
1458 1735 1567 1778 ceu
1613 1709 1919 1779 Ariadnes
1966 1718 2149 1780 filum.
2241 1716 2399 1780 Nam
2447 1737 2582 1779 cum
2618 1718 2875 1780 medium
2905 1718 3060 1779 Pto-

350 1807 616 1870 lemaeus
665 1813 1032 1886 sequeretur,
1084 1816 1232 1886 opus
1279 1806 1396 1885 ipsi
1445 1805 1556 1868 fuit
1599 1813 1919 1885 praeterea
1964 1805 2253 1888 epicyclio
2290 1825 2397 1870 seu
2430 1813 2949 1870 eccentreccentro
2988 1804 3065 1866 ob

352 1903 713 1978 aequantem
757 1894 922 1957 Solis
973 1895 1331 1974 ignoratum.

521 1984 728 2066 Atque
756 1983 846 2046 ita
891 1983 991 2045 vel
1036 1983 1285 2045 tandem
1313 1983 1469 2045 vale.
1555 1979 1786 2062 Scripsi
1825 1979 1925 2045 11.
1960 1981 2099 2045 Oct.
2138 1977 2328 2045 1605.
2430 1981 2651 2044 Saluta
2678 1982 2754 2044 D.
2792 1981 3061 2044 Cancel-

354 2070 586 2136 larium.
679 2065 891 2134 Scribe
939 2073 1120 2135 situm
1169 2071 1422 2133 Ostelae
1471 2071 1548 2134 ad
1594 2071 1880 2148 Emdam,
1929 2068 2216 2133 Auricum
2264 2073 2371 2132 ac.
2431 2077 2494 2132 et
2540 2071 2711 2132 mitte
2758 2071 3063 2132 crastinae

357 2161 599 2242 eclipsis
646 2160 992 2222 observata.
2436 2157 2579 2221 Jok.
2624 2156 2881 2240 Kepler.

504 2265 795 2323 Proximam
851 2279 980 2330 qnae
1017 2263 1112 2314 bas
1167 2264 1464 2314 subsecutae
1509 2268 1626 2313 sunt
1675 2263 1851 2313 literae
1887 2263 2093 2328 Kepleri
2136 2264 2291 2315 datae
2326 2264 2375 2314 d.
2405 2261 2452 2312 1.
2477 2267 2610 2330 Aug.
2654 2260 2807 2312 1607.
2846 2265 3066 2316 maxima

354 2353 417 2390 ex
450 2343 594 2402 parte
630 2335 810 2386 Martis
845 2337 1089 2385 theoriam
1127 2335 1361 2391 attinent,
1401 2348 1552 2400 quare
1587 2333 1678 2384 has
1714 2334 1808 2384 hoc
1844 2335 1954 2384 loco
1988 2336 2442 2398 praetermittentes
2477 2337 2743 2385 transiixms
2772 2336 2838 2385 ad
2860 2335 3065 2385 ultimas

351 2423 386 2459 a
420 2407 641 2473 Keplero
678 2407 744 2458 ad
779 2407 1060 2457 Fabricium
1097 2406 1244 2455 datas
1281 2405 1328 2454 d.
1369 2403 1452 2454 10.
1491 2405 1617 2455 Nor.
1663 2401 1814 2462 ¹608,
1856 2420 1883 2456 e
1920 2406 2095 2470 quibus
2128 2419 2295 2470 pauca
2328 2406 2426 2456 buc
2465 2406 2732 2456 referenda
2766 2411 2898 2456 sunt.
2958 2405 3060 2455 Ini-

348 2481 474 2530 tium
508 2478 838 2544 respondendi
873 2479 999 2528 facit
1034 2478 1099 2527 ad
1133 2471 1304 2527 literas
1341 2476 1556 2526 Fabricii
1593 2477 1640 2526 d.
1681 2477 1729 2526 d.
1768 2473 1816 2524 2.
1858 2473 1997 2539 (12.)
2037 2476 2147 2526 Oct.
2193 2473 2354 2538 1608,
2403 2479 2457 2528 in
2493 2478 2669 2542 quibus
2703 2477 2839 2528 haud
2872 2491 3062 2544 paucas

351 2550 760 2616 deprehendimus
795 2548 1112 2616 quaestiones
1153 2548 1218 2598 ad
1256 2547 1577 2612 astrologiam
1609 2549 1934 2611 pertinentes,
1971 2549 2220 2598 scribens:
2671 2543 2677 2548 ’
2974 2588 2986 2603 ,

531 2639 711 2712 Quod
758 2649 1042 2718 aspectus
1087 2646 1414 2717 operantur
1459 2637 1520 2699 in
1565 2637 1715 2718 ipsis
1762 2637 2020 2717 punctis,
2070 2637 2150 2709 id,
2199 2636 2309 2710 aie,
2360 2655 2497 2698 esse
2542 2635 2827 2698 indicium
2870 2655 3061 2716 pecu-

349 2729 520 2793 liaris
567 2728 960 2793 ordinationis
1007 2725 1145 2789 Dei.
1239 2725 1374 2798 Quo
1421 2725 1623 2787 verius
1671 2725 1881 2787 dixisti
1920 2725 2405 2805 theologice,
2474 2725 2588 2786 hoc
2634 2725 2827 2799 minus
2876 2744 3061 2786 accu-

350 2826 484 2881 rate
531 2820 609 2879 ad
654 2816 1014 2899 physicas
1061 2816 1249 2895 leges.
1341 2814 1494 2877 Levi
1542 2816 1963 2877 emendatione
2025 2814 2213 2877 coibit
2273 2821 2382 2875 tua
2428 2816 2732 2877 sententia
2770 2834 2906 2877 cum
2948 2834 3061 2877 ve-

357 2907 557 2969 ritate.
668 2904 958 2967 Indicium
1027 2912 1122 2966 est
1185 2903 1490 2979 nimirum,
1561 2923 1678 2965 non
1742 2924 1879 2965 esse
1940 2903 2315 2965 materialem
2388 2902 2832 2978 conditionem,
2906 2922 3059 2984 quae

357 3004 668 3075 aspectum
713 2994 1106 3067 determinat,
1156 2993 1312 3055 sicut
1358 3002 1455 3055 est
1501 2992 1833 3055 materialis
1881 2992 2185 3069 conditio,
2235 3011 2386 3071 quae
2436 2991 2798 3055 determinat
2842 3010 3063 3072 opera-

355 3084 583 3145 tionem
628 3082 781 3144 radii
814 3080 998 3154 Solis,
1039 3082 1270 3143 scilicet
1318 3090 1486 3143 recta
1534 3081 1773 3162 objecta
1800 3080 2025 3142 Terrae
2065 3080 2431 3161 superficies.
2523 3082 2687 3144 Nam
2726 3100 2839 3161 quo
2868 3080 3063 3143 minus

351 3180 516 3233 recte
563 3172 804 3251 objecta
850 3177 949 3231 est
993 3170 1198 3251 aliqua
1244 3170 1611 3249 superficieS‚
1659 3170 1772 3231 hoc
1801 3171 1997 3231 minus
2046 3172 2263 3231 efficax
2293 3178 2388 3230 est
2418 3168 2574 3231 ictus
2623 3170 2775 3232 radii
2808 3169 3059 3232 Solaris.

349 3259 476 3322 Sed
521 3269 738 3322 contra
786 3260 846 3320 in
895 3259 1276 3338 aspectibus,
1343 3258 1482 3337 quia
1528 3278 1640 3319 non
1690 3258 2157 3339 aequiparantur
2212 3258 2300 3319 illi
2350 3256 2667 3319 continuae
2716 3258 3059 3339 quantitati,

349 3349 458 3410 sed
510 3348 714 3429 potius
771 3346 1100 3419 discretae,
1168 3365 1283 3407 non
1343 3354 1594 3425 agentes
1649 3347 1848 3425 magis
1906 3354 1969 3407 et
2024 3346 2219 3408 minus
2273 3366 2382 3425 pro
2436 3348 2649 3427 majori
2705 3348 2803 3407 vel
2848 3346 3063 3409 minori

349 3436 738 3499 inclinatione
786 3436 1034 3497 duorum
1063 3434 1380 3510 radiorum,
1429 3434 1564 3495 ideo
1603 3435 1895 3507 indicant,
1945 3434 2139 3496 Deum
2170 3435 2483 3496 ordinasse
2514 3436 2841 3496 facultates
2872 3454 3060 3515 quas-

357 3524 497 3587 dam
547 3524 840 3586 animales
887 3524 948 3585 in
994 3523 1090 3585 his
1131 3523 1356 3598 Terris,
1401 3523 1624 3585 mentis
1672 3523 2110 3605 quodammodo
2156 3522 2487 3603 participes
2523 3522 2599 3583 ad
2645 3522 3063 3603 percipiendas

349 3612 750 3694 geometricas
804 3612 1299 3693 pulchritudines,
1349 3630 1458 3673 seu
1506 3612 1690 3673 etiam
1738 3611 2111 3693 quantitates
2141 3612 2462 3685 discretae,
2513 3610 2726 3693 quibus
2754 3612 3059 3691 perceptis

348 3704 517 3783 ipsae
566 3710 777 3765 essent
820 3720 1114 3782 operosae
1163 3702 1223 3762 in
1271 3701 1634 3763 exsudandis
1681 3700 2026 3781 vaporibus.
2118 3700 2288 3762 Haec
2346 3707 2445 3762 est
2488 3698 2673 3779 igitur
2720 3700 2825 3761 illa
2870 3719 3058 3781 pecu-

345 3792 510 3853 liaris
558 3790 674 3853 Dei
721 3790 1038 3865 ordinatio,
1090 3791 1417 3853 facultates
1464 3790 1605 3851 illae
1653 3798 1798 3851 sunt
1842 3788 2135 3869 imagines
2174 3788 2307 3864 Dei,
2356 3788 2760 3869 percipientes
2806 3807 3055 3869 geome-

347 3880 564 3944 tricam
609 3878 1130 3960 pulchritudinem,
1172 3885 1241 3940 ut
1283 3878 1470 3940 Deus.
2998 3950 3003 3953 Ι

363 3978 374 3987 ·
518 3976 740 4029 Deinde:
788 3968 1181 4046 Astrologica
1207 3967 1532 4047 interjicis:
1584 3965 1680 4046 qni
1710 3965 1961 4046 planeta
2008 3966 2084 4026 ab
2132 3964 2251 4026 alio
2279 3966 2568 4045 patiatur,
2621 3985 2697 4026 an
2736 3965 2836 4045 qui
2864 3965 3057 4028 minor

341 4065 406 4121 et
455 4057 784 4134 obscurior,
834 4076 910 4119 an
957 4074 1101 4117 vero
1149 4056 1248 4135 qui
1295 4056 1578 4118 inferior?
1668 4054 1801 4134 Ego
1852 4053 2247 4134 astrologiam
2290 4054 2448 4116 inter
2495 4054 2823 4116 facultates
2853 4061 3051 4117 terre-

339 4143 500 4209 stres
550 4166 822 4207 exerceo.
928 4146 997 4207 In
1048 4145 1216 4207 coelo
1264 4143 1429 4205 nulla
1475 4154 1572 4207 est
1616 4150 1823 4204 mutua
1865 4144 2093 4223 passio,
2144 4144 2254 4204 sed
2298 4142 2358 4203 in
2390 4142 2787 4221 imaginativa
2815 4144 3055 4205 occulta

338 4235 734 4297 nascentium.
830 4232 954 4297 Sed
1001 4233 1246 4314 propius
1302 4233 1381 4294 ad
1425 4232 1724 4312 principia
1769 4232 2161 4311 astrologica.
2256 4229 2695 4311 Significatoris
2754 4240 2851 4293 est
2898 4230 3049 4311 pati,

339 4323 724 4401 promissoris
770 4342 972 4403 agere.
1063 4322 1232 4401 Ergo
1277 4340 1410 4384 cum
1456 4322 1516 4383 in
1564 4320 1787 4384 saniori
1835 4321 2170 4400 astrologia
2216 4320 2653 4400 significatores
2713 4319 2861 4381 nulli
2906 4320 3047 4389 sint,

337 4410 455 4473 nisi
501 4410 636 4485 Sol,
702 4413 906 4487 Luna,
969 4410 1456 4481 medium-coeli,
1522 4410 1887 4484 ascendens,
1934 4409 2050 4471 soli
2094 4410 2277 4489 igitur
2330 4409 2393 4470 hi
2438 4409 2763 4491 patientur.
2856 4408 3050 4472 Simul

333 4507 536 4562 tamen
584 4507 644 4561 et
693 4498 802 4562 Sol
849 4506 914 4561 et
959 4502 1135 4562 Luna
1182 4508 1366 4580 agent
1409 4499 1469 4561 in
1518 4500 1949 4561 ascendentem
1993 4507 2057 4560 et
2101 4498 2360 4560 medium
2406 4498 2591 4569 coeli,
2641 4498 2783 4579 quia
2826 4498 2937 4563 Sol
2985 4508 3049 4562 et

334 4589 509 4650 Luna
555 4596 697 4650 sunt
742 4588 930 4651 etiam
971 4589 1390 4669 promissores.

419 4694 704 4828 ²⁰l{)enique
739 4694 965 4746 Fabricio
1005 4692 1383 4761 „prognostioa“
1420 4695 1614 4758 petenti
1649 4694 1884 4752 nunciat,
1922 4707 1987 4743 ea
2040 4692 2347 4744 conscribere
2390 4707 2449 4742 se
2501 4692 2820 4745 intermisisse
2858 4693 3039 4761 (comp.

328 4782 377 4832 P·
469 4800 694 4907 Ultimae
729 4852 1030 4905 Fabricii
1064 4854 1240 4905 literae
1277 4852 1341 4903 ad
1365 4852 1640 4917 Keplerum
1676 4852 1829 4903 datae
1864 4858 1981 4902 sunt
2016 4853 2065 4902 d.
2108 4850 2189 4901 12.
2232 4848 2371 4916 (22.)
2392 4851 2543 4901 Mart.
2586 4850 2740 4911 1609,
2779 4868 2808 4905 e
2844 4856 3035 4920 quibus,

327 4932 384 4976 ut
402 4926 549 4993 huJus
571 4926 826 4977 literarum
851 4927 1131 4983 commercii
1153 4926 1304 4977 finem
1325 4926 1588 4980 faciamus.
1624 4924 1753 4975 haec
1775 4938 1944 4991 pauca
1968 4924 2318 4975 desumsimus:
2356 4936 2467 4989 ego,
2494 4924 2667 4991 inquit,
2706 4930 2847 4992 puto,
2870 4926 3036 4979 Deum
