3634 5575
544 279 673 347 344
1394 282 1597 332 Literae
1634 280 1840 345 Kepleri
1876 281 2176 345 aliorumque
2209 226 2442 331 mutuae-

542 444 605 506 in
654 440 695 506 2
721 438 749 475 ⁰
791 440 849 518 ὅ
892 441 1302 520 parallactice,
1352 448 1451 505 est
1494 450 1697 505 tamen
1743 440 1907 502 ultra
1963 435 2088 503 17⁰
2132 439 2188 515 ὅ
2235 441 2590 516 eccentrice,
2641 447 2708 503 et
2750 460 2894 503 vero
2938 441 3070 521 ipse
3107 458 3273 523 pro-

540 531 707 612 prius
752 528 973 593 Martis
1020 539 1220 594 motus
1270 530 1420 593 facit
1464 529 1851 602 latitudines3
1900 530 2247 609 parallaxes
2295 538 2532 592 tantum
2561 538 2790 609 augent
2827 531 2924 592 vel
2963 524 3264 606 minuunt,

542 621 753 702 quales
798 618 1128 708 inveniunt.
1220 620 1314 682 De
1376 618 1702 681 directione
1761 618 2156 697 objectionem
2204 618 2349 680 dilui
2413 621 2592 681 modo
2639 638 2774 680 meo
2831 638 3018 699 supra
3061 638 3258 700 expo-

542 709 683 783 sito,
732 696 1067 788 qui‘habet
1112 717 1583 770 consentaneum
1631 714 1695 769 et
1741 708 2078 769 naturalem
2111 708 2366 780 modum,
2415 716 2484 769 ut
2513 708 2641 769 dies
2679 706 2984 787 significet
3011 728 3260 771 annum.

682 796 1055 848 Fabricius:
1112 797 1477 863 Tengnaglium
1527 796 1593 847 ad
1628 795 2024 859 respondendum
2060 808 2262 847 moveas
2309 802 2360 845 et
2397 796 2530 847 brevi
2563 796 2865 860 respondeas
2901 797 2968 847 ad
3003 798 3171 847 emnia
3209 804 3266 847 et

540 868 763 935 singula3
802 869 875 919 sic
912 882 991 918 me
1030 868 1095 918 ad
1132 868 1275 933 plura
1310 867 1643 934 excogitanda
1676 868 1924 925 incitabis,
1963 872 2021 917 nt
2053 867 2299 917 hactenus
2336 867 2542 918 factum.

682 938 813 989 Vale
862 941 1288 1002 praestantissime
1339 940 1442 1000 vir,
1490 940 1601 1003 vige
1640 946 1691 989 et
1724 938 1844 987 fiere
1899 944 1952 987 et
1987 938 2235 1002 triumpha
2271 936 2322 998 d*
2363 945 2415 988 et
2451 944 2622 989 cetera
2658 944 2826 997 astra;
2876 953 2966 988 nos
3005 938 3260 1003 astrophili

538 1011 783 1061 tubicines
818 1009 1006 1075 gloriae
1043 1018 1162 1061 tuae
1198 1011 1386 1061 strenui
1424 1010 1603 1060 erimus
1641 1013 1693 1059 et
1729 1024 1840 1059 esse
1877 1008 2115 1059 volumus.
2191 1002 2371 1059 Saiuta
2395 1010 2632 1060 circulum
2657 1016 2796 1060 tuum
2823 1024 2885 1061 ex
2909 1024 2988 1060 me
3015 1010 3258 1069 officiose,

541 1081 810 1133 Dominum
845 1080 1161 1132 Matthaeum
1200 1078 1543 1145 (Seyfardum)
1580 1087 1633 1132 et
1666 1081 1805 1131 alios.

680 1151 811 1202 Vale
847 1150 937 1203 &c-
1013 1152 1211 1203 Esenae
1250 1154 1296 1203 d.
1336 1150 1421 1201 24.
1458 1154 1579 1203 Jun.
1618 1166 1665 1201 v.
1703 1157 1767 1201 st.
1810 1148 1965 1200 1603.

680 1222 740 1275 In
775 1223 931 1273 literis
968 1224 1281 1283 brevioribus,
1321 1237 1448 1289 quae
1484 1223 1577 1273 has
1613 1228 1819 1274 secutae
1857 1228 1992 1285 sunt,
2027 1222 2156 1275 haec
2193 1220 2603 1285 deprehendimus
2637 1221 2735 1271 huc
2772 1222 3063 1275 referenda:

679 1292 739 1345 In
765 1294 1051 1355 Hella-ndia,
1092 1296 1261 1345 scribit
1284 1295 1651 1352 Fabricius,
1690 1294 1894 1343 moritur
1916 1300 2034 1343 ante
2072 1307 2256 1344 annum
2282 1292 2603 1343 Martinus
2642 1292 2991 1344 Everartus
3029 1300 3255 1343 astrono-

534 1380 663 1417 mus.
738 1364 879 1415 Duos
913 1366 981 1415 ibi
1017 1367 1209 1424 inveni,
1246 1367 1353 1431 qui,
1408 1372 1609 1430 praeter
1646 1363 1971 1429 Scaligerum,
2020 1364 2373 1429 quadraturam
2417 1364 2584 1413 circuli
2631 1371 2874 1415 asserunt.
2949 1366 3254 1417 Geometras

537 1437 640 1487 illic
674 1437 895 1493 maximi,
934 1438 1201 1487 astronomi
1242 1438 1515 1502 proletarii,
1556 1436 1795 1501 astrologi
1834 1436 1969 1485 nulli.
2045 1436 2205 1486 Tuum
2243 1434 2560 1495 Prodromum
2598 1434 2762 1483 multis
2800 1436 3154 1486 commendavi.

682 1506 835 1558 Plura
869 1508 1003 1557 nunc
1038 1523 1137 1557 non
1173 1508 1334 1558 habeo
1347 1544 1361 1567 ,
1418 1507 1548 1573 quod
1594 1513 1688 1557 tua
1741 1508 1805 1557 ad
1841 1508 2004 1557 varias
2039 1521 2180 1557 meas
2216 1506 2416 1556 diversis
2452 1507 2753 1571 temporibus
2801 1512 2854 1555 et
2887 1507 3041 1556 literis
3077 1522 3254 1571 propo-

542 1579 666 1629 sitas
704 1580 1021 1643 quaestiones
1059 1579 1267 1629 sollicite
1306 1586 1587 1643 exspectem
1624 1591 1890 1642 responsa;
1929 1577 2059 1642 quod
2095 1593 2190 1643 quo
2228 1578 2372 1627 citius
2407 1578 2600 1638 feceris,
2639 1592 2697 1627 eo
2733 1579 2924 1642 gratius
2960 1579 3068 1628 erit.
3143 1578 3256 1628 Ha-

540 1649 679 1700 bebis
716 1654 892 1712 postea
927 1650 1243 1708 mirabiliora,
1281 1664 1412 1715 quae
1446 1650 1545 1701 buc
1580 1648 1697 1699 illue
1732 1649 1784 1697 in
1821 1648 2039 1699 Batavis
2075 1654 2368 1699 consecutus
2405 1664 2528 1699 sum.

680 1718 861 1771 Saluta
897 1719 963 1770 D.
1004 1720 1367 1772 Cancellarinm
1400 1727 1620 1771 nostrum
1658 1726 1711 1769 et
1744 1718 1811 1769 D.
1838 1720 2040 1770 Petrum
2063 1718 2372 1777 Vischerum,
2407 1727 2642 1783 patronos
2679 1732 2815 1769 meos
2851 1720 3102 1783 quondam
3119 1722 3256 1784 opti-

537 1804 661 1847 mos,
700 1805 903 1855 quornm
940 1792 1205 1843 destitutus
1242 1792 1443 1843 consilio
1480 1798 1534 1842 et
1569 1791 1749 1841 auxilio
1786 1806 1921 1842 nunc
1957 1792 2134 1841 misere
2169 1793 2276 1841 vivo
2315 1798 2367 1840 et
2403 1790 2465 1841 de
2500 1790 2826 1854 relinquenda
2862 1792 3028 1853 patria
3065 1794 3254 1858 cogito.

540 1860 585 1911 Ο
621 1861 905 1913 instabilem
942 1862 1134 1914 aulam!
1174 1862 1217 1913 Ο
1255 1864 1417 1913 varios
1454 1863 1601 1914 aulae
1638 1862 1824 1912 mores!
1885 1860 1928 1912 Ο
1965 1869 2188 1913 monstra
2224 1861 2392 1912 aulica
2427 1862 2544 1911 afris
2583 1860 2794 1910 diriora!

679 1932 946 1984 Dabuntur
980 1934 1179 1986 Esenae
1217 1949 1277 1985 ex
1312 1940 1501 1985 moesto
1537 1948 1765 1995 musaeo,
1825 1934 1978 1985 flente
2032 1940 2085 1984 et
2121 1935 2420 1999 agonizante
2455 1933 2650 1984 Urania
2696 1938 2869 1981 nostra
2903 1931 2952 1981 d.
2996 1929 3075 1981 11.
3116 1930 3256 1997 (21.)

502 2002 513 2009 “
540 2004 669 2071 Aug.
710 2000 865 2053 1603.
2060 1998 2214 2055 'Taae
2250 2004 2601 2054 Praestantiae
2639 2002 3004 2053 addictissimus

2278 2074 2343 2126 D.
2381 2075 2734 2125 Fabricius.

682 2143 892 2209 Spectat
943 2146 1019 2196 his
1064 2146 1275 2211 querelis
1324 2144 1499 2212 (quas,
1562 2147 1623 2195 ob
1668 2140 1872 2195 manum
1925 2146 2014 2195 viri
2066 2146 2204 2197 lectu
2247 2142 2584 2196 difficillimam
2639 2160 2738 2194 non
2793 2144 2941 2208 plane
2992 2145 3254 2197 enucleare

538 2213 809 2280 potuimus)
859 2216 1111 2267 Fabricius
1148 2232 1285 2282 spem
1322 2218 1447 2268 forte
1492 2223 1601 2267 tum
1635 2218 1868 2280 temporis
1902 2222 2120 2273 tenuem,
2155 2222 2332 2281 postea
2365 2217 2562 2267 demum
2600 2214 2716 2278 (sub
2751 2215 2899 2266 finem
2939 2218 3057 2266 anni
3097 2214 3250 2268 1603.

542 2286 711 2351 Comp.
750 2302 797 2352 p.
839 2283 967 2347 341)
1005 2289 1071 2338 ad
1108 2296 1338 2349 eventum
1372 2289 1663 2353 perductam
1699 2288 1868 2339 Esena
1904 2287 2127 2339 Ostelam
2162 2288 2564 2353 transmigrandi.

678 2367 991 2432 Keplerus
1046 2369 1173 2419 haee
1226 2376 1424 2419 tantum
1471 2368 1747 2432 respondit:
1828 2358 1999 2430 Quae
2065 2359 2366 2422 mirabilia
2428 2358 2684 2439 Belgica
2739 2358 2984 2438 jactas,
3059 2361 3249 2440 primo

538 2466 767 2529 quoque
816 2454 1086 2529 tempore
1136 2450 1353 2513 scribe.
1450 2448 1929 2512 Commentarios
1967 2444 2491 2529 tespaymng'o'nae
2535 2449 2711 2528 parvi
2741 2448 2930 2521 facio;
2979 2469 3106 2511 rem
3135 2450 3250 2511 im-

532 2536 884 2615 possibilem
930 2545 1189 2613 tentant,
1240 2539 1397 2620 quod
1444 2539 1609 2611 scio;
1657 2535 1962 2612 ἐπιςαμαι,
2012 2538 2274 2617 inquam.
2327 2542 2518 2609 (comp.
2570 2561 2620 2610 p.
2653 2542 2809 2623 338.)

675 2625 1016 2677 Fabricius
1068 2623 1138 2688 (d.
1177 2624 1262 2675 22.
1303 2625 1427 2677 Dec.
1466 2642 1512 2676 v.
1551 2632 1614 2675 st.
1667 2624 1850 2688 1603):
1909 2626 2108 2686 Quaeso
2157 2625 2448 2689 plurimum,
2503 2631 2561 2674 ut
2609 2624 2926 2688 respondeas.
3002 2626 3162 2675 Video
3199 2634 3250 2677 te

532 2696 869 2761 tergiversari,
922 2697 1052 2762 quod
1090 2705 1142 2748 et
1177 2704 1349 2761 aperte
1384 2698 1649 2755 miniteris,
1698 2699 1795 2747 nisi
1832 2699 1898 2747 ad
1934 2703 2073 2748 tuam
2113 2696 2597 2747 dissertatiunculam
2643 2696 2994 2758 respondeam,
3048 2696 3163 2761 quid
3198 2700 3250 2747 in

538 2782 603 2819 ea
636 2768 837 2833 probem
874 2768 951 2819 vel
986 2770 1255 2833 improbem
1294 2765 1490 2834 (Comp.
1516 2785 1564 2834 p.
1594 2764 1740 2829 326).
1814 2769 1922 2835 Ego
1963 2776 2098 2820 certe
2135 2784 2234 2819 non
2271 2770 2313 2818 is
2350 2778 2476 2826 Sum,
2513 2782 2607 2818 nec
2643 2773 2792 2817 tanta
2829 2774 2908 2817 est
2942 2768 3130 2834 ingenii
3155 2771 3250 2818 mei
3334 2813 3342 2822 .

531 2840 803 2896 subtilitas,
854 2847 913 2889 ut
960 2841 1165 2890 subtiles
1218 2847 1330 2890 tuas
1380 2842 1598 2891 rationes
1646 2842 1932 2904 percipiam.
2007 2839 2142 2890 Nihil
2183 2855 2300 2891 vero
2351 2841 2513 2905 magis
2557 2854 2638 2889 me
2675 2845 2838 2892 movet
2851 2873 2864 2894 ,
2919 2855 3069 2903 quam
3124 2841 3253 2905 quod

535 2909 721 2961 Terrae
758 2910 1027 2960 animalem
1064 2911 1357 2969 {scultatem
1397 2913 1602 2966 tribuas.
1640 2925 1849 2975 eamque
1886 2917 2176 2976 aspectuum
2215 2912 2513 2975 operationis
2558 2923 2724 2960 veram
2763 2924 2968 2961 causam
3007 2925 3131 2961 esse.
3193 2913 3250 2962 In
3270 2948 3281 2954 -

535 2981 713 3031 ceteris
750 2981 872 3030 nihil
910 2981 1149 3032 desidero.
1380 3023 1397 3032 -
2761 2977 2772 2982 ’

672 3051 734 3101 In
771 3052 1077 3117 astrologicis
1108 3053 1307 3116 ,iudiciis
1344 3053 1601 3118 genesium
1650 3067 1783 3102 nunc
1823 3053 2128 3104 constantior
2165 3057 2217 3102 et
2253 3052 2650 3115 circumspectior
2702 3065 2812 3102 esse
2847 3051 3029 3116 incipio
3046 3088 3060 3111 ,
3115 3060 3250 3117 post·

536 3135 684 3186 quam
720 3127 861 3171 tuam
900 3122 1383 3188 dissertatiunculam
1418 3122 1518 3188 legi
1574 3129 1625 3174 et
1660 3130 1775 3174 tuas
1811 3127 2031 3174 rationes
2069 3125 2343 3175 contrarias
2387 3123 2612 3188 cognovi.
2687 3122 2831 3182 Quod
2867 3124 3250 3186 profectionibus

530 3193 653 3242 nihil
687 3193 889 3254 tribuis,
944 3194 994 3243 in
1034 3209 1095 3244 eo
1132 3202 1185 3245 te
1220 3194 1429 3246 multum
1468 3209 1501 3244 a
1536 3208 1684 3260 scopo
1721 3196 1952 3245 aberrare
1990 3210 2078 3244 suo
2114 3201 2335 3258 tempore
2373 3195 2479 3258 ipse
2516 3207 2801 3260 cognosces.
2876 3193 3021 3251 Scio,
3064 3201 3116 3245 te
3153 3211 3251 3246 non

530 3263 679 3314 facile
716 3279 850 3314 nunc
887 3279 1205 3316 assensurum
1239 3267 1375 3323 mihi,
1412 3267 1697 3331 priusquam
1736 3280 1797 3317 ex
1834 3267 1960 3316 veris
1997 3268 2206 3316 motibus
2245 3264 2314 3325 ὁ·
2337 3271 2388 3316 et
2421 3264 2452 3325 b
2493 3261 2638 3329 (quos
2675 3265 2837 3314 adhuc
2871 3262 3120 3327 desidero)
3158 3268 3248 3316 tibi

530 3333 677 3385 fidem
713 3335 906 3394 fecero,
958 3351 1053 3388 nec
1090 3337 1211 3388 mihi
1246 3352 1437 3402 quoque
1475 3345 1631 3388 antea
1676 3339 1731 3387 in
1766 3338 1991 3388 omnibus
2027 3338 2320 3388 satisfacere
2355 3351 2569 3400 possum.
2645 3334 2758 3385 Non
2796 3336 2984 3394 dubito,
3023 3345 3075 3387 te
3117 3331 3178 3404 Ο]
3213 3337 3247 3396 Β

531 3411 585 3454 et
619 3405 665 3468 21.
703 3406 965 3472 diligenter
1000 3423 1087 3472 per
1122 3410 1450 3460 instrumenta
1473 3409 1761 3472 Tychonica
1796 3410 2099 3460 observasse.
2176 3407 2538 3466 eommunices,
2573 3419 2776 3472 quaeso,
2813 3414 2872 3458 ut
2897 3415 2950 3458 et
2983 3409 3036 3458 in
3075 3401 3133 3474 Q,
3174 3401 3224 3472 Ω
3238 3445 3251 3458 .

533 3475 640 3543 Ego
676 3491 827 3529 mane
864 3479 999 3529 circa
1030 3480 1082 3532 h.
1123 3479 1172 3530 7.
1211 3481 1425 3545 positum
1459 3481 1558 3531 vidi
1594 3481 1751 3532 hunc:

2311 3581 2403 3646 *¹5

1510 3761 1555 3864 ᾗ
1796 3686 1850 3790 53
2091 3684 2138 3786 {i

673 3902 933 3956 Distantia
968 3905 1015 3967 ‘li
1054 3911 1107 3954 et
1140 3903 1172 3965 15
1212 3903 1409 3952 circiter
1444 3900 1477 3950 2
1495 3898 1536 3952 ⁰.
1602 3895 1645 3968 Q
1681 3902 1867 3965 optime
1903 3901 2146 3951 videbam.

652 3973 924 4039 'Scripsisti
962 3975 1028 4026 ad
1064 3973 1465 4031 Ridderhusium,
1504 3978 1555 4023 te
1591 3974 1838 4025 rationem
1874 3973 2026 4023 eiiam
2063 3971 2536 4037 compendiosiorem
2581 3973 2883 4038 supputandi
2919 3979 3110 4023 motum
3147 3973 3250 4023 Lu-

531 4059 631 4096 nae
666 4047 927 4097 invenisse.
1005 4046 1365 4102 communices,
1410 4059 1545 4110 rogo.
1618 4099 1623 4102 ,

676 4115 814 4168 Scir'e
852 4119 1023 4181 cupio,
1078 4131 1144 4166 an
1183 4115 1427 4181 quaedam
1481 4115 1777 4180 specialiora
1831 4115 1892 4165 de
1927 4127 2117 4180 magna
2167 4116 2514 4178 conjunctione
2564 4115 2630 4164 sis
2675 4113 2933 4164 editurus?
3007 4113 3250 4164 Herlicius

533 4188 903 4238 reformatorem
941 4203 1001 4238 ex
1040 4187 1268 4252 aquilone
1310 4185 1538 4248 (Danum
1574 4189 1779 4237 innuere
1816 4181 2034 4248 videtur)
2071 4185 2324 4249 producit3
2363 4187 2451 4236 sed
2487 4200 2636 4250 quam
2673 4193 2825 4243 certe,
2863 4195 2964 4235 non
3001 4185 3156 4234 video.

676 4257 837 4319 Quem
888 4260 1009 4310 dicit
1044 4259 1315 4316 Fabricius,
1354 4256 1681 4308 Riddersh
1694 4259 1876 4307 usius
1916 4253 2251 4320 (Ludolphus)
2290 4257 2502 4307 Bremae
2551 4257 2792 4323 degebat·
2825 4263 2877 4307 et
2923 4269 3092 4319 pauca
3140 4270 3251 4305 cum

532 4329 751 4394 Keplero
803 4332 907 4397 egit
956 4345 1044 4394 per
1090 4330 1259 4380 literas
1314 4329 1378 4381 de
1431 4329 1677 4393 Tychonis
1732 4329 1958 4393 operibus
1997 4325 2191 4390 (Comp.
2245 4327 2555 4378 Hanschium
2608 4344 2656 4392 p.
2697 4325 2800 4376 202
2838 4323 2967 4392 sq.).'
3031 4327 3252 4378 Davides

531 4400 897 4459 Hei-licius,
958 4400 1247 4460 „Medicus,
1304 4401 1652 4455 Astronomus,
1700 4399 1979 4448 Histoi-icus
2013 4404 2068 4448 et
2101 4397 2292 4448 Poeta“
2334 4398 2463 4461 (nat.
2519 4401 2572 4448 in
2607 4399 2784 4464 oppido
2821 4400 2964 4449 Zeita
3003 4412 3050 4448 a.
3094 4395 3246 4447 155⁷.

530 4477 674 4522 mort.
714 4471 972 4538 Stargardi
1008 4487 1056 4523 a.
1078 4468 1287 4534 4636),
1346 4471 1645 4537 astrologiae
1696 4471 2000 4522 vanitatibus
2050 4483 2200 4533 quam
2245 4471 2458 4520 maxime
2495 4471 2721 4529 deditus,
2779 4470 2912 4520 hanc
2947 4471 3250 4520 sententiam

532 4543 751 4593 exhibuit
784 4546 910 4595 forte
944 4545 997 4593 in
1033 4544 1156 4595 libro
1198 4543 1309 4602 „die
1335 4541 1713 4608 Sternglocke“,
1754 4538 1916 4591 1603.
1991 4539 2046 4590 Si
2081 4540 2186 4604 quis
2223 4541 2366 4605 plura
2402 4541 2467 4591 de
2491 4541 2693 4593 Hei-licii
2719 4543 2913 4606 scriptis
2952 4555 3249 4606 cognoscere

530 4613 674 4672 velit,
714 4628 825 4666 eum
861 4616 1108 4677 rejicimus
1145 4613 1211 4664 ad
1247 4613 1476 4665 Joecheri
1510 4613 1730 4664 Lexicon
1743 4648 1760 4668 .
1804 4613 1889 4678 qui
1922 4617 2156 4662 recenset
2189 4612 2382 4663 illorum
2417 4613 2622 4678 longam
2657 4613 2850 4662 seriem.

711 4703 1137 4784 Keplerus:
1199 4695 1679 4765 Observationes
1710 4709 1956 4764 nostrae
2004 4700 2248 4780 frigent.
2341 4701 2753 4763 Instrumenta
2788 4702 2848 4762 in
2880 4703 3052 4762 horto
3083 4699 3247 4763 Cae-

532 4789 691 4854 saris
738 4791 849 4855 sub
896 4792 993 4854 dio
1041 4798 1417 4873 putrescunt.
1514 4791 1668 4853 Utor
1714 4797 1997 4853 sextante
2055 4797 2119 4851 et
2169 4790 2502 4870 quadrante
2551 4809 2738 4870 parvo
2805 4810 2880 4852 ex
2925 4788 3248 4854 Hofmanni
