3634 5575
1490 424 1665 467 eoum
1700 414 1896 481 um
2911 420 3042 488 273

222 612 237 619 -
328 568 441 631 sed
484 576 731 651 propter
774 570 1167 651 evagationes
1215 574 1475 636 Veneris
1521 583 1587 637 et
1630 576 1914 639 Mercurii
1970 576 2152 639 dividi
2209 576 2272 637 in
2329 585 2476 639 tres.
2569 578 2639 641 Id
2696 586 2896 643 autem
2953 582 3040 657 iit,

328 658 383 719 si
428 656 537 721 Sol
592 665 803 721 teneat
856 660 1286 732 eccentricum,
1353 662 1564 725 Venus
1630 672 1697 726 et
1740 664 2076 727 Mercurius
2135 665 2406 745 singulos
2463 666 2526 727 iu
2585 685 2655 728 eo
2719 669 3041 750 epicyclos.

326 746 563 809 Deinde
609 748 747 809 vide
792 747 937 809 mihi
984 749 1300 812 Platonem
1347 751 1521 832 quasi
1568 771 1643 814 ex
1680 750 1974 815 Martiani
2020 753 2326 815 schemate
2371 762 2786 816 recensentem
2833 758 3040 819 ordine

328 833 568 910 Solem,
634 835 1022 913 Mercurium,
1090 838 1419 901 Venerem:
1494 850 1611 901 non
1678 850 1892 903 contra
1935 840 2172 916 Solem,
2233 842 2560 912 Venerem,
2636 843 3040 919 Mercurium:

328 924 663 987 Mercurius
719 925 875 985 enim
940 926 1053 987 hac
1108 926 1339 989 ratione
1392 929 1635 1009 propior
1688 929 1758 991 fit
1802 928 1936 991 Soli
1981 950 2160 1010 quam
2209 930 2440 992 Venus.
2535 930 2742 993 Tertio
2788 932 3038 1013 phrasin

332 1012 610 1093 loquendi
655 1014 1244 1093 ‚,comprehendere“
1302 1034 1413 1096 pro
1470 1018 1828 1079 antecedere
1882 1019 2123 1080 videtur
2167 1018 2349 1080 Plato
2398 1016 2688 1098 Capellae
2742 1022 3036 1101 suppedi-

328 1110 519 1165 tasse.
614 1098 849 1173 Quarto
896 1109 961 1163 et
986 1102 1219 1165 Plinius
1265 1124 1434 1166 suam
1480 1124 1686 1167 vocem
1734 1126 2102 1182 „conversas
2134 1106 2442 1191 „apsidas“
2487 1126 2564 1169 ex
2589 1107 2866 1170 Platonis
2893 1128 3040 1173 voce

328 1190 737 1265 „contrariam
800 1191 967 1252 vim“
1020 1192 1343 1281 deduxisse
1402 1193 1659 1256 videtur.
1756 1196 1968 1275 ltaque
2025 1195 2142 1257 duo
2197 1196 2285 1268 hi,
2351 1195 2584 1257 Plinius
2645 1204 2710 1258 et
2765 1194 3040 1277 Capella,

326 1280 645 1341 Platonem
684 1278 903 1341 imitati
948 1279 1139 1341 videri
1186 1290 1443 1361 possunt
1488 1302 1773 1362 suamque
1810 1302 1890 1345 ex
1935 1284 2048 1345 hoc
2095 1283 2374 1346 hausisse
2419 1284 2805 1347 sententiam.
2881 1284 3039 1347 Om-

332 1368 491 1429 nium
537 1386 679 1429 vero
732 1367 1227 1431 manifestissime
1272 1370 1646 1446 Macrobius,
1707 1372 1807 1451 qui
1853 1372 2012 1434 inter
2075 1380 2386 1452 utrumque
2440 1372 2592 1433 vixit
2649 1374 2856 1453 quinto
2899 1382 3045 1453 post

332 1455 640 1519 Christum
700 1458 901 1519 seculo
912 1474 933 1529 ς
996 1456 1051 1517 is
1096 1458 1255 1519 enim
1334 1478 1399 1521 se
1464 1459 1852 1521 manifestum
1907 1460 2184 1521 Platonis
2247 1460 2642 1539 interpretem
2703 1462 3036 1541 profitetur.

336 1542 717 1619 „Ciceroni“,
775 1544 969 1625 inquit
1014 1544 1383 1617 (Commeat.
1434 1547 1493 1609 in
1525 1546 1838 1611 Somnium
1868 1547 2170 1629 Scipionis
2199 1548 2248 1623 Ι,
2304 1544 2436 1622 19),
2489 1547 2930 1622 „Archimedes
2975 1559 3044 1613 et

333 1632 781 1696 Chaldaeorum
826 1632 983 1695 ratio
1048 1634 1380 1711 consentit,
1446 1634 1624 1698 Plato
1671 1636 2015 1718 Aegyptios
2080 1637 2340 1699 omnium
2383 1636 2802 1716 philosophiae
2849 1638 3040 1700 disci-

330 1720 628 1801 plinarum
688 1728 976 1802 parentes
1031 1729 1273 1785 secutus
1320 1730 1441 1799 est,
1512 1725 1613 1804 qui
1665 1724 1757 1786 ita
1803 1724 2012 1787 Solem
2065 1725 2224 1785 inter
2278 1724 2516 1786 Lunam
2569 1732 2633 1786 et
2677 1726 3041 1788 Mercurium

332 1810 597 1873 locatum
644 1810 873 1883 volunt,
923 1822 993 1872 ut
1036 1811 1333 1873 rationem
1375 1819 1579 1874 tamen
1628 1812 2134 1893 deprehenderint
2179 1818 2244 1873 et
2291 1806 2608 1882 edixerint,
2658 1831 2764 1874 cur
2800 1834 2838 1875 a
2882 1833 3038 1876 non-

332 1897 517 1961 nullis
573 1896 681 1959 Sol
739 1916 921 1977 supra
966 1896 1329 1962 Mercurium
1385 1919 1681 1981 supraque
1739 1902 2044 1965 Venerem
2091 1920 2226 1963 esse
2292 1900 2589 1964 credatur.
2700 1901 2864 1964 Nam
2927 1922 3040 1965 nec

332 1986 449 2061 illi,
520 1986 619 2066 qui
664 1986 755 2047 ita
802 1987 1178 2062 existimant,
1247 2008 1285 2049 a
1330 1990 1532 2068 specie
1578 1990 1706 2051 veri
1762 1991 1972 2070 procu}
2037 1988 2391 2051 aberrant.“
2479 1990 2614 2051 Uno
2673 1989 2859 2051 verbo
2925 1990 3038 2052 hoc

338 2074 489 2138 dicit
514 2073 882 2149 Macrobius,
930 2082 1247 2155 utrumque
1296 2077 1733 2157 quodammodo
1779 2097 1988 2141 verum
2035 2097 2192 2149 esse,
2237 2084 2304 2137 et
2349 2078 2505 2157 quod
2535 2076 2644 2139 Sol
2691 2096 2874 2156 supra
2901 2078 3036 2139 Ve-

334 2180 539 2225 nerem
585 2171 651 2224 et
693 2163 1058 2226 Mercurium
1105 2165 1212 2240 sit,
1275 2173 1339 2226 et
1384 2166 1539 2247 quod
1587 2166 1762 2230 infra.
1857 2166 2172 2247 Sequitur:
2222 2164 2624 2245 „Opinionem
2669 2184 2810 2227 vero
2855 2166 3036 2229 istius

332 2251 793 2332 permutationis
846 2252 1186 2332 hujusmodi
1243 2250 1401 2315 ratio'
1446 2254 1818 2333 persuasit.“
1907 2254 2381 2316 Permutationis
2437 2272 2583 2315 voce
2639 2254 2878 2315 videtur
2929 2254 3040 2317 illa

331 2340 611 2403 Platonis
656 2339 845 2401 verba
887 2341 1327 2421 perstringere:
1377 2344 1933 2423 „comprehendunt
1961 2363 2026 2404 se
2059 2349 2262 2405 mutuo
2293 2349 2358 2404 et
2386 2341 3035 2421 comprehenduntur.“

333 2427 532 2504 Quod,
578 2429 795 2509 inquit,
827 2428 1005 2493 Plato
1044 2430 1327 2508 opinatus
1358 2438 1471 2505 est,
1532 2432 1714 2493 situm
1742 2431 1954 2493 horum
1999 2432 2246 2493 duorum
2295 2448 2570 2493 erronum
2594 2438 2682 2492 -et
2726 2430 2890 2493 Solis
2935 2432 3034 2493 in-

331 2518 571 2581 terdum
617 2536 753 2579 cum
798 2518 1100 2581 contrario
1146 2518 1493 2597 permutari,
1542 2539 1729 2581 causa
1772 2520 1924 2581 haec
1973 2520 2116 2581 fuit:
2167 2540 2250 2594 „a
2277 2518 2523 2581 Saturni
2553 2518 2830 2598 sphaera,
2881 2537 3036 2601 quae

334 2613 433 2669 est
476 2607 673 2686 prima
718 2606 793 2668 de
832 2614 1083 2687 septem,
1131 2626 1319 2687 usque
1369 2607 1448 2668 ad
1494 2610 1813 2687 sphaeram
1857 2608 2033 2669 Jovis
2081 2628 2119 2669 a
2163 2626 2398 2669 summa
2453 2608 2776 2668 secundam
2839 2608 3033 2670 inter-

325 2696 481 2775 jecti
534 2694 721 2776 spatii
778 2702 957 2757 tanta
1003 2700 1101 2757 est
1162 2696 1485 2768 distantia,
1568 2704 1636 2758 ut
1690 2696 1924 2759 zodiaci
1982 2697 2272 2759 ambitum
2355 2696 2628 2774 superior
2689 2692 2776 2757 30
2841 2695 3034 2766 annis,

338 2782 421 2847 12
468 2803 610 2847 vero
668 2784 843 2846 annis
902 2784 1176 2863 subjecta
1233 2784 1526 2847 conficiat.
1621 2784 1856 2848 Rursus
1916 2792 2154 2849 tantum
2199 2805 2236 2846 a
2291 2782 2445 2846 Jove
2508 2783 2770 2864 sphaera
2813 2783 3036 2848 Martis

333 2873 592 2948 recedit,
658 2880 726 2934 ut
786 2873 1037 2935 eundern
1086 2893 1321 2935 cursum
1385 2874 1623 2936 biennio
1661 2875 2002 2955 ‘peragat.“
2091 2875 2208 2936 His
2263 2881 2328 2935 et
2388 2872 2776 2952 sequentibus
2831 2874 3033 2935 verbis

332 2961 523 3025 habes
569 2961 1125 3040 interpretationem
1174 2963 1332 3041 ejuS,
1384 2963 1541 3042 quod
1584 2963 1764 3025 Plato
1827 2964 1999 3034 dicit,
2065 2963 2384 3044 „posuisse
2430 2961 2626 3023 Deum
2673 2979 2928 3041 corpora
2969 2963 3034 3023 in

332 3051 595 3112 ambitus
643 3069 774 3125 eos,
836 3068 983 3129 quos
1030 3050 1316 3130 cujusque
1361 3052 1708 3131 periodus“,
1756 3060 1904 3113 nota
1949 3071 2036 3113 sc.
2085 3051 2376 3130 temporis
2431 3050 2790 3112 restitutorii
2838 3069 3032 3132 quan-

330 3139 505 3214 titas,
554 3137 878 3202 desideret.
969 3138 1182 3218 Pergit
1208 3139 1593 3202 Macrobius:
1643 3140 1900 3215 „Venus
1948 3146 2150 3202 autem
2195 3147 2294 3200 est
2337 3147 2510 3200 tanto
2538 3139 2783 3218 regione
2811 3139 3032 3200 Martis

332 3227 595 3302 inferior,
646 3234 714 3288 ut
758 3227 815 3288 ei
862 3247 1053 3290 annus
1100 3227 1253 3289 satis
1300 3228 1383 3289 sit
1428 3229 1503 3288 ad
1550 3227 1858 3290 zodiacum
1903 3229 2361 3308 peragrandum.
2451 3225 2596 3288 Jam
2630 3245 2774 3289 vero
2804 3225 3034 3288 Veneri

328 3317 423 3378 ita
455 3315 729 3397 proxima
757 3323 857 3378 est
882 3316 1063 3378 stella
1089 3315 1373 3378 Mercurii
1402 3323 1466 3378 et
1500 3317 1799 3378 Mercurio
1829 3315 1938 3378 Sol
1962 3316 2344 3397 propinquus,
2395 3322 2464 3376 ut
2499 3314 2559 3376 hi
2589 3323 2716 3377 tres
2754 3317 3032 3379 coelum

332 3425 528 3468 suum
578 3405 838 3478 (coelum
886 3404 947 3467 in
994 3404 1282 3483 singulari
1330 3404 1505 3478 dicit)
1552 3405 1685 3483 pari
1730 3406 2020 3485 temporis
2067 3405 2283 3484 spatio,
2331 3403 2373 3465 i.
2405 3423 2458 3464 e.
2506 3423 2681 3474 anno,
2727 3404 2863 3484 plus
2911 3403 3028 3465 mi-

333 3514 551 3569 nusve,
600 3494 987 3556 circumeant.
1080 3493 1227 3554 Ideo
1277 3501 1339 3554 et
1388 3491 1602 3556 Cicero
1652 3494 1760 3554 hos
1808 3493 1958 3554 duos
2005 3511 2214 3556 cursus
2260 3492 2512 3553 comites
2558 3490 2721 3555 Solis
2769 3493 3031 3568 vocavit,

332 3583 473 3667 quia
514 3583 577 3644 in
621 3582 755 3664 pari
802 3583 1001 3662 spatio
1048 3581 1226 3661 longe
1274 3604 1313 3642 a
1356 3601 1423 3643 se
1471 3601 1773 3662 nunquam
1827 3581 2175 3644 recedunt.“
2266 3581 2492 3642 Iterum
2547 3579 2907 3659 particulam
2953 3582 3028 3643 de

312 3679 505 3734 ,textu
548 3671 827 3733 Platonis
875 3689 1059 3751 supra
1102 3672 1303 3751 posito
1352 3671 1659 3751 explicuit.
1752 3670 2069 3750 Sequitur:
2132 3669 2354 3744 „Luna
2411 3677 2616 3730 autem
2672 3675 2910 3731 tantum
2955 3669 3032 3731 ab

329 3761 425 3822 his
484 3761 761 3824 deorsum
816 3759 1101 3834 recessit,
1167 3767 1252 3835 ut,
1322 3761 1480 3840 quod
1534 3759 1595 3821 hi
1654 3778 1829 3834 ann0,
1887 3755 1974 3820 28
2039 3758 2248 3820 diebus
2301 3756 2438 3838 ipsa
2493 3757 2785 3819 conficiat.
2884 3758 3031 3820 Ideo

328 3868 519 3930 neque
568 3849 641 3912 de
689 3849 870 3910 trium
916 3847 1285 3930 superiorum
1332 3848 1568 3923 ordine,
1636 3867 1810 3928 quem
1857 3847 2176 3909 manifeste
2225 3846 2504 3926 clareque
2553 3845 2870 3926 distinguit
2911 3847 3030 3908 im·

328 3956 539 4000 mensa
583 3937 892 4012 distantia,
942 3956 1131 4018 neque
1179 3937 1512 4000 de-Lunae
1558 3937 1832 4016 regione,
1883 3954 2034 4016 quae
2083 3936 2161 3997 ab
2207 3935 2480 3996 omnibus
2525 3935 2778 3996 multum
2823 3953 3030 3996 reces-

328 4025 429 4101 sit,
480 4025 635 4088 inter
681 4034 921 4088 veteres
969 4027 1172 4106 aliqua
1219 4025 1334 4087 fuit
1378 4025 1696 4088 dissensio.
1788 4024 2018 4087 Horum
2065 4041 2206 4090 vero
2246 4023 2426 4086 trium
2471 4022 2586 4085 sibi
2630 4023 3034 4104 proximorum

328 4113 609 4190 Veneris,
654 4114 943 4177 Mercurii
991 4121 1055 4176 et
1091 4113 1255 4176 Solis
1302 4115 1569 4176 ordinem
1616 4113 1838 4174 vicinia
1885 4113 2212 4187 confundit,
2262 4112 2374 4174 sed
2419 4112 2578 4193 apud
2624 4110 2796 4174 alioS.
2871 4111 3031 4172 Nam

328 4203 767 4284 Aegyptiorum
816 4203 1125 4266 solertiam
1171 4203 1328 4264 ratio
1377 4221 1493 4264 non
1540 4201 1722 4282 fugit,
1773 4219 1928 4282 quae
1973 4201 2118 4264 talis
2165 4201 2326 4262 est.“
2418 4199 2486 4262 Si
2535 4219 2710 4280 quem
2748 4198 3030 4261 obscuri-

324 4299 451 4367 tas,
504 4311 657 4373 quae
702 4293 763 4354 in
812 4293 925 4356 hoc
971 4310 1203 4372 quoque
1251 4299 1495 4353 auctore
1542 4290 1832 4354 nonnulla
1877 4296 1999 4364 est,
2061 4289 2124 4352 in
2173 4287 2609 4351 dubitationem
2653 4289 2903 4350 adducit
2955 4286 3032 4348 de

324 4381 455 4459 ejus
511 4382 845 4455 sententia,
905 4381 959 4443 is
1007 4381 1157 4441 haec
1204 4381 1337 4458 jam
1391 4379 1594 4460 posita
1651 4378 1840 4440 verba
1891 4378 2078 4457 probe
2141 4377 2450 4457 ponderet.
2563 4376 2667 4440 Sic
2723 4377 2878 4439 enim
2937 4385 3034 4437 est

322 4469 751 4550 intelligendus
798 4488 1055 4549 sequens
1100 4473 1336 4540 textae,
1392 4475 1462 4529 ut
1504 4469 1643 4530 inde
1692 4466 1850 4528 ratio
1896 4472 2112 4546 pateat
2157 4466 2384 4528 ordinis
2432 4485 2546 4526 non
2596 4471 2830 4527 tantum
2875 4465 3036 4527 inter

322 4555 531 4620 Solem
588 4565 654 4619 et
698 4559 850 4620 duos
896 4559 1025 4638 eJus
1075 4555 1360 4629 comiteS,
1420 4557 1762 4627 sedetiam
1819 4555 1976 4616 inter
2020 4553 2186 4633 ipsos
2233 4555 2364 4615 hoe.
2457 4555 2670 4634 Itaque
2729 4554 3030 4634 interpre-

324 4645 559 4707 tatione
607 4647 779 4708 nnius
826 4646 995 4708 verbi
1038 4647 1101 4707 in
1148 4644 1539 4726 sequentibus
1585 4663 1735 4725 opus
1783 4652 1898 4706 est.
1994 4641 2312 4718 ‚,Circulus
2367 4661 2476 4722 per
2522 4660 2696 4722 quem
2745 4640 2852 4704 Sol
2898 4639 3031 4703 dis-

324 4733 557 4797 currit“
605 4733 905 4813 (intellige
953 4733 1283 4817 epicyclum
1330 4733 1389 4795 in
1438 4731 1846 4806 concentrico,
1907 4749 2021 4811 quo
2069 4730 2589 4800 eccentrieitatem
2633 4731 2875 4792 salvare
2923 4747 3031 4790 so-

325 4825 549 4898 lemus3
598 4822 651 4884 si
698 4841 873 4885 secus
929 4823 1174 4897 feceris,
1233 4821 1531 4884 Macrobii
1585 4819 1773 4882 verba
1829 4820 1890 4881 in
1947 4818 2327 4882 concordiam
2379 4837 2496 4880 uon
2553 4817 2820 4898 rediges)
2867 4817 3030 4894 ‚,hic‚

321 4911 582 4995 inquam,
632 4933 671 4974 a
696 4911 981 4976 Mercurii
1025 4910 1247 4976 circulo
1294 4918 1362 4974 ut
1397 4909 1643 4974 inferior
1690 4909 1925 4984 (malim
1953 4909 2232 4982 interior)
2282 4907 2560 4982 ambitur,
2601 4906 2772 4970 illum
2799 4923 3030 4990 quoque

458 5017 635 5069 xenion
662 5018 803 5070 Opera
826 5017 861 5062 Ι.
2544 5009 2612 5064 18
