3634 5575
548 393 694 462 144.
1569 388 1796 454 Mysten-ii
1833 389 2235 456 Cosmographici

544 573 733 612 carum
756 556 929 626 plane
956 553 1449 618 fundamentalem,
1493 561 1559 608 et
1582 568 1727 626 quae
1752 559 1914 608 recta
1941 555 2010 607 ad
2039 567 2237 608 causas
2267 553 2446 616 ducit;
2489 567 2610 607 cum
2651 559 2764 608 tam
2806 552 2882 609 sit
2907 553 3126 610 obvium
3155 554 3276 608 cui-

544 639 717 702 libet,
759 637 814 690 id
838 635 899 690 in
926 635 1135 690 chorda
1162 649 1485 705 quacunque
1512 641 1782 697 extensa,
1828 633 1986 702 cujus
2029 633 2272 704 spatium
2309 631 2622 702 subjectum
2650 633 2852 688 circino
2880 633 3044 689 dividi
3072 635 3278 706 possit,

546 717 779 787 simplici
806 715 1183 787 applicatione
1206 714 1291 768 rei
1328 715 1517 778 durae,
1561 721 1627 768 ut
1654 713 1817 767 cultri
1846 721 1950 767 aut
1976 713 2148 768 clavis
2189 715 2258 766 ad
2288 714 2562 778 chordam,
2600 729 2770 768 manu
2795 729 2911 769 una
2941 721 3004 769 et
3043 733 3275 786 percus-

546 799 699 852 sione
736 796 979 866 partium
1006 794 1129 864 ejus
1172 793 1643 848 interstinctamm
1681 810 1801 846 cum
1838 793 2052 862 plectro
2081 793 2137 847 in
2165 809 2333 847 manu
2365 793 2576 855 altera,
2619 795 3071 866 experimentari.
3157 796 3278 850 Ita-

546 895 653 949 que
681 891 892 931 summa
920 875 1028 929 fuit
1054 875 1167 928 ista
1194 873 1431 927 felicitas
1470 873 1527 926 in
1572 873 1841 943 principio
1889 871 2285 943 speculationis
2325 872 2572 927 tendenti
2611 875 2680 928 ad
2721 891 2858 944 opus
2899 875 3278 932 harmonicum

548 957 920 1012 scribendum:
964 954 1212 1026 quamvis
1242 961 1373 1008 ωηο
1403 953 1617 1022 quidem
1646 956 1878 1008 nondum
1919 953 1970 1006 id
2001 954 2180 1008 animo
2209 951 2635 1009 destinaveram.
2695 955 2882 1010 Causa
2918 963 3133 1020 autem,
3178 972 3281 1009 cur

548 1043 759 1108 septem
800 1035 988 1090 ordine
1028 1051 1191 1088 voces
1236 1051 1410 1104 usque
1453 1034 1521 1086 ad
1565 1032 1834 1102 diapason
1867 1049 1988 1086 cum
2014 1033 2124 1088 ima
2151 1041 2414 1103 suscepta
2451 1042 2775 1099 consonent,
2826 1043 2916 1090 est
2955 1035 3090 1101 ista,
3144 1035 3282 1107 quia

548 1118 757 1172 chorda
783 1115 991 1186 septies
1020 1113 1333 1169 harmonice
1361 1111 1526 1166 dividi
1552 1119 1771 1182 potest;
1816 1113 2052 1184 singulis
2092 1113 2235 1168 enim
2272 1113 2336 1166 iis
2381 1115 2597 1168 actibus
2627 1113 2837 1186 singuli
2866 1117 3282 1170 constituuntur

548 1197 685 1264 soni,
727 1201 1093 1251 consonantes
1122 1212 1239 1249 cum
1270 1210 1403 1246 sono
1434 1192 1620 1247 totius.
1679 1193 1817 1246 Vide
1849 1194 1944 1247 lib.
1970 1193 2071 1248 111.
2103 1195 2295 1249 Harm.
2328 1211 2450 1264 cap.
2482 1193 2537 1248 2.

710 1290 756 1362 i)
810 1294 1017 1348 Verum
1044 1299 1147 1356 est,
1188 1291 1235 1344 si
1264 1291 1525 1345 naturale
1552 1291 1607 1343 id
1634 1290 1803 1354 dicas,
1850 1293 1991 1361 quod
2029 1291 2211 1361 prima
2249 1291 2442 1345 statim
2479 1292 2838 1360 coaptatione
2874 1294 3180 1348 sectionum
3221 1292 3284 1348 iu

548 1377 667 1446 ipso
696 1371 854 1445 quasi
880 1373 1121 1444 vestigio
1150 1387 1441 1426 causarum
1470 1387 1928 1442 praegressarum
1965 1371 2199 1435 elicitur,
2243 1379 2308 1426 ut
2345 1371 2722 1442 distinguatur
2764 1371 2838 1425 ab
2881 1389 2964 1436 eo,
3013 1375 3160 1444 quod
3185 1390 3280 1428 se-

548 1455 815 1511 cundaria
840 1453 1058 1508 ratione
1086 1453 1244 1506 velut
1277 1450 1641 1506 artificialiter
1678 1458 1740 1504 et
1778 1449 2086 1506 imitatione
2114 1460 2350 1506 naturae
2381 1450 2751 1506 constituitur.
2808 1454 2890 1505 At
2915 1452 2962 1505 si
2989 1471 3098 1508 non
3129 1453 3280 1508 ordi-

548 1553 672 1590 nem
700 1540 873 1597 ortus,
906 1535 1000 1586 sed
1028 1531 1438 1603 proportionem
1466 1531 1643 1601 ipsam
1668 1530 1952 1601 respicias,
1984 1531 2270 1585 naturalia
2297 1537 2460 1584 erunt
2489 1537 2550 1585 et
2576 1530 2676 1585 illa
2702 1531 3001 1587 intervalla
3025 1533 3280 1598 dicenda,

549 1631 690 1687 quae
726 1613 1113 1685 proportiones
1156 1611 1234 1666 sic
1272 1617 1405 1665 ante
1454 1610 1785 1664 constitutas
1835 1610 2141 1664 imitatione
2189 1619 2427 1665 naturae
2471 1610 2792 1680 suscipiunt.
2852 1611 2928 1665 Ut
2963 1613 3020 1666 in
3047 1615 3286 1684 sequela

549 1712 743 1750 vocum
771 1711 849 1758 re,
880 1693 982 1760 mi⁸
1000 1693 1075 1755 fa,
1108 1692 1208 1755 sol,
1240 1691 1300 1746 la
1326 1692 1587 1744 naturale
1617 1697 1704 1744 est
1732 1690 2116 1756 intervallum,
2155 1691 2240 1755 fa,
2271 1691 2382 1756 sol,
2415 1697 2577 1745 tonus
2609 1689 2786 1760 major
2815 1690 3024 1754 dictus;
3071 1693 3282 1764 quippe

550 1775 803 1846 primitus
834 1771 1215 1834 constituitur,
1263 1771 1481 1841 quando
1518 1770 1876 1824 intervallum
1911 1787 1998 1835 re,
2039 1771 2125 1834 fa,
2172 1771 2351 1824 adhuc
2378 1772 2614 1825 nondum
2643 1777 2732 1824 est
2759 1769 3019 1827 divisum:
3071 1773 3118 1826 si
3155 1772 3284 1841 jam

552 1856 721 1909 etiam
750 1855 896 1907 inter
934 1869 1021 1916 re,
1070 1852 1131 1905 fa
1166 1851 1489 1922 designetur
1525 1868 1637 1904 vox
1684 1850 1782 1914 mi,
1832 1850 1935 1904 tali
1981 1850 2336 1921 proportione
2367 1851 2606 1905 chordae
2643 1850 2742 1914 mi,
2793 1851 2863 1904 ad
2906 1852 3168 1906 chordam
3193 1869 3277 1916 re,

554 1935 707 2007 quali
736 1941 823 1988 est
850 1933 935 1986 sol
964 1933 1035 1986 ad
1066 1932 1140 1995 fa,
1182 1936 1314 1984 ωηο
1341 1938 1400 1986 et
1427 1931 1552 2001 ipsa
1578 1947 1691 1984 vox
1718 1929 1788 1983 mi
1819 1930 2090 1984 naturalis
2122 1930 2314 1985 haberi
2343 1933 2527 1986 debet.
2588 1932 2744 1993 Quod
2772 1946 2902 1984 vero
2931 1948 3162 1986 causam
3186 1929 3286 1986 hic

551 2011 1174 2076 reddidi.distinctionis,
1207 2011 1364 2082 quasi
1394 2011 1466 2075 fa,
1500 2011 1584 2064 sol
1612 2010 1864 2064 habeant
1889 2010 2230 2065 indubitatos
2258 2028 2540 2073 numeros,
2585 2010 2658 2066 mi
2695 2027 2826 2064 vero
2875 2028 2988 2066 non
3013 2013 3176 2068 item:
3225 2011 3288 2066 id

558 2095 971 2150 condonandum
1016 2099 1104 2145 est
1149 2090 1417 2162 tyrocinio
1465 2097 1595 2144 tunc
1634 2089 1836 2162 posito.
1893 2092 2034 2145 Nam
2081 2091 2177 2144 lib.
2217 2091 2296 2144 111
2337 2093 2600 2146 Harmon.
2650 2107 2769 2160 cap.
2817 2091 2852 2146 5
2894 2098 2954 2144 et
3001 2093 3033 2146 'a'
3077 2108 3284 2147 causas

558 2175 794 2245 optimas
825 2172 1042 2236 tradidi,
1074 2170 1268 2243 quibus
1298 2171 1465 2225 etiam
1486 2188 1619 2225 sono
1639 2171 1712 2224 mi
1740 2177 1801 2224 et
1834 2169 2100 2226 similibus
2130 2187 2260 2225 suus
2289 2170 2630 2226 indubitatus
2653 2187 2909 2225 numerus
2939 2172 3283 2243 assignatur.

713 2267 783 2340 k)
812 2271 934 2326 Hoc
959 2286 1150 2324 verum
1178 2275 1282 2333 est,
1310 2268 1359 2322 si
1385 2268 1643 2338 utrinque
1671 2267 1854 2322 velles
1877 2269 2186 2338 perfectum
2211 2269 2471 2338 diapente
2499 2268 2856 2324 constituere.
2912 2269 3104 2340 Atqui,
3135 2271 3286 2340 quod

559 2360 693 2408 tunc
720 2351 1073 2424 ignorabam,
1114 2365 1249 2419 pars
1290 2367 1399 2404 ηοη
1426 2348 1649 2404 minima
1673 2355 1765 2403 est
1808 2348 2134 2420 disciplinae
2183 2352 2253 2404 de
2291 2348 2662 2404 consonantiis
2708 2348 3066 2413 adulterinis,
3117 2365 3286 2420 quam

558 2432 759 2488 tradidi
786 2430 885 2486 lib.
915 2431 994 2486 111
1022 2430 1283 2485 Hal-mon.
1317 2446 1439 2500 cap.
1476 2429 1567 2483 12.

714 2507 767 2581 l)
812 2513 899 2566 lta
933 2511 1144 2565 usitate
1182 2510 1573 2580 appellantur3
1620 2515 1840 2563 veteres
1889 2525 1959 2564 ne
2003 2525 2106 2578 pro
2145 2507 2518 2562 consonantiis
2548 2508 2764 2578 quidem
2799 2509 3134 2565 habuerunt.
3219 2509 3290 2562 In

554 2611 677 2648 meo
707 2608 875 2662 opere
903 2589 1279 2653 Harmonices,
1323 2590 1419 2644 lib.
1450 2589 1547 2645 111.
1580 2605 1703 2659 cap.
1738 2588 1830 2653 16,
1873 2607 1975 2644 ηεο
1999 2588 2177 2642 minus
2217 2593 2278 2642 et
2319 2604 2442 2658 cap.
2481 2589 2506 2641 1
2550 2595 2612 2642 et
2647 2589 2686 2642 4
2725 2586 2854 2642 libri
2881 2588 2961 2642 111
2987 2593 3048 2641 et
3073 2586 3289 2657 passim

556 2671 729 2728 etiam
756 2671 1110 2741 imperfectas
1154 2670 1469 2740 appellavi,
1520 2670 1617 2723 sed
1658 2685 1773 2722 vox
1810 2668 1927 2722 ista
1969 2686 2077 2723 non
2116 2683 2293 2738 aeque
2321 2669 2480 2724 valet
2505 2668 2874 2724 adulterinae.
2931 2668 3113 2722 Deest
3137 2667 3288 2722 enim

558 2751 909 2809 adulterinae
938 2750 1215 2805 minimum
1242 2748 1475 2820 aliquid,
1525 2766 1631 2820 quo
1668 2748 1847 2805 minus
1877 2749 1952 2804 sit
1975 2749 2148 2821 plena
2183 2749 2579 2811 consonantia3
2621 2747 2762 2803 nihil
2795 2750 2956 2803 deest
2991 2747 3198 2803 tertiae
3227 2755 3292 2803 et

558 2842 761 2889 sextae
789 2831 1104 2903 legitimae,
1148 2848 1255 2901 quo
1282 2830 1459 2885 minus
1488 2829 1635 2883 inter
1662 2829 2054 2884 consonantias
2091 2832 2426 2885 referantur.
2485 2829 2681 2899 Itaque
2717 2828 3084 2884 distinctionis
3113 2844 3292 2883 causa

558 2920 815 2985 praestat
842 2912 1039 2967 tertias
1070 2918 1131 2965 et
1158 2917 1352 2965 sextas
1380 2910 1616 2965 minores
1659 2910 1842 2965 dicere
1880 2910 2295 2974 consonantias,
2338 2910 2500 2980 idque
2543 2926 2652 2965 non
2691 2909 3024 2979 quantitatis
3067 2916 3290 2964 tantum

562 3000 849 3063 respectu,
899 2993 995 3045 sed
1040 2991 1213 3046 etiam
1258 2989 1479 3062 speciei.

720 3066 800 3147 m)
842 3073 1006 3126 Hunc
1032 3087 1142 3142 ego
1170 3086 1397 3126 nervum
1424 3069 1740 3142 argumenti
1776 3075 1909 3123 tunc
1937 3068 2214 3123 constitui.
2271 3068 2548 3123 Dividitur
2585 3068 2844 3124 zodiacus
2879 3069 2938 3124 in
2973 3076 3168 3139 partes
3213 3068 3286 3124 12

524 3142 531 3156 ⁸
562 3160 622 3209 et
654 3152 798 3216 1203
843 3151 1102 3207 dividitur
1128 3158 1189 3205 et
1217 3152 1423 3206 chorda
1449 3150 1503 3205 in
1546 3151 1777 3206 totidem
1812 3150 2157 3204 harmonice:
2203 3165 2340 3219 ergo
2369 3148 2582 3204 numeri
2607 3150 2665 3203 hi
2692 3156 2826 3203 sunt
2851 3152 3000 3219 apud
3027 3156 3290 3205 naturam

563 3235 619 3289 in
646 3232 842 3303 pretio.
885 3236 964 3285 At
990 3248 1108 3285 cum
1138 3231 1351 3285 zodiaci
1378 3231 1569 3285 divisio
1598 3232 1674 3285 sit
1700 3248 1737 3285 a
1764 3231 2004 3302 quinque
2034 3228 2352 3299 corporibus
2383 3226 2492 3297 (uti
2523 3236 2654 3284 tunc
2681 3226 3113 3298 existimabam),
3143 3230 3290 3285 veri-

562 3314 767 3377 simile,
811 3312 1046 3367 indidem
1072 3319 1133 3366 et
1160 3312 1399 3366 chordae
1429 3311 1749 3365 divisionem
1790 3328 1942 3375 esse,
1987 3317 2048 3363 et
2085 3311 2164 3365 sic
2201 3310 2436 3381 quinque
2471 3310 2600 3364 illas
2629 3310 2840 3382 figuras
2869 3311 3040 3365 etiam
3066 3311 3289 3365 harmo-

564 3394 778 3449 niarum
805 3393 957 3447 ideas
986 3408 1139 3457 esse,
1184 3398 1317 3447 tunc
1355 3391 1571 3463 quidem
1608 3392 1763 3462 sequi
1791 3391 2125 3445 videbatur.·
2161 3390 2270 3445 Sed
2298 3407 2442 3444 nunc
2469 3408 2544 3444 ex
2571 3407 2739 3460 opere
2768 3391 3084 3445 harmonico
3111 3392 3292 3446 lector

565 3490 764 3529 causas
794 3471 1231 3528 harmonicorum
1257 3472 1531 3545 genuinas
1560 3478 1751 3542 petat:
1793 3480 1925 3526 sunt
1961 3471 2106 3525 enim
2133 3488 2243 3525 non
2271 3470 2374 3525 illa
2401 3470 2638 3541 quinque
2669 3486 2904 3540 corpora
2929 3471 3289 3541 geometrica,

566 3556 663 3609 sed
708 3553 895 3625 potius
945 3554 1161 3624 figurae
1206 3554 1414 3623 planae
1461 3552 1517 3607 in
1564 3553 1826 3608 circulum
1871 3551 2170 3620 inscriptae
2217 3549 2313 3605 dne.

724 3628 789 3703 n)
830 3635 1139 3688 Jucundum
1168 3638 1281 3697 est,
1324 3633 1529 3702 primos
1558 3633 1936 3687 inventionum
1963 3638 2196 3685 conatus
2225 3632 2396 3685 etiam
2425 3637 2678 3685 errantes
2709 3631 2928 3687 intueri.
2984 3632 3132 3687 Ecce
3159 3650 3289 3689 cau-

566 3732 661 3770 sas
686 3713 961 3787 genuinas
992 3720 1053 3767 et
1094 3713 1483 3784 archetypicas
1526 3712 2064 3776 concordantiarum,
2114 3727 2250 3781 quas
2293 3710 2545 3764 manibus
2587 3711 2908 3777 versabam,
2957 3714 3289 3777 ooecutiens,

563 3797 724 3851 velut
752 3796 1040 3855 absentes,
1082 3793 1250 3848 anxie
1288 3792 1553 3863 quaesivi.
1610 3794 1853 3863 Figurae
1881 3793 2088 3861 planae
2119 3797 2249 3845 sunt
2277 3806 2479 3844 causae
2509 3791 3020 3846 concordantiamm
3049 3810 3110 3847 se
3137 3794 3290 3863 ipsis,

565 3893 676 3931 non
703 3882 976 3945 quatenus
1018 3875 1159 3929 fiunt
1194 3873 1493 3928 solidarum
1519 3873 1821 3944 figurarum
1850 3871 2182 3941 superficies.
2239 3872 2471 3925 Frustra
2505 3872 2578 3925 ad
2619 3872 2799 3925 solida
2825 3874 3052 3942 respexi
3081 3874 3138 3927 in
3165 3892 3292 3927 con-

568 3954 861 4011 stituendis
907 3954 1235 4008 harmonicis
1278 3960 1525 4008 motuum
1565 3952 2036 4023 proportionibus.

727 4030 789 4105 o)
830 4034 1003 4104 Atqui
1032 4050 1231 4088 causas
1253 4034 1374 4103 jam
1403 4032 1712 4089 nominatas
1754 4033 1934 4096 vides,
1977 4032 2188 4102 figuras
2226 4031 2458 4101 planas:
2508 4030 2666 4102 atqui
2706 4048 2815 4085 non
2853 4032 3140 4101 cognatio,
3183 4049 3298 4086 non

568 4114 1052 4185 consanguinitas,
1100 4116 1197 4167 sed
1241 4116 1391 4169 nuda
1433 4113 1679 4168 affinitas
1720 4118 1822 4167 est.
1879 4112 2123 4183 Figurae
2165 4110 2308 4165 enim
2348 4113 2554 4181 planae
2593 4130 2667 4166 ex
2703 4128 2818 4165 una
2852 4118 3017 4182 parte
3047 4111 3298 4165 dividunt

568 4198 829 4252 circulum
864 4194 1215 4262 harmonice,
1254 4212 1330 4250 ex
1366 4194 1551 4250 altera
1586 4200 1751 4263 parte
1795 4198 2112 4264 congruunt
2147 4192 2204 4245 in
2241 4192 2452 4262 figuras
2493 4192 2730 4262 quinque
2767 4192 2993 4246 solidas.
3050 4192 3205 4263 Ergo
3236 4198 3298 4247 et

567 4276 887 4332 harmonica
932 4275 1120 4329 circuli
1168 4274 1361 4328 divisio
1407 4282 1469 4329 et
1513 4276 1749 4345 quinque
1794 4274 2010 4345 figurae
2059 4272 2116 4326 in
2165 4288 2274 4327 uno
2329 4272 2523 4336 tertio,
2572 4272 2630 4326 in
2684 4272 2876 4343 figuris
2937 4270 3052 4327 scil.
3105 4271 3294 4342 planis

570 4357 924 4413 conveniunt.

729 4430 797 4509 p)
838 4436 989 4491 Nota
1017 4436 1120 4489 hoc
1149 4434 1449 4506 diligenter
1475 4440 1537 4487 et
1571 4450 1844 4505 cognosce
1871 4434 1963 4486 vel
1990 4433 2095 4487 hoc
2120 4448 2230 4486 uno
2253 4432 2516 4501 ,exemplo
2547 4431 2652 4485 vim
2681 4430 2918 4485 aliarum
2943 4430 3298 4487 fortuitarum

572 4516 947 4572 collusionum.
1020 4514 1248 4585 Septem
1285 4515 1795 4569 concordantiamm
1841 4514 2044 4567 formas
2062 4554 2076 4576 ,
2126 4530 2226 4566 seu
2272 4518 2488 4582 septem
2533 4512 2804 4567 sectiones
2851 4512 3196 4567 harmonicas
3241 4512 3298 4567 in

571 4598 847 4667 prioribus
877 4596 947 4651 ad
988 4596 1299 4667 quinarium
1332 4595 1644 4666 redegimus
1687 4600 2008 4664 utcumque,
2057 4599 2122 4647 ut
2163 4592 2330 4647 binae
2377 4606 2593 4661 semper
2639 4592 2998 4662 imperfectae
3041 4610 3145 4663 pro
3182 4608 3300 4647 una

574 4684 944 4731 censerentur.
1004 4676 1299 4740 Quinarius
1329 4674 1435 4729 iste
1462 4675 1521 4729 in
1548 4676 1652 4728 duo
1683 4674 1803 4729 abit
1831 4676 2104 4737 membra,
2143 4679 2208 4728 ut
2234 4672 2362 4727 hinc
2389 4678 2542 4727 stent
2569 4678 2708 4735 tres,
2749 4672 2874 4727 inde
2903 4674 3068 4727 duae.
3119 4673 3298 4744 Atqui

573 4764 635 4811 et
661 4756 941 4828 quinarius
969 4773 1254 4827 corporum
1284 4774 1359 4809 ex
1385 4772 1499 4809 una
1523 4761 1687 4825 parte
1716 4754 1828 4808 tria
1851 4754 2044 4818 habet,
2075 4770 2149 4808 ex
2177 4754 2363 4807 altera
2388 4753 2525 4807 duo:
2555 4770 2733 4823 neque
2764 4760 2952 4807 tamen
2979 4753 3090 4807 illis
3117 4753 3296 4807 tribus

575 4844 665 4892 est
692 4835 955 4908 cognatio
982 4850 1105 4891 cum
1129 4838 1217 4891 his
1246 4838 1443 4902 tribus,
1478 4852 1582 4889 nec
1606 4834 1742 4889 illae
1770 4836 1913 4889 duae
1940 4835 2278 4906 respondent
2303 4834 2390 4889 his
2419 4834 2650 4888 duobus.
2705 4833 2851 4889 Nam
2876 4835 3018 4889 duae
3047 4834 3296 4903 duplices

574 4919 1021 4991 imperfectas-um
1048 4916 1559 4995 concordantiaran
1584 4916 1795 4970 formae
1825 4914 2226 4971 communicant
2251 4915 2592 4984 decangulo,
2643 4916 2786 4989 quod
2831 4922 2924 4969 est
2963 4913 3058 4969 hic
3089 4930 3298 4987 cogna-
