3634 5575
1349 429 1602 484 Ptaei'atio
1641 433 1707 484 ad
1741 409 1995 485 lectorem.
2904 401 3031 495 '107

309 589 562 669 quilibet
607 613 646 653 a
692 593 959 672 quolibet
1003 592 1060 654 in
1109 590 1449 672 Gopernico
1479 593 1823 656 dissideret.
1918 592 2247 656 Plurimum
2298 591 2595 673 temporis·
2636 592 2755 655 isto
2804 594 3031 671 labore,

309 679 479 758 quasi
543 681 702 756 lusu,
769 681 1044 762 perdidi3
1107 701 1240 743 cum
1307 681 1472 743 nulla
1540 701 1728 762 neque
1795 683 2059 762 ipsarum
2136 683 2611 763 proportionum,
2679 701 2898 763 neque·
2931 683 3029 745 in-

310 777 744 832 crementorum
811 778 1134 850 appareret
1202 771 1578 851 aequalitas:
1647 770 1909 852 nihilque
1975 769 2259 833 utilitatis
2318 771 2455 832 inde
2508 772 2787 852 percepi,
2856 789 3035 854 quam

181 907 194 917 ,
309 857 464 936 quod
511 858 838 921 distantias
886 860 1085 939 ipsaS,
1155 867 1221 921 nt
1284 879 1321 921 a
1369 856 1706 939 Copernico
1766 859 2045 940 proditae
2112 867 2285 934 sunt,
2354 858 2651 922 altissime
2706 861 3035 922 memoriae

194 3214 205 3221 -
311 3170 528 3249 Neque
577 3168 926 3231 verisimilia
972 3168 1118 3231 dicit
1163 3170 1455 3232 Rheticus
1509 3170 1568 3232 in
1627 3190 1737 3233 sua
1780 3170 2020 3233 Narra-

313 946 634 1025 inscnlpsi:
705 949 976 1028 quodque
1025 949 1176 1010 haec
1223 949 1522 1010 variorum
1573 956 1892 1010 conatuum
1938 947 2429 1012 commemoratio
2487 956 2653 1011 tuum
2699 968 3029 1026 assensum,

312 1035 534 1106 lector,
584 1037 754 1117 quasi
799 1036 1044 1098 marinis
1094 1037 1402 1118 fluctibus,
1465 1037 1641 1099 anxie
1695 1037 1831 1098 hinc
1880 1038 2014 1099 inde
2052 1037 2291 1117 jactare
2338 1044 2571 1118 potest,
2622 1039 2835 1118 quibus
2882 1039 3033 1101 fati-

315 1132 494 1204 gatus
552 1125 804 1205 denique
866 1133 1040 1187 tanto
1095 1125 1378 1188 libentius
1427 1126 1506 1187 ad
1552 1145 1769 1188 causas
1817 1126 1929 1188 hoc
1977 1125 2179 1188 libello
2228 1126 2572 1206 expositaS,
2622 1135 2908 1208 tanquam
2958 1127 3032 1189 ad

315 1221 510 1275 tutum
566 1223 804 1294 portum
859 1223 921 1275 te
968 1215 1246 1296 recipias.
1341 1213 1831 1277 consolabantur
1878 1233 1971 1276 me
2039 1224 2241 1276 tamen
2304 1214 2553 1276 subinde
2619 1221 2683 1276 et
2739 1217 2797 1277 in
2864 1235 3031 1297 spem

309 1302 618 1365 meliorem
681 1303 998 1382 erigebant
1073 1321 1206 1364 cum
1265 1303 1422 1364 aliae
1489 1301 1787 1377 rationes,
1857 1323 2007 1383 quae
2065 1301 2221 1366 infra
2283 1310 2635 1384 sequentur,
2701 1309 2828 1366 tum
2876 1307 3032 1386 quod

311 1409 552 1469 semper
616 1401 814 1452 motus
871 1391 1224 1454 distantiam
1284 1410 1439 1473 pone
1497 1392 1667 1473 sequi
1713 1393 2061 1468 videbatur,
2130 1401 2309 1473 atque
2374 1391 2476 1454 ubi
2530 1411 2785 1472 magnus
2831 1393 3033 1456 hiatus

315 1489 450 1540 erat
507 1480 668 1542 inter
723 1482 932 1556 orbes,
999 1488 1136 1543 erat
1191 1487 1251 1542 et
1297 1481 1455 1543 inter
1508 1489 1728 1543 motus,
1826 1479 2001 1551 Quod
2050 1479 2100 1542 si
2152 1480 2559 1560 (cogitabam)
2603 1480 2770 1543 Deus
2834 1490 3035 1544 motus

315 1569 393 1628 ad
444 1569 870 1631 distantiarum
913 1569 1351 1650 praescriptum
1399 1569 1639 1649 aptavit
1687 1568 1964 1633 orbibus:
2014 1569 2220 1650 utique
2269 1577 2331 1630 et
2375 1569 2542 1650 ipsas
2581 1569 2907 1633 distantias
2957 1570 3033 1633 ad

313 1657 568 1738 alicujus
617 1657 704 1720 rei
750 1659 1190 1738 praescriptum
1237 1659 1732 1721 accommodavit.

492 1745 644 1809 Cum
690 1745 874 1827 igitur
919 1748 1036 1808 hac
1083 1767 1200 1810 non
1249 1747 1626 1823 succederet,
1677 1747 1800 1808 alia
1848 1746 1974 1820 via,
2023 1745 2231 1809 mirum
2282 1765 2461 1826 quam
2508 1746 2749 1820 audaci,
2798 1746 3031 1810 tentavi

311 1836 563 1898 aditum.
663 1837 831 1898 Inter
881 1837 1094 1898 Jovem
1156 1842 1220 1897 et
1284 1836 1544 1898 Martem
1615 1835 1946 1916 interposui
2012 1853 2227 1896 novum
2290 1835 2705 1915 planetam,·)
2774 1834 3033 1917 itemque

314 1925 498 1987 alium
547 1925 706 1987 inter
753 1925 1056 1986 Venerem
1101 1934 1167 1986 et
1210 1925 1601 2001 Mercurium,
1671 1943 1819 2006 quos
1869 1925 2017 1986 dnos
2065 1925 2219 1986 forte
2268 1924 2344 1987 ob
2392 1924 2724 1986 exilitatem
2773 1944 2888 1985 non
2938 1925 3033 1987 vi-

313 2015 598 2089 deamus,
645 2013 839 2093 iisqne
887 2033 998 2075 sua
1043 2022 1317 2093 tempora
1362 2019 1662 2094 περιοδικα
1709 2013 1984 2094 ascripsi.
2079 2011 2181 2074 Sic
2229 2012 2388 2074 enim
2434 2013 2888 2087 existimabam,
2939 2034 3031 2077 me

314 2103 582 2183 aliquam
627 2103 1060 2182 aequalitatem
1107 2103 1556 2183 proportionum
1605 2105 1989 2175 effecturum,
2041 2121 2191 2182 quae
2229 2102 2647 2181 proportiones
2680 2102 2835 2165 inter
2862 2103 3035 2165 binos

313 2209 529 2253 versus
577 2189 784 2254 Solem
849 2192 1059 2254 ordine
1105 2191 1536 2268 minuerentur,
1599 2211 1816 2255 versus
1865 2191 2017 2253 fixas
2064 2198 2489 2270 augescerent:
2539 2201 2606 2252 ut
2651 2190 2894 2271 propior
2941 2201 3038 2252 est

313 2281 505 2342 Terra
551 2279 776 2341 Veneri
841 2280 902 2343 in
959 2281 1301 2361 quantitate
1349 2279 1512 2343 orbis
1550 2279 1915 2354 Terrestris,
1984 2297 2159 2358 quam
2211 2279 2379 2340 Mars
2432 2279 2658 2342 Terrae
2714 2281 2770 2340 in
2839 2299 3033 2362 quan-

310 2369 496 2431 titate
563 2369 724 2430 orbis
789 2369 1019 2431 Martii.
1116 2370 1340 2430 Verum
1407 2389 1596 2449 neque
1662 2368 1835 2431 unius
1896 2368 2180 2446 planetae
2252 2365 2633 2448 interpositio
2698 2368 3039 2430 sufficiebat

311 2457 546 2537 ingenti
593 2458 784 2521 hiatui
829 2457 892 2533 U,
938 2465 1001 2520 et
1047 2467 1118 2528 d.
1211 2458 1505 2520 Manebat
1567 2457 1722 2520 enim
1769 2455 1965 2536 major
2019 2453 2195 2517 Jovis
2263 2455 2342 2516 ad
2387 2455 2550 2518 illum
2618 2475 2833 2519 novum
2889 2474 3035 2537 pro-

315 2548 548 2627 portio,
621 2565 798 2626 quam
869 2553 968 2608 est
1024 2545 1270 2608 Saturni
1343 2547 1418 2608 ad
1482 2545 1726 2608 Jovem:
1803 2556 1870 2608 et
1934 2545 2046 2608 hoc
2109 2552 2292 2623 pacto
2358 2545 2631 2624 quamvis
2698 2545 3033 2606 obtinerem

314 2635 783 2717 qualemcunque
839 2636 1318 2716 proportionem,
1376 2637 1574 2699 nullus
1621 2643 1821 2700 tamen
1870 2653 2005 2697 cum
2061 2633 2293 2695 ratione
2356 2632 2519 2708 finis,
2589 2634 2785 2697 nullus
2832 2641 3034 2695 certus

313 2743 595 2786 numerus
643 2723 946 2786 mobilium
997 2725 1227 2786 futurus
1277 2733 1440 2793 erat.
1511 2744 1700 2806 neque
1747 2743 1961 2789 versus
2008 2721 2193 2793 fixas,
2252 2741 2439 2803 usqne
2488 2723 2627 2785 dum
2674 2722 2817 2784 illae
2864 2722 3034 2804 ipsae

315 2822 736 2877 occurrerent-z
802 2833 992 2894 neque
1039 2833 1250 2875 versus
1300 2813 1506 2877 Solem
1555 2834 1843 2917 unquam,
1908 2813 2047 2893 quia
2093 2810 2306 2875 divisio
2364 2812 2548 2892 spatii
2603 2822 2745 2891 post
2790 2813 3035 2874 Mercu-

317 2904 470 2965 rium
518 2902 740 2966 residui
807 2922 915 2982 per
970 2902 1122 2964 hanc
1185 2905 1630 2985 proportionem
1685 2904 1744 2966 in
1799 2902 2093 2967 infinitum
2148 2900 2527 2981 procederet.
2620 2902 2831 2982 Neque
2882 2900 3039 2963 enim

315 2992 427 3052 ab
441 2992 618 3054 ullius
657 2992 886 3053 numeri
925 2982 1240 3054 nobilitate
1281 2993 1606 3074 conjectari
1652 3000 1927 3072 poteram
1953 2988 2023 3065 ¹),

313 3100 422 3142 cnr
468 3097 575 3159 pro
621 3079 866 3142 infinitis
923 3088 1048 3141 tam
1095 3100 1290 3159 panca
1333 3080 1576 3143 mobilia
1631 3081 2019 3144 extitissent.

313 3364 624 3409 numerum
669 3366 782 3408 sex
834 3348 1134 3409 coelorum
1181 3347 1505 3410 mobilium.
1597 3350 1756 3410 Nam
1803 3348 1901 3428 qui
1951 3348 2025 3409 de

313 3434 508 3515 ipsius
537 3436 740 3498 mundi
770 3436 1012 3497 conditu
1041 3436 1331 3517 disputat,
1381 3456 1494 3498 non
1535 3437 1716 3499 debet
1757 3437 2026 3499 rationes

315 3523 500 3586 abiis
527 3523 786 3587 numeris
815 3525 1053 3600 ducere,
1100 3525 1198 3607 qui
1237 3544 1312 3587 ex
1339 3526 1517 3587 rebus
1555 3524 1774 3587 mundo
1811 3532 2024 3606 poste-

314 3612 575 3676 rioribus
622 3612 978 3693 dignitatem
1025 3614 1286 3695 aliquam
1333 3614 1538 3695 adepti
1583 3621 1744 3677 sunt.
1775 3617 1835 3687 εῐ)

496 3701 762 3764 Rursum
812 3702 929 3765 alio
975 3704 1150 3764 modo
1184 3703 1511 3783 exploravi,
1560 3710 1756 3765 utrum
1803 3721 1919 3764 non
1966 3702 2026 3764 in

315 3791 532 3851 eodem
590 3790 924 3871 quadrante
982 3791 1272 3853 distantia
1355 3791 1673 3871 cujuslibet
1744 3792 2027 3872 planetae

315 3879 402 3942 sit
447 3878 751 3941 residuum
798 3899 876 3940 ex
935 3880 1101 3955 sinu,
1168 3890 1230 3943 et
1285 3888 1483 3943 motus
1539 3882 1666 3959 ejus
1732 3881 1815 3941 sit
1868 3880 2027 3943 resi-

315 3970 500 4030 duum
547 3988 620 4029 ex
669 3968 798 4047 ejus
838 3970 1260 4049 complementi
1298 3970 1451 4031 sinn.
1529 3969 1826 4049 Fingatur
1874 3989 2027 4050 qua-

314 4059 562 4119 dratum
603 4056 744 4129 AB,
796 4078 835 4118 a
881 4057 1326 4121 semidiametro
1373 4058 1557 4120 totius
1605 4058 1867 4120 universi
1914 4056 2027 4120 AG

315 4146 706 4225 descriptum.
801 4146 896 4207 Ex
943 4147 1164 4225 angulo
1209 4145 1394 4227 igitur
1437 4148 1490 4208 B
1539 4146 1666 4209 Soli
1713 4146 1843 4209 sive
1900 4156 2108 4211 centro
2174 4140 2375 4213 mundi
2421 4150 2483 4213 A
2544 4149 2820 4230 o'pposito
2879 4146 3039 4210 scri-

315 4236 498 4298 batur
544 4254 678 4297 cum
724 4233 893 4296 radio
940 4232 1047 4297 BC
1098 4236 1400 4316 quadrans
1450 4234 1635 4297 CED.
1721 4236 1957 4298 Deinde
2002 4237 2063 4298 in
2113 4257 2254 4300 vero
2302 4239 2502 4301 mundi
2550 4239 2717 4300 radio
2762 4234 2877 4300 Ac
2924 4255 3038 4297 no·-

315 4332 526 4386 tentnr
570 4322 707 4399 Sol,
755 4324 908 4385 fixae
956 4332 1020 4384 et
1065 4324 1308 4387 mobilia
1352 4342 1461 4405 pro
1505 4324 1742 4387 ratione
1789 4326 2249 4389 distantiarum:
2300 4348 2339 4389 a
2384 4326 2593 4409 quibus
2643 4326 2879 4404 punctis
2926 4344 3041 4385 ex-

315 4412 580 4474 citentur
624 4421 847 4487 rectae,
897 4431 1083 4492 usque
1132 4415 1211 4476 ad
1258 4414 1574 4476 obversum
1603 4412 1731 4475 Soli
1781 4415 2179 4494 quadrantem
2223 4424 2559 4496 porrectae.
2636 4413 2807 4483 Quae
2856 4412 3041 4493 igitur

315 4510 418 4563 est
479 4502 783 4581 proportio
855 4502 1312 4582 parallelorum,
1380 4501 1630 4563 eandem
1686 4503 1931 4565 virtutis
1988 4504 2287 4566 moventis
2346 4504 2486 4565 finxi
2532 4524 2717 4585 penes
2764 4502 3041 4582 singulos

316 4592 620 4669 planetas.
695 4591 764 4651 In
797 4588 960 4653 Solis
1003 4591 1160 4654 linea
1205 4591 1470 4653 infinitas
1517 4602 1850 4671 permanet,
1901 4593 2041 4673 quia
2086 4593 2204 4655 AD
2250 4593 2521 4672 tangitur
2566 4613 2681 4654 non
2730 4600 2972 4655 secatur
3002 4612 3039 4652 a

317 4677 674 4759 quadrante.
747 4678 990 4741 Infinita
1035 4680 1218 4760 igitur
1263 4680 1354 4742 vis
1401 4689 1600 4743 motus
1633 4681 1693 4742 in
1725 4680 1890 4755 Sole,
1941 4700 2153 4761 nempe
2202 4681 2282 4743 nil
2330 4681 2446 4743 nisi
2492 4690 2689 4743 motus
2735 4680 3040 4761 ipsissimo

316 4778 480 4830 actu.
567 4767 636 4829 In
683 4768 984 4831 Mercurio
1031 4768 1263 4831 infinita
1310 4770 1470 4831 linea
1515 4770 1574 4830 in
1623 4769 1682 4831 K
1729 4770 2005 4833 abscissa
2052 4778 2166 4833 est.
2244 4768 2446 4841 Quare
2496 4770 2625 4849 ejus
2670 4778 2869 4833 motus
2908 4770 3041 4849 jam

315 4866 416 4918 est
463 4857 541 4920 ad
581 4865 818 4918 ceteros
847 4858 1285 4936 comparabilis.
1357 4858 1424 4921 In
1474 4858 1608 4919 fixis
1656 4859 1883 4920 amissa
1930 4866 2027 4921 est
2071 4858 2311 4921 omnino
2356 4859 2535 4933 linea,
2583 4866 2649 4920 et
2692 4877 3041 4938 compressa

316 4945 374 5009 in
426 4964 652 5011 merum
700 4954 985 5032 punctum
1034 4944 1106 5009 O.
1199 4947 1386 5008 Nulla
1450 4946 1634 5035 igitur
1694 4946 1775 5011 ibi
1840 4949 2031 5015 virtus
2089 4947 2164 5015 ad
2222 4956 2467 5013 motum.
2554 4947 2685 5013 Hoc
2730 4948 3041 5012 theorema
