3634 5575
1499 385 1825 443 rmum.
2016 387 2023 392 ·
2934 379 3013 456 91

295 546 482 613 curii:
545 548 842 630 siquidem
886 567 1136 616 necesse
1181 554 1284 612 eat
1341 547 1586 612 minima
1633 548 1993 612 consectari.
2086 546 2420 612 Meministi
2483 546 2545 608 in
2592 543 2788 610 tribus
2832 563 3021 624 snpe-

295 637 550 701 rioribus
613 657 708 700 me
737 638 1038 708 ,dividere
1093 639 1226 712 illa,
1287 655 1438 717 quae
1497 637 1556 698 in
1604 646 1821 700 natura
1868 642 1907 698 a·
1950 657 2016 700 se
2070 644 2273 700 mutuo
2329 635 2628 717 pendent,
2696 641 3061 714 propterea,

296 727 452 808 quod
499 727 732 790 animae
781 735 998 791 natura
1042 727 1418 793 inimitabilis
1465 735 1580 790 est.
1673 727 1989 806 Digressio
2018 727 2303 807 planetae
2351 745 2390 786 a
2414 723 2563 786 Sole
2604 722 2793 786 efficit
2837 721 3023 789 etiam

293 815 714 880 lentitudinem
761 824 978 878 motus.
1072 818 1162 879 At
1207 835 1318 895 ego
1367 815 1786 878 lentitudinem
1836 816 1929 878 vel
1988 813 2487 895 inaequalitatem
2532 822 2732 876 motus
2775 819 3023 892 praesto

293 925 402 986 per
445 905 824 985 inaequalem
873 905 1312 994 denticulorum
1357 905 1830 983 magnitudinem
1878 913 1941 966 et
1980 904 2333 967 distantiam
2378 903 2437 964 in
2486 901 2639 966 rotis
2684 901 2867 964 trium
2914 921 3023 965 su-

292 994 616 1075 periorum.
711 993 944 1056 Deinde
993 995 1332 1074 digressum
1371 995 1675 1073 *planetae
1722 1002 1971 1072 praesto
2018 1013 2125 1074 per
2172 993 2349 1054 orbes
2398 999 2463 1052 et
2506 990 2831 1054 curvatilia
2873 990 3021 1052 bra·-

293 1083 436 1149 chia
455 1129 474 1156 ,
521 1083 736 1164 quibus
783 1083 1034 1164 planeta
1078 1084 1600 1161 circumgestatur.
1697 1085 1766 1146 In
1799 1083 2039 1144 Venere
2088 1091 2151 1144 et
2179 1087 2239 1158 -Q
2286 1081 2506 1160 duplex
2536 1088 2635 1144 est
2678 1078 3023 1158 hujusmodi

294 1173 704 1252 inaequalitas
767 1181 834 1234 et
879 1182 1078 1234 motus
1139 1183 1206 1235 et
1251 1171 1608 1247 distantiae,
1679 1191 1798 1235 una
1842 1173 2067 1251 pendet
2114 1189 2151 1232 a
2197 1170 2417 1245 Terra,
2486 1169 2683 1232 altera
2743 1166 3023 1248 zib-ipsis

296 1261 562 1324 orbibus,
657 1262 976 1337 Dubitavi,
1029 1260 1325 1342 quomodo
1375 1270 1630 1342 utraque
1679 1261 1762 1322 sit
1807 1259 2195 1341 praestanda.
2286 1258 2467 1334 Dico,
2524 1275 2633 1337 pro
2682 1256 3023 1338 inaequalia

295 1358 429 1412 tate
467 1360 665 1414 metus
715 1352 1022 1430 utriusque
1071 1359 1388 1430 utrumque
1437 1350 1623 1412 etiam
1673 1347 1957 1412 circulum
2004 1357 2071 1412 et
2114 1347 2360 1410 actricis
2407 1355 2471 1408 et
2506 1353 2678 1409 rotae
2726 1345 3019 1426 inaequa-

299 1441 442 1506 liter
484 1440 890 1504 divideudum.
986 1440 1074 1503 Ut
1120 1457 1263 1502 vero
1313 1439 1498 1500 etiam
1547 1457 1729 1518 supra
1777 1439 1837 1500 in
1888 1438 2089 1518 operis
2137 1436 2291 1498 facie
2340 1436 2581 1515 gemina
2628 1435 3023 1515 digressionis

297 1529 706 1609 inaequalitas
751 1529 1136 1609 respondeat,
1185 1528 1246 1590 id
1295 1527 1598 1590 difficilius
1644 1534 1758 1592 est.
1837 1526 2231 1596 Tutissimum
2278 1532 2503 1598 tamen,
2550 1532 2619 1586 ut
2655 1523 3025 1586 cohaereant

295 1619 501 1682 omnia
545 1637 800 1697 corpora
845 1626 910 1680 et
955 1618 1164 1690 orbes,
1211 1635 1322 1678 uec
1367 1617 1557 1678 Terra
1601 1615 2016 1679 circumvebat
2044 1615 2401 1687 interiores,
2446 1621 2515 1676 ut
2558 1613 2851 1692 proxime·
2872 1631 3019 1674 cen-

295 1726 558 1770 sueram.
651 1706 720 1770 In
770 1707 1072 1769 Mercurio
1135 1714 1336 1768 autem
1383 1705 1560 1768 alteri
1617 1705 1979 1784 digressioni
2038 1704 2255 1767 melius
2302 1701 2567 1764 succurri
2630 1709 2867 1780 potest,
2934 1719 3023 1764 sc.

293 1813 408 1877 per
455 1795 908 1880 ampliationem
955 1806 1020 1858 et
1057 1793 1532 1856 contractionem
1581 1792 1762 1855 orbis.
1856 1794 2205 1856 Potuissem
2252 1793 2403 1854 baec
2440 1792 2569 1872 Jam
2608 1790 2913 1865 omittere,
2960 1796 3029 1852 ut

269 1885 494 1962 ‚adhue
539 1885 896 1966 imperfect-a
953 1896 1018 1947 et
1071 1884 1264 1946 minus
1311 1884 1373 1946 in
1422 1901 1603 1964 opere
1653 1883 1786 1962 ipso
1833 1883 2213 1946 necessaria:
2270 1881 2381 1944 sed
2420 1880 2667 1960 scripsi,
2730 1887 2799 1942 ut
2844 1878 3027 1942 testi-

293 1975 558 2036 monium
607 1982 816 2036 esseut
857 1994 1029 2036 meae
1077 1992 1278 2040 curae.

442 2113 510 2177 (E
545 2115 702 2166 literis
741 2115 789 2166 d.
827 2116 874 2166 d.
918 2113 1002 2166 21.
1043 2117 1172 2181 Aug.
1219 2109 1412 2175 1598.)
1436 2141 1502 2152 —-
1539 2112 1691 2174 Dein,
1734 2112 1780 2162 d.
1826 2111 1877 2164 9.
1914 2109 2043 2164 Dec.
2087 2109 2243 2170 1598,
2282 2113 2409 2164 haec
2448 2112 2715 2162 subsecuta
2749 2116 2896 2159 sunt:

483 2330 821 2392 Mercurius
869 2338 1008 2391 tuus
1055 2328 1302 2390 aberrat
1337 2333 1728 2390 constanter:
1777 2344 1963 2406 quare
1988 2325 2146 2400 vide,
2198 2343 2315 2402 quo
2354 2333 2537 2402 pacto
2583 2330 2783 2386 motus
2830 2321 3029 2400 longi-

299 2419 534 2481 tudinis
581 2419 936 2497 corrigatur.
1031 2417 1191 2478 Ecce
1241 2417 1396 2477 e'nim
1445 2416 1523 2477 ad
1570 2416 1778 2477 literas
1828 2432 1977 2494 quas
2024 2410 2083 2476 4.
2122 2411 2270 2476 Julii
2316 2412 2635 2490 scripsisti,
2686 2429 2819 2474 cum
2866 2417 3033 2472 esset

299 2509 588 2587 Augusto
657 2525 861 2568 mense
927 2505 1404 2586 respondendum
1427 2553 1442 2579 ,
1509 2523 1716 2565 mense
1761 2503 2083 2566 Decembri
2138 2500 2515 2581 responde0;
2580 2519 2731 2579 quas
2778 2497 3029 2562 Octobri

298 2615 512 2658 mense
557 2597 765 2676 procul
812 2594 993 2658 dnbio
1041 2593 1360 2674 scripsisti,
1411 2593 1489 2655 ad
1529 2613 1684 2672 quas
1724 2593 1909 2655 etiam
1946 2592 2058 2653 hoc
2087 2589 2405 2652 Decembri
2434 2607 2788 2670 responsum
2824 2586 3030 2668 procul

298 2685 486 2748 dnbio
535 2691 862 2765 expectaS‚
933 2684 1251 2746 dummodo
1299 2684 1664 2755 reddantur,
1727 2680 2192 2762 respondebitur
2248 2679 2511 2741 fortasse
2573 2677 2657 2751 (si
2701 2677 2835 2738 Deo
2890 2676 3029 2754 pla-

297 2775 496 2839 cuerit
541 2795 636 2839 me
684 2773 984 2852 tantisper
1029 2774 1283 2849 vivere),
1333 2792 1537 2837 mense
1567 2770 1817 2835 Martio.
1892 2769 2119 2833 Misisti
2164 2765 2229 2833 4.
2258 2764 2408 2831 :Iulii
2454 2768 2717 2847 scriptas
2762 2765 3029 2833 Ulmam.

296 2864 432 2926 Eas
481 2864 732 2943 pertulit
776 2864 1044 2927 Jacobus
1091 2870 1299 2924 noster
1347 2863 1609 2942 ignarus,
1661 2869 1835 2924 erant
1884 2861 2041 2921 enim
2087 2859 2433 2939 implicatae
2482 2858 2720 2931 alteris,
2772 2873 2925 2937 quae
2970 2854 3029 2915 in

299 2952 686 3017 carinthiam
716 2952 1097 3032 spectabant.
1166 2952 1252 3015 Ut
1297 2952 1550 3014 venitin
1583 2949 1987 3019 carinthiam,
2025 2949 2161 3029 jam
2202 2942 2409 3010 rursus
2456 2946 2599 3008 illac
2646 2960 3029 3016 ascensurus,

300 3042 738 3105 animadvertit
785 3060 1066 3117 errorem,
1119 3050 1330 3119 aperto
1380 3040 1482 3103 illo
1531 3040 1836 3103 involucro
1882 3057 1991 3119 per
2038 3056 2191 3113 eum,
2242 3036 2337 3100 cui
2373 3034 2749 3099 mittebatur.
2816 3032 3031 3111 Itaque

303 3132 522 3199 literas
569 3139 707 3193 tuas
756 3129 990 3194 remisit
1043 3130 1102 3192 in
1151 3128 1458 3211 Styriam,
1525 3130 1653 3208 ipse
1709 3128 1981 3208 perrexit
2034 3127 2093 3191 in
2142 3124 2471 3189 Sueviam:
2538 3123 2750 3203 opinor
2808 3128 3033 3193 tamen,

303 3220 432 3282 etsi
477 3220 839 3298 legitimum=
863 3236 1212 3299 responsum
1259 3238 1374 3279 non
1421 3217 1756 3298 pertulerit,
1805 3215 2131 3298 pertulisse
2166 3223 2369 3277 tamen
2410 3214 2645 3277 abunde
2693 3210 3031 3273 verborum.

304 3308 376 3371 Si
427 3309 570 3391 quid
619 3306 872 3371 Octobri
919 3326 1123 3369 mense
1171 3307 1266 3367 vel
1314 3307 1642 3369 Novembri
1692 3305 2023 3385 scripsisti,
2080 3304 2143 3366 id
2190 3305 2353 3366 scias
2400 3302 2545 3365 'mihi
2590 3299 2852 3363 nondum
2896 3316 3033 3360 esso

307 3398 634 3461 redditum.
731 3398 888 3459 Nam
934 3396 1325 3476 perlatorem,
1375 3414 1548 3475 quem
1594 3394 1863 3457 Jacobus
1911 3393 2020 3456 tibi
2070 3393 2525 3475 designaverat,
2572 3408 2771 3453 rerum
2816 3406 3031 3451 conse-

305 3495 452 3550 cuta
497 3486 890 3549 commutatio
935 3484 1268 3549 absterruit
1314 3484 1434 3558 (uti
1479 3484 1720 3546 omuino
1764 3484 1945 3562 puto)
1992 3502 2067 3545 ue
2114 3480 2385 3565 Styriam
2430 3480 2863 3561 ingrederetur.

487 3575 554 3637 In
600 3575 894 3656 principio
945 3572 1444 3635 Germanicarum
1491 3572 1800 3635 literarum
1848 3590 2107 3633 errorem
2157 3588 2421 3651 agnosco
2472 3568 2807 3632 verborum.
2874 3564 3035 3629 Sen-

303 3684 414 3727 sus
461 3665 701 3726 omnino
749 3662 948 3725 verbis
995 3664 1116 3725 illis
1165 3684 1201 3723 a
1247 3680 1342 3723 me
1389 3662 1697 3742 usurpatis
1743 3660 1904 3723 inest
1949 3660 2130 3722 talis:
2180 3658 2361 3721 Velle
2388 3677 2484 3720 me
2522 3655 2847 3717 defendere
2890 3672 3034 3734 pro·-

303 3754 571 3835 positum
629 3772 822 3817 meum
889 3772 1092 3815 coram
1159 3758 1242 3813 te.
1336 3750 1526 3831 Atqui
1582 3750 1782 3813 hercle
1838 3768 1954 3813 non
2018 3749 2077 3809 id
2144 3746 2291 3811 mihi
2354 3747 2469 3826 fuit
2532 3743 2751 3819 animi,
2816 3740 3036 3805 abortii

306 3842 594 3924 quicquid
640 3843 702 3905 id
750 3851 848 3905 est
891 3841 1228 3905 verborum.
1325 3840 1580 3903 Sensum
1627 3838 1786 3903 enim
1832 3858 1968 3901 esse
2016 3837 2215 3913 volui,
2274 3834 2662 3917 suppeditare
2711 3851 2805 3895 me
2850 3848 3035 3912 prae-

305 3932 539 4011 ceptori
586 3931 864 4010 exempla
907 3937 1118 3993 vetera
1165 3931 1312 4003 (non
1361 3929 1602 4008 quidem
1647 3928 1823 4009 quasi
1868 3945 2169 4001 censeam,
2220 3927 2327 3989 illa
2360 3926 2639 4005 ignorare
2685 3932 2769 3997 te‘,
2816 3920 2927 3983 sed
2972 3927 3039 3981 ut

215 4045 222 4053 ·
305 4029 372 4083 te
421 4020 656 4083 illorum
704 4020 1312 4093 commonefacerem3
1357 4018 1744 4093 Erinneren.)
1793 4017 2005 4098 quibus
2046 4014 2339 4096 exemplis
2375 4032 2568 4076 meam
2598 4014 2821 4075 famam
2849 4007 3037 4071 Stuc-

307 4109 554 4173 cardiae
601 4118 814 4173 contra
861 4110 1334 4181 obtrectatores,
1383 4106 1434 4168 si
1485 4107 1584 4187 qui
1632 4108 1784 4169 forte
1834 4106 2129 4179 existant,
2193 4104 2501 4166 defendat.
2594 4102 2806 4181 Itaque
2851 4096 3041 4158 verba

307 4218 384 4261 zu
429 4198 666 4261 mehrer
710 4198 1043 4261 Defension
1091 4196 1282 4259 meins
1329 4196 1378 4257 F
1381 4196 1682 4259 iirhabeus
1729 4195 1818 4257 sic
1864 4192 2274 4275 accipiantur,
2322 4193 2435 4255 das
2482 4192 2589 4255 der
2631 4191 2711 4253 Η.
2758 4189 2831 4251 Ρ.
2879 4185 3039 4248 mein

309 4286 610 4351 ffirbaben
675 4287 850 4352 desto
916 4287 1128 4349 besser
1185 4284 1496 4347 defeudirn
1563 4284 1821 4349 khiinde.
1915 4282 2039 4347 Sed
2104 4283 2257 4345 bene
2324 4281 2565 4361 fecisti,
2634 4279 2736 4359 qui
2796 4276 3041 4339 lituram

310 4376 594 4439 inducere
641 4375 1036 4439 incommodis
1083 4374 1220 4437 istis
1265 4374 1465 4437 verbis
1513 4372 1808 4437 statuisti.
1905 4372 2153 4436 Utinam
2200 4390 2345 4434 sane
2402 4370 2657 4435 feceris!
2752 4364 3041 4430 Ceterum

311 4466 424 4527 hoc
471 4484 588 4527 uno
637 4466 940 4541 σφαλματι
989 4470 1270 4541 excepto,
1319 4462 1494 4524 vides
1537 4460 1688 4542 ipse,
1738 4460 2073 4525 consultius
2120 4459 2329 4531 fuisse,
2373 4466 2443 4521 ut
2486 4466 2549 4521 te
2596 4457 2935 4537 alloquerer
2978 4453 3039 4515 iu

309 4554 422 4615 illa
467 4552 746 4633 epistola,
797 4571 971 4633 quem
1015 4552 1203 4615 etiam
1245 4550 1526 4632 princeps
1557 4550 2015 4631 alloquebatur:
2064 4557 2153 4623 ut,
2200 4548 2479 4629 quoniam
2526 4564 2638 4626 ego
2686 4566 2725 4606 a
2768 4540 3037 4625 principe

309 4660 420 4723 per
449 4650 516 4703 te
543 4640 980 4705 internuncium
1019 4640 1458 4719 interrogabar,
1505 4638 1788 4719 princeps
1834 4638 2015 4701 etiam
2060 4660 2099 4699 a
2138 4656 2233 4701 me
2262 4652 2615 4717 responsum
2642 4652 2751 4714 per
2788 4630 3041 4695 eundem

313 4740 375 4793 te
423 4732 698 4793 baberet.
793 4728 1010 4793 Sciunt
1054 4748 1262 4795 omnes
1285 4775 1302 4802 ,
1358 4746 1474 4792 non
1521 4747 1660 4790 esse
1707 4727 1972 4792 literatis
2019 4726 2077 4789 in
2126 4744 2291 4789 more
2344 4724 2649 4805 positum,
2712 4720 3043 4789 vernacula

315 4838 486 4883 mera
527 4818 658 4881 uti:
725 4837 838 4881 nee
882 4818 1134 4881 obscure
1181 4816 1545 4896 conjiciunt,
1613 4815 1871 4896 principi
1912 4834 2007 4879 me
2054 4814 2221 4877 dicta
2266 4813 2462 4887 velle,
2532 4830 2685 4894 quae
2731 4810 2843 4873 tibi
2890 4808 3035 4873 dixi.

316 4908 496 4987 Quod
539 4908 860 4977 immanem
905 4924 1212 4972 numerum
1255 4905 1684 4979 claviculorum
1729 4904 1955 4971 attinet
2000 4905 2059 4971 iu
2105 4902 2259 4966 rotis
2287 4901 2569 4981 Veneris,
2616 4900 2897 4965 existimo
2942 4916 3037 4963 me
