3634 5575
1384 405 1401 422 ι
1501 372 1671 438 caput
1700 372 1815 424 XV.
1927 410 1958 432 ,ι
2157 338 2174 344 “
2899 329 3021 445 1577

302 581 315 596 ‚
478 529 615 592 Hae
660 529 1015 594 distantiae.
1090 530 1235 597 Jam
1280 547 1459 612 porro
1506 531 1870 613 subjungam
1913 529 2270 595 laterculum
2313 546 2579 604 arcuum,
2627 525 2728 608 qui
2775 526 3024 598 sinubus

301 617 595 680 debentur
638 619 747 696 iis,
808 637 959 700 quos
1004 619 1274 682 efficiunt
1321 617 1581 682 Veneris
1628 620 1866 701 quidem
1911 628 1978 681 et
2021 616 2308 682 Mercurii
2351 615 2635 703 altissimi
2679 615 3024 690 abscessus,

300 706 355 767 si
400 706 601 768 media
648 707 874 771 Terrae
922 707 1219 772 distantia
1264 706 1349 770 sit
1394 709 1563 770 sinus
1610 716 1819 772 totus:
1870 706 2128 770 Telluris
2173 723 2317 768 vero
2349 703 2561 770 media
2607 704 2920 779 distantia,
2969 703 3023 766 si

298 793 669 873 superiorum
716 795 1039 857 abscessus
1090 795 1422 875 longissimi
1470 797 1597 859 sint
1641 795 1807 859 sinus
1856 803 2057 860 totus:
2107 809 2356 876 quorum
2385 812 2630 856 arcuum
2655 791 2746 856 illi
2786 792 3022 873 quidem

298 882 781 962 elongationibus
827 883 1106 946 maximis
1155 885 1417 946 Veneris
1466 894 1530 947 et
1568 884 1853 948 Mercurii
1903 905 1941 945 a
1988 883 2163 954 Sole,
2211 881 2270 944 hi
2319 900 2458 944 vero
2506 880 3022 961 prostbaphaere-

296 969 465 1032 sibus
510 969 800 1051 ἄπογειοις
848 971 1135 1046 Saturni,
1198 971 1375 1035 Jovis
1437 981 1503 1035 et
1555 973 1775 1034 Martis
1835 971 2092 1053 proximi
2153 977 2347 1034 erunt.
2441 971 2511 1034 In
2571 969 2762 1048 primo
2819 969 3022 1030 ordine

297 1067 439 1121 sunt
484 1079 695 1134 arcus,
758 1060 858 1142 qui
912 1061 1274 1139 proveniunt
1318 1079 1393 1124 ex
1441 1061 1788 1140 corporibus
1839 1061 2088 1124 exclusa
2129 1059 2333 1130 Luna,
2390 1059 2446 1120 in
2504 1059 2764 1120 secundo
2823 1076 3018 1131 arcus,

298 1147 397 1228 qui
444 1147 809 1228 proveniunt
854 1167 931 1210 ex
976 1147 1285 1212 distantiis
1342 1171 1381 1210 a
1434 1147 1579 1214 Sole
1630 1146 2090 1230 Cepernicanis,
2164 1147 2223 1212 in
2283 1146 2462 1212 tertio
2523 1145 2775 1226 denique
2847 1163 3022 1208 arcus

296 1235 394 1314 qui
450 1255 525 1298 ex
572 1236 921 1316 corporibus
968 1238 1259 1318 adjuncta
1304 1237 1531 1301 Telluri
1577 1237 1753 1302 Luna
1798 1243 2130 1318 sequuntur
2147 1254 2168 1312 ;
2215 1242 2279 1301 et
2323 1235 2796 1316 interponentur,
2823 1233 3019 1299 utriu-

294 1341 407 1404 que
453 1324 851 1388 differentiae.

646 1511 657 1692 ι
778 1526 874 1654 'e
1026 1513 1123 1614 a}
1268 1541 1319 1576 ,ο
1408 1527 1667 1648 e'c
1810 1528 1908 1647 ι’
2078 1540 2106 1576 o
2259 1521 2442 1658 ιΙο
2601 1521 2702 1652 ιΙ

434 1655 903 1771 *553
997 1690 1334 1758 25—o
1425 1690 1511 1755 20
1650 1675 2474 1756 5451-ο4ι-ε»
2612 1643 2910 1756 4““““’“

677 1673 1078 1894 u,1o17
1161 1779 1332 1844 -ο
1430 1779 1509 1842 12
1610 1778 1691 1844 10
1782 1743 2026 1876 29!-
2075 1777 2118 1842 ο
2255 1775 2476 1842 610
2567 1777 2654 1846 23
2985 1785 3020 1812 .

668 1883 1107 2050 ‘iffi—9
1160 1919 1330 2001 ÷2
1423 1878 2161 2018 47”’3’ῐ“2’2“ξ’-ι-ο
2210 1883 2326 1985 3Ῑ
2387 1918 2470 1983 37
2565 1881 2914 1985 52——

688 2008 901 2106 9149
995 2007 1079 2074 36
1157 2007 1317 2090 ÷1
1421 2006 1507 2074 45
1602 2006 1687 2071 47
1781 1983 2118 2104 suff—2
2215 2007 2297 2074 18
2388 2005 2473 2072 45
2567 2005 2652 2072 33

667 2113 1099 2232 ’ξῐ””’“””“”
1450 2131 1689 2248 4129
1792 2132 2109 2250 19;—1
2261 2145 2289 2212 ι
2388 2147 2476 2214 28
2573 2115 2694 2238 ιε’,
2739 2147 2828 2226 ⁸²)
2887 2115 2910 2123 ”

1007 2417 1093 2482 ΙΝ
1144 2415 1425 2480 CAPUT
1468 2415 1864 2480 DECIMUM
1911 2415 2301 2500 QUINTUM

1354 2537 1583 2589 som:
1619 2535 1974 2589 merolus.

458 2643 515 2706 a)
566 2647 704 2710 Quid
748 2656 1010 2716 peccetur
1054 2664 1155 2717 per
1190 2648 1339 2704 hanc
1374 2646 1551 2701 veluti
1580 2647 1926 2700 luxationem
1968 2645 2287 2718 systematis
2329 2644 2630 2714 planetarii
2678 2649 2737 2698 et
2764 2646 3030 2716 quomodo

298 2733 587 2801 peccatum
632 2727 739 2780 hoc
782 2729 1157 2799 redarguetur
1200 2726 1679 2782 observationibus
1716 2725 2028 2779 Braheanis
2076 2725 2132 2778 in
2159 2725 2364 2786 Marte,
2409 2723 2712 2797 diligenter
2752 2724 3028 2797 explicavi

298 2810 355 2863 in
383 2808 681 2862 Comment.
730 2809 795 2861 de
823 2808 1062 2861 motibus
1092 2808 1241 2861 illius
1281 2808 1549 2877 planetae
1596 2806 1759 2876 idque
1796 2824 1871 2860 ex
1905 2806 2158 2876 professo
2201 2811 2365 2875 parte
2412 2804 2607 2874 prima,
2657 2820 2800 2877 quae
2846 2810 2935 2859 est
2962 2806 3029 2859 de

299 2886 737 2959 aequipollentia
766 2886 1175 2957 hypothesium.
1259 2886 1335 2941 Et
1366 2886 1495 2958 quia
1522 2886 1591 2939 ad
1622 2884 1977 2939 declinandos
2019 2884 2124 2938 hos
2165 2900 2379 2938 errores
2408 2901 2640 2938 necesse
2667 2884 2790 2949 fuit,
2833 2884 3030 2940 funda·

298 2975 551 3023 mentum·
586 2966 759 3019 veluti
806 2968 991 3020 mundi
1039 2966 1093 3020 in
1140 2966 1318 3039 ipsum
1348 2964 1491 3020 Solis
1538 2971 1783 3019 centrum
1829 2980 2117 3035 reponere,
2166 2963 2294 3019 hinc
2339 2964 2478 3018 adeo
2523 2963 2748 3027 factum,
2795 2969 2862 3018 ut
2905 2964 3033 3019 loca

304 3046 528 3110 zodiaci,
576 3046 772 3117 quibus
801 3046 1067 3115 planetae
1095 3048 1237 3100 fiunt
1266 3044 1518 3100 altissimi
1548 3051 1608 3099 et
1632 3044 1940 3108 humillimi,
1989 3060 2098 3097 non
2137 3043 2259 3113 jam
2297 3042 2536 3113 amplius
2565 3056 2944 3115 apogaeum
2971 3050 3032 3098 ct

304 3126 691 3197 perigaeorum
720 3142 917 3179 nomen
943 3126 1186 3180 retinere
1215 3132 1459 3195 possent,
1503 3122 1569 3178 ut
1597 3124 1811 3194 quidem
1841 3124 1897 3177 in
1926 3124 2228 3194 Cepernico
2255 3122 2608 3177 retinuerunt
2635 3124 2880 3188 abusive,
2933 3124 3030 3177 aed

298 3206 521 3277 proprie
569 3211 629 3258 et
675 3203 1057 3275 significanter
1104 3204 1548 3276 indigetarentur
1588 3220 1627 3257 a
1668 3222 1755 3259 me
1802 3221 1884 3275 ap
1899 3204 2088 3258 helia
2123 3210 2184 3257 et
2227 3202 2432 3273 perih
2450 3203 2613 3259 elia.

322 3306 329 3313 ·
464 3281 525 3349 b)
573 3284 813 3339 Schema
858 3284 934 3339 23
982 3284 1241 3339 exhibet=
1298 3284 1615 3348 „Positus
1663 3290 2054 3339 centrorum
2099 3282 2658 3337 occentu-icarum
2701 3282 3031 3353 sphaera·

300 3382 443 3421 rum
496 3365 729 3419 Mundi
784 3367 1153 3419 secundum
1208 3363 1631 3419 sententiam
1686 3362 2056 3433 Cepernici
2105 3370 2198 3418 et
2251 3378 2570 3417 numeros
2625 3362 3030 3437 tabularum

302 3444 875 3508 Prutenicarum,
946 3446 1029 3499 ad
1105 3451 1417 3515 tempora
1468 3442 1892 3507 Ptolemaei,
1968 3443 2160 3498 circa
2213 3458 2466 3497 annum
2523 3440 2796 3497 Christi
2858 3442 3025 3497 140.“

301 3526 537 3583 Schema
582 3523 677 3579 24.
724 3526 949 3579 eosdem
1004 3526 1121 3589 „ad
1170 3531 1491 3595 tempora
1542 3521 1946 3593 Cepernici,
1994 3521 2190 3577 circa
2235 3538 2482 3577 annum
2528 3520 3028 3586 Christi15253

303 3606 411 3661 hac
457 3603 648 3659 addita
693 3603 1099 3675 explicatione:

460 3685 547 3739 Ad
594 3688 645 3736 A
690 3682 787 3737 Sol
834 3691 1077 3738 centrum
1125 3684 1309 3738 mundi
1356 3690 1463 3738 est.

463 3763 728 3817 Circellus
757 3779 961 3832 parvus
992 3766 1061 3817 ad
1090 3766 1135 3817 B
1184 3768 1273 3818 est
1301 3763 1535 3817 circulus
1565 3755 1992 3815 eccentricitatis
2039 3760 2186 3827 orbis
2214 3760 2404 3831 magni
2433 3758 2691 3813 Telluris.
2769 3758 2832 3813 Iu
2860 3758 3026 3829 huius

305 3843 534 3915 fastigio
582 3858 681 3895 seu
726 3842 848 3896 loco
886 3843 1178 3898 remotiore
1223 3859 1260 3898 a
1286 3843 1415 3898 Sole
1462 3841 1755 3896 eccentrici
1800 3840 1948 3895 orbis
1977 3840 2168 3912 magni
2215 3846 2461 3893 centrum
2508 3838 2852 3893 consistebat
2888 3844 3029 3893 tem-

301 3940 437 3994 pore
483 3921 807 3985 Ptolemaei,
852 3925 949 3976 sed
996 3930 1243 3992 tempore
1291 3922 1578 3993 Copernici
1624 3922 1680 3975 in
1724 3922 1847 3975 loco
1893 3920 2176 3992 propiore,
2239 3918 2295 3973 h.
2342 3937 2392 3973 e.
2441 3917 2824 3973 eccentricitns
2879 3918 3028 3974 crhis

306 4004 494 4075 mag-ni
540 4008 663 4056 erat
709 4000 825 4055 illic
869 4019 1041 4072 prope
1086 4002 1359 4067 maxima,
1408 4002 1499 4055 hic
1544 4002 1662 4055 fere
1707 4000 1946 4055 minima.
2033 4002 2244 4055 Horum
2289 3999 2424 4053 illud
2463 4000 2746 4053 schemate
2777 3997 2882 4066 23,
2924 4001 3032 4054 hcc

307 4084 421 4137 sch.
470 4083 549 4137 24
594 4082 781 4135 videre
826 4082 975 4136 licet.

465 4164 563 4216 ΔΒ
594 4155 737 4230 (sch.
768 4158 893 4229 23.)
922 4169 1013 4216 est
1038 4160 1223 4225 4170,
1272 4161 1515 4231 qualium
1563 4159 1970 4215 semidiameter
2013 4158 2163 4213 erbis
2200 4158 2390 4229 magni
2435 4164 2524 4212 est
2555 4158 2806 4215 100000.
2885 4158 3032 4215 Hinc

306 4244 550 4301 mima
591 4242 799 4295 Terrae
846 4258 883 4295 a
927 4242 1059 4299 Sole
1104 4242 1335 4295 remotio
1378 4247 1468 4295 est
1521 4240 1781 4305 104170,
1831 4237 2054 4295 minima
2087 4237 2300 4294 95830.
2382 4237 2492 4293 Sed
2537 4238 2592 4292 in
2630 4238 2744 4293 sch.
2780 4236 2878 4295 24.
2927 4238 3033 4293 illa

310 4322 688 4379 eccentricitas
734 4338 911 4392 prope
956 4321 1179 4377 minima
1224 4325 1312 4375 est
1356 4320 1571 4375 32195.

468 4404 509 4456 C
557 4409 645 4457 est
690 4400 927 4477 circulus
972 4417 1177 4471 parvus
1225 4399 1655 4455 eccentricitatis
1687 4388 1757 4463 Q.
1835 4380 2020 4469 Hujus
2067 4398 2472 4453 semidiameter
2515 4404 2606 4452 est
2654 4396 2804 4452 1040
2853 4404 2912 4451 et
2937 4396 3029 4453 Bc

308 4476 451 4553 (sch.
475 4476 593 4546 24.)
617 4470 997 4535 eccentricitas
1020 4480 1193 4535 centri
1214 4478 1371 4551 parvi
1391 4478 1580 4534 circuli
1602 4496 1638 4533 a
1657 4485 1845 4533 centro
1867 4476 2015 4533 orbis
2036 4476 2224 4548 magni
2243 4478 2290 4531 B
2320 4482 2409 4531 est
2428 4476 2618 4539 3120;
2647 4476 2826 4533 Ac=
2859 4474 3030 4531 1262.

306 4562 449 4617 Hinc
494 4562 738 4615 maxima
787 4552 923 4624 &a
971 4556 1035 4620 Θ
1085 4559 1354 4615 distantia
1402 4558 1627 4623 74232,
1644 4558 1894 4613 minima
1934 4558 2152 4614 69628.

465 4642 517 4695 D
547 4644 793 4695 centrum
822 4646 911 4696 est
938 4640 1143 4695 circelli
1173 4638 1599 4693 eccentricitatis
1630 4631 1690 4701 Q.
1767 4637 1951 4707 Hujus
1999 4638 2402 4694 semidiameter
2440 4644 2528 4691 est
2574 4634 2871 4689 earundem
2919 4649 3031 4705 qua

308 4738 479 4791 supra
502 4721 744 4792 partium
774 4718 929 4777 2114
944 4716 1037 4786 Ἰ,
1096 4719 1326 4789 ejusque
1374 4716 1757 4772 eccentricitas
1804 4734 1842 4771 a
1887 4724 2075 4772 centro
2113 4716 2260 4772 orbis
2290 4714 2500 4787 mag-ni
2493 4716 2608 4770 -DB
2631 4709 2884 4778 ’1345Ἰ.
2933 4716 3028 4807 sed

306 4802 429 4864 DA,
462 4797 841 4855 eccentricitas
888 4801 1011 4871 ejus
1030 4812 1077 4855 a
1107 4796 1206 4865 Θ,
1261 4798 1470 4854 10270.
1554 4796 1715 4852 Unde
1748 4796 1992 4852 maxima
2020 4788 2063 4859 ζὲ
2089 4796 2360 4853 distantia
2401 4813 2438 4852 a
2467 4791 2532 4855 Θ
2571 4795 2771 4851 48114
2781 4789 2876 4860 ¹,l.
2911 4830 2918 4836 ·
2931 4810 3030 4849 nu·

310 4882 456 4937 nima
498 4868 693 4937 2334'5
704 4873 786 4940 ’.Ιι
