3634 5575
568 389 699 457 324
1412 392 1613 443 Literae
1650 390 1854 456 Kopion-1
1891 391 2194 455 aliorumque
2229 400 2432 439 mutuae

560 553 745 617 quisivi.
819 552 895 601 Tu
948 552 1072 601 meis
1124 552 1388 615 quaesitis,
1438 552 1619 615 pergit.
1672 550 1890 600 maxirua
1941 564 2002 599 ex
2056 554 2197 611 parte
2256 549 2572 604 satisfecistiz
2635 547 2688 595 in
2739 546 2988 598 nonnullis
3027 545 3273 611 quaedam

562 622 801 672 desidero.

684 690 861 755 'Cupio
898 694 1041 750 scire,
1083 707 1215 741 anne
1252 691 1465 741 molieris
1500 691 1860 739 restitutionem
1903 690 2108 739 Veneris
2147 696 2200 739 et
2233 688 2464 739 Mercurii
2482 727 2495 749 ,
2533 694 2614 754 qui
2652 691 2852 752 maximi
2887 696 3006 739 sunt
3039 689 3277 737 momenti

557 767 611 812 i‘n
650 762 953 827 astrologia?
992 778 1078 811 cur
1114 764 1164 811 in
1203 762 1324 811 locis
1364 761 1731 811 australioribus
1768 764 1929 823 majus
1968 762 2120 825 frigus
2157 760 2316 811 hieme
2356 768 2411 810 ut
2447 762 2706 825 plurimum
2741 762 2820 821 sit,
2859 774 3010 824 quam
3043 760 3096 811 iu
3131 757 3270 808 hisce

558 834 907 891 tractionibus,
967 848 1053 883 cur
1087 833 1197 897 plus
1234 833 1341 881 illic‘
1368 834 1562 897 ningat.
1614 846 1763 896 quarn
1798 832 1907 889 hic,
1965 846 2054 880 cur
2088 829 2303 880 Nordost
2339 834 2535 896 gravius
2592 834 2742 897 frigus
2792 834 2844 882 in
2880 832 2957 881 his
2993 829 3274 895 regionibus

564 905 801 962 adducat,
840 918 987 968 quam
1026 904 1213 954 Boreas
1252 910 1303 953 et
1328 901 1519 951 Eurus?
1595 902 1811 951 Genesin
1845 904 2054 965 junioris
2081 901 2434 952 Dietricbstein
2472 900 2590 964 (vid.
2629 919 2678 967 p.
2707 896 2836 963 313),
2871 902 3064 952 noviter
3095 900 3276 949 mortui

558 976 676 1025 mihi
712 978 1024 1025 transmittas
1060 990 1262 1039 quaeso.
1340 973 1470 1033 Quid
1510 973 1571 1021 de
1610 974 1775 1023 cauda
1812 979 2116 1023 cometarum
2164 974 2351 1023 sentias
2388 976 2514 1024 scire
2553 976 2714 1027 velim.
2755 987 2820 1024 an
2845 973 2930 1023 lux
2953 986 2987 1022 a
3011 970 3140 1022 Solis
3161 970 3274 1021 luce

559 1047 833 1115 exuberans
870 1046 944 1097 vel
984 1046 1119 1095 aliud
1156 1043 1304 1110 quid?

707 1117 783 1165 A'd
821 1118 947 1166 haec
986 1123 1037 1166 et
1061 1116 1305 1180 permulta
1331 1114 1446 1172 alia,
1486 1129 1612 1179 quae
1639 1114 1894 1164 Fabricius
1919 1122 2098 1169 movet.
2146 1113 2396 1179 respondit
2419 1114 2740 1179 Keplerus
2776 1114 2856 1164 die
2892 1108 3090 1163 4.'Ju1ii
3118 1106 3274 1167 1603.

560 1202 653 1238 nec
690 1204 789 1237 non
828 1188 892 1236 ad
931 1187 1055 1237 alias
1084 1174 1291 1236 Fabricii
1327 1185 1514 1241 literas,
1554 1200 1682 1251 quae
1718 1184 1935 1251 Pragam
1973 1192 2214 1235 venerant
2249 1186 2364 1235 inde
2405 1186 2467 1234 ab
2499 1182 2578 1235 18.
2607 1185 2730 1235 Nov.
2765 1181 2900 1234 1602
2943 1184 3008 1235 ad
3043 1180 3124 1231 ¹7.
3148 1181 3274 1245 Maii

562 1254 695 1306 1603
737 1256 963 1319 (numero
1001 1273 1089 1307 sex
1126 1254 1311 1317 erant).

697 1330 1042 1378 Fabricius
1078 1329 1233 1379 literis
1270 1328 1317 1376 d.
1359 1326 1405 1375 d.
1454 1324 1530 1375 ¹8.
1570 1325 1694 1376 Nor.
1738 1322 1905 1381 16⁰2,
1961 1338 2086 1389 quas
2123 1339 2275 1389 supra
2311 1322 2381 1389 (p.
2422 1322 2552 1387 ³12)
2589 1327 2825 1387 diximus,
2880 1324 3073 1375 addidit
3109 1324 3274 1375 obter-

556 1400 779 1449 vationes
814 1399 1052 1449 Mercurii
1092 1398 1274 1462 (comp.
1317 1396 1598 1461 opticen),
1658 1404 1711 1447 ct
1745 1398 1797 1445 in
1833 1399 2130 1460 postscripto
2167 1398 2262 1445 vim
2312 1397 2458 1461 hujus
2493 1398 2728 1461 planetae
2781 1396 3128 1461 annologicam
3163 1395 3274 1443 lau·

558 1470 699 1519 dibus
752 1472 1083 1533 praedicavit,
1138 1470 1314 1520 deinde
1368 1470 1421 1519 in
1475 1468 1661 1517 ultimis
1712 1464 1785 1529 (d.
1825 1468 1872 1515 d.
1925 1465 2007 1515 17.
2050 1466 2174 1530 Maji
2213 1464 2376 1527 1603)
2431 1468 2659 1533 querela·
2715 1468 2924 1519 effundit
2969 1468 3032 1518 ob
3069 1464 3275 1531 Kepleri

558 1540 823 1590 silentium.
899 1542 978 1590 Ad
1014 1540 1139 1589 haec
1179 1539 1445 1603 respiciens
1487 1541 1559 1588 sic
1602 1538 1850 1589 exorditur
1883 1538 2158 1602 Keplerus:

740 1699 881 1761 Jam
922 1698 1071 1759 haec
1121 1706 1299 1758 sexta
1344 1695 1487 1759 mihi
1518 1698 1628 1759 abs
1662 1708 1740 1764 te,
1782 1696 2221 1776 jucundissime
2250 1698 2509 1772 Fabrici,
2563 1698 2728 1759 venit
2765 1698 3046 1778 epistola,
3097 1714 3276 1776 quam

553 1789 733 1866 jussu
790 1785 1132 1848 cancellarii
1182 1785 1570 1847 Abrahamus
1618 1795 1823 1846 vester
1887 1786 1963 1845 ad
2012 1803 2105 1846 me
2153 1786 2211 1847 in
2261 1785 2442 1847 aedes
2493 1806 2660 1849 meas
2707 1786 2928 1849 detulit
2982 1804 3090 1866 per
3133 1786 3272 1865 pla-

563 1885 800 1937 tearum
851 1873 1335 1953 longissimarum
1380 1874 1737 1953 profundum
1788 1875 1996 1935 lutum.

739 1964 942 2025 Instas
992 1962 1049 2023 in
1096 1962 1210 2022 fine
1260 1962 1332 2023 de
1382 1962 1529 2023 meis
1563 1960 1816 2041 Optiois.
1913 1960 2047 2033 Quo
2094 1962 2288 2023 serius
2337 1964 2448 2025 tibi
2495 1962 2892 2034 satisfaciam.
2943 1970 3052 2024 tua
3087 1958 3278 2023 efficit

562 2054 986 2132 importunitas
1052 2060 1114 2111 et
1173 2051 1486 2112 machinae-
1554 2050 1609 2111 in
1678 2050 2075 2129 efflagitando
2143 2070 2452 2129 responso.
2547 2051 2740 2131 Igitur
2805 2052 2882 2112 ad
2950 2069 3054 2125 ea,
3125 2068 3278 2129 quae

561 2140 862 2221 scripsisti
910 2138 970 2203 8.
1022 2137 1189 2213 (18.)
1241 2142 1395 2201 Nov.
1445 2139 1654 2218 primo.

739 2230 981 2309 Agnum
1029 2229 1124 2289 hic
1172 2228 1325 2307 agis„
1377 2229 1465 2288 ita
1510 2247 1577 2287 es
1624 2227 1929 2287 innocens.
2025 2228 2242 2288 Placet
2271 2226 2378 2288 tibi
2408 2227 2850 2289 demonstratio
2899 2234 3276 2307 aspectuum,

565 2318 971 2379 reductionem
1018 2317 1094 2377 ad
1150 2315 1487 2395 eclipticam
1538 2316 1859 2395 approbaS,
1911 2314 2266 2377 divisionem
2314 2315 2789 2377 eccentricitatis
2837 2314 3002 2378 Solis
3047 2314 3276 2377 admit-

564 2407 670 2480 tis,
722 2406 1053 2468 sanitatem
1103 2422 1423 2485 recuperas
1472 2404 1549 2481 ab
1599 2403 1968 2482 astrologica
2007 2403 2189 2477 febri,
2240 2424 2348 2465 nec
2379 2404 2696 2485 quicquam
2723 2404 2804 2477 ibj
2835 2404 3072 2478 scribis,
3123 2402 3280 2484 qnod

562 2495 619 2555 in
670 2494 783 2555 hac
831 2514 893 2555 re
944 2513 1057 2555 non
1108 2494 1323 2555 eximie
1351 2493 1619 2573 probem.
1715 2491 1782 2553 In
1822 2493 1955 2553 sola
1983 2491 2302 2555 latitudine
2337 2494 2560 2555 Martis
2589 2492 2822 2555 haeres.
2919 2496 3009 2555 At
3046 2492 3281 2555 interea

564 2593 629 2644 et
670 2583 887 2662 scripsi
937 2583 1010 2644 de
1058 2601 1135 2643 ea
1179 2582 1547 2643 sufficienter
1593 2600 1669 2641 ex
1713 2580 1830 2641 fide
1878 2581 2364 2643 observationum
2414 2582 2734 2664 Tychonis.

739 2672 937 2733 Mittis
987 2670 1469 2732 observationem
1518 2669 1821 2731 Mercurii.
1919 2668 2172 2731 Gratias
2221 2688 2356 2749 ago,
2411 2672 2621 2743 ⁴Petis
2678 2670 3095 2750 elongationes
3147 2669 3276 2729 Ve-

566 2759 760 2834 neris,
829 2759 1131 2822 Mercurii.
1226 2758 1361 2822 Non
1432 2766 1528 2820 est
1592 2758 1733 2820 mihi
1800 2758 2144 2838 expeditum
2209 2758 2320 2822 hoc
2377 2760 2686 2839 negotium
2701 2778 2718 2834 ;
2787 2758 2959 2822 dabis
3017 2758 3278 2822 veniam.

568 2849 773 2910 Multa
800 2849 1099 2910 Mercurio
1148 2846 1404 2920 tribuis3
1453 2867 1599 2908 sane
1640 2855 1705 2908 et
1734 2865 1868 2927 ego.
1963 2848 2296 2928 Utrumque
2325 2849 2532 2912 docuit
2559 2848 2951 2929 experientia,
2998 2856 3064 2910 tu
3093 2848 3279 2909 etiam

569 2957 608 2996 a
654 2937 963 3014 theologia
1008 2937 1167 3016 petis
1215 2935 1541 3010 rationem;
1597 2935 1723 3014 pie!
1816 2936 1906 2997 At
1951 2936 2133 2999 nolim
2194 2938 2306 2998 hoc
2351 2938 2594 3000 axioma
2655 2937 2869 2999 leviter
2914 2936 3278 3016 prostituere

566 3025 625 3084 in
674 3033 909 3098 natura,
960 3025 1125 3104 cujus
1175 3033 1316 3085 sunt
1364 3024 1629 3085 rationes
1677 3024 1864 3099 aliae,
1931 3025 2124 3086 solere
2172 3024 2364 3087 Deum
2413 3044 2520 3106 per
2567 3025 2812 3089 minima
2857 3027 3096 3088 efficere
3143 3043 3276 3086 ma·-

566 3113 747 3173 xima.
844 3111 1101 3188 Quando
1160 3112 1317 3173 enim
1380 3113 1437 3174 in
1486 3121 1703 3174 natura
1769 3113 1894 3174 tale
1941 3114 2080 3193 quid
2149 3115 2434 3191 occurrit,
2503 3115 2664 3177 ratio
2711 3116 2924 3177 subest
2989 3123 3054 3176 et
3100 3120 3280 3192 captu

568 3220 685 3262 non
750 3201 1015 3262 difficilis
1072 3201 1411 3262 admodum.
1506 3202 1599 3262 De
1648 3201 2032 3279 generalibus
2079 3203 2282 3264 causis
2347 3205 2746 3266 mutationum
2791 3203 2950 3265 aeris
2997 3203 3122 3265 dixi
3167 3220 3276 3263 co-

565 3289 733 3368 piose
779 3289 840 3350 in
890 3291 1039 3351 meis
1086 3290 1359 3351 thesibus
1408 3290 1673 3361 (Astrol.
1726 3293 1773 3351 F
1776 3289 2079 3364 undam),
2151 3309 2266 3352 non
2315 3311 2560 3372 possum
2628 3293 2882 3367 clarius,
2947 3310 3059 3353 nec
3107 3290 3278 3370 quic·

569 3396 749 3458 qnam
798 3378 1037 3440 invenio
1085 3379 1337 3452 melius;
1388 3379 1484 3439 ubi
1536 3387 1599 3439 et
1644 3379 1717 3440 de
1752 3379 2078 3459 eclipsibus
2127 3387 2189 3440 et
2237 3381 2710 3444 revolutionibus
2739 3381 3105 3443 sententiam
3135 3378 3276 3441 dixi.

746 3467 1165 3546 sigismundus
1207 3466 1470 3528 Polonus
1518 3474 1699 3529 natus
1747 3478 1846 3528 est
1889 3468 2043 3530 Jove
2091 3469 2454 3532 culminante
2501 3469 2561 3530 in
2621 3471 2640 3532 1
2677 3468 2853 3545 ⁰224,
2903 3468 3081 3531 Luna
3124 3468 3282 3530 inter

564 3551 603 3631 i}
653 3565 717 3616 et
764 3564 814 3625 ὅ
860 3555 920 3616 in
968 3556 1197 3629 Leone,
1248 3563 1454 3617 stante
1500 3555 1559 3616 in
1594 3555 1765 3618 vm.
1816 3563 1922 3618 aut
1956 3557 2101 3632 IX.;
2159 3556 2303 3620 Sole
2348 3559 2410 3621 in
2441 3573 2534 3625 Θ.

746 3645 845 3705 Ad
896 3663 1021 3716 eas,
1072 3663 1221 3724 quas
1269 3643 1564 3724 scripsisti
1620 3640 1719 3708 18.
1770 3646 2141 3708 Decembris·

604 3823 641 3834 ..
702 3749 797 3799 His
835 3749 941 3869 zdit
974 3750 1222 3814 Keplerus
1261 3748 1535 3800 Comment.
1576 3749 1755 3800 Martis
1795 3748 1979 3815 (comp.
2017 3753 2112 3801 vol.
2152 3749 2300 3814 111.),
2354 3754 2566 3818 indeque
2601 3753 2782 3802 transit
2833 3753 2899 3802 ad
2931 3751 3025 3802 has
3063 3751 3279 3802 Fabri-

565 3835 643 3869 cn
682 3835 835 3884 quaes
860 3833 1027 3870 iones:
2451 3849 2472 3861 κ

702 3891 830 3940 Puto
879 3893 969 3940 tibi
1018 3907 1118 3940 non
1153 3893 1377 3955 ignotum
1413 3905 1523 3940 esse
1580 3891 1845 3941 artificium
1879 3891 2300 3960 Byrgianum‚
2355 3895 2598 3947 condendi
2647 3894 2872 3944 tabulam
2907 3895 3103 3944 sinuum
3131 3896 3281 3956 juxta

562 3963 805 4012 rationem
828 3963 883 4010 in
910 3963 1262 4012 Fundamentis
1289 3963 1631 4012 Astronomiae
1656 3961 1881 4013 Raimari
1908 3960 2068 4026 (Ursi)
2095 3966 2298 4017 obscure
2323 3967 2627 4024 indicatamz
2666 3979 2852 4032 quaeso
2887 3967 3033 4017 unico
3059 3962 3281 4028 exemplo

561 4041 779 4084 mentem
815 4033 1133 4102 problematis
1172 4031 1289 4081 mibi
1326 4033 1619 4096 patefacias.

740 4124 1157 4203 Keplerus:
1206 4123 1415 4206 Byrgii
1467 4125 1780 4186 artificium
1829 4134 1974 4206 puto
2024 4147 2115 4189 me
2163 4128 2431 4207 proxime
2462 4127 2764 4207 attigisse.
2863 4124 3076 4188 Scribe
3113 4124 3280 4186 siuns

563 4213 930 4292 integrorum
978 4213 1289 4292 graduum,
1340 4213 1433 4274 vel
1483 4211 1755 4275 binorum
1802 4216 1898 4275 vel
1947 4217 2256 4289 trinorum,
2308 4218 2622 4296 interpone
2669 4216 2746 4277 ad
2787 4215 2948 4276 latus
2993 4213 3280 4275 differen-

564 4301 701 4374 tias,
754 4302 847 4362 his
892 4321 1125 4363 rursum
1174 4302 1249 4362 ad
1300 4302 1459 4362 latus
1508 4301 1804 4363 secundas
1857 4304 2246 4380 differentias,
2298 4305 2386 4366 sic
2433 4305 2671 4380 tertiaS,
2721 4311 3001 4384 quartas,
3051 4319 3278 4382 quous-

564 4409 693 4469 que,
746 4399 813 4450 ut
856 4391 925 4450 fit
970 4389 1029 4450 in
1078 4389 1481 4469 Lansbergio,
1536 4400 1812 4452 occurrat
1859 4391 2278 4472 inaequalitas.
2376 4395 2524 4457 Inde
2569 4393 2918 4466 considera,
2957 4389 3129 4470 'quid
3173 4389 3280 4449 fiat

564 4497 697 4538 cum
744 4478 954 4557 primis
1005 4486 1067 4539 et
1115 4477 1394 4539 secundis
1444 4478 1840 4554 differentiis;
1907 4481 2064 4542 idem
2115 4482 2268 4544 enim
2338 4501 2472 4544 cum
2521 4481 2717 4544 tertiis
2766 4487 2828 4542 et
2875 4479 3105 4561 quartis
3152 4477 3278 4538 fieri

563 4566 762 4628 debet.
858 4567 989 4628 Hoc
1058 4567 1442 4630 considerato
1512 4567 1773 4629 fortasse
1822 4567 2080 4650 Byrgius
2141 4573 2379 4633 modum
2428 4572 2686 4654 aliquem
2734 4567 3135 4650 excogitavit,
3205 4583 3279 4626 ex

560 4654 1003 4736 quibuscunque
1054 4655 1316 4718 numeris
1364 4655 1704 4734 incipiendi.

699 4759 889 4809 Fabri
906 4761 1073 4816 cius:
1131 4760 1185 4810 Si
1234 4761 1350 4825 quid
1401 4759 1556 4810 habes
1607 4767 1782 4813 contra
1847 4762 2146 4830 astrologiae
2197 4766 2550 4824 fundamenta,
2606 4767 2760 4816 libere
2795 4777 2980 4829 quaeso
3016 4773 3276 4827 proponas.

556 4829 783 4892 Inprimis
821 4844 886 4879 an
924 4833 1408 4882 inclinationes
1458 4833 1645 4897 ingenii
1682 4833 1781 4883 sint
1840 4835 1902 4884 ab
1937 4836 2047 4898 ipsa
2083 4836 2339 4887 humorum
2375 4845 2558 4888 natura
2612 4843 2664 4888 et
2699 4835 2926 4902 ingenita
2959 4833 3276 4898 proprietate.

558 4899 633 4954 rel
672 4913 705 4950 a
739 4900 895 4950 stellis
932 4903 1141 4968 desuper
1174 4905 1225 4954 in
1262 4905 1394 4970 ipsos
1428 4902 1656 4955 humores
1696 4904 1880 4957 effusis.
1957 4905 2061 4972 Ego
2086 4909 2297 4974 primum
2325 4907 2488 4959 credo.
2553 4907 2686 4972 Quid
2721 4906 2785 4958 de
2819 4903 3276 4974 iuterrogatio·
