<?xml version="1.0" encoding="UTF-8"?>
<!DOCTYPE html PUBLIC "-//W3C//DTD XHTML 1.0 Transitional//EN"
    "http://www.w3.org/TR/xhtml1/DTD/xhtml1-transitional.dtd">
<html xmlns="http://www.w3.org/1999/xhtml" xml:lang="en" lang="en">
 <head>
  <title>
</title>
<meta http-equiv="Content-Type" content="text/html;charset=utf-8" />
  <meta name='ocr-system' content='tesseract 3.04.00' />
  <meta name='ocr-capabilities' content='ocr_page ocr_carea ocr_par ocr_line ocrx_word'/>
</head>
<body>
  <div class='ocr_page' id='page_1' title='image "./joanniskepleria30frisgoog_0297.png"; bbox 0 0 3634 5575; ppageno 0'>
   <div class='ocr_carea' id='block_1_1' title="bbox 636 335 2426 458">
    <p class='ocr_par' dir='ltr' id='par_1_1' title="bbox 636 335 2426 458">
     <span class='ocr_line' id='line_1_1' title="bbox 636 335 2426 458; baseline -0.009 -7"><span class='ocrx_word' id='word_1_1' title='bbox 636 394 768 458; x_wconf 82' lang='grc'><strong>278</strong></span> <span class='ocrx_word' id='word_1_2' title='bbox 1558 335 1628 439; x_wconf 43' lang='lat' dir='ltr'><strong>In!</strong></span> <span class='ocrx_word' id='word_1_3' title='bbox 1654 374 1799 451; x_wconf 61' lang='lat' dir='ltr'><strong>A‘pol.</strong></span> <span class='ocrx_word' id='word_1_4' title='bbox 1837 386 1990 449; x_wconf 81' lang='lat' dir='ltr'><strong>Tych-</strong></span> <span class='ocrx_word' id='word_1_5' title='bbox 2033 392 2208 438; x_wconf 84' lang='lat' dir='ltr'><strong>contra</strong></span> <span class='ocrx_word' id='word_1_6' title='bbox 2241 384 2426 438; x_wconf 79' lang='lat' dir='ltr'><strong>Ursum</strong></span> 
     </span>
    </p>
   </div>
   <div class='ocr_carea' id='block_1_2' title="bbox 1200 538 2686 2381">
    <p class='ocr_par' dir='ltr' id='par_1_2' title="bbox 1202 538 2605 680">
     <span class='ocr_line' id='line_1_2' title="bbox 1202 538 2605 612; baseline -0.002 -14"><span class='ocrx_word' id='word_1_7' title='bbox 1202 548 1387 610; x_wconf 83' lang='lat' dir='ltr'><strong>Qualia</strong></span> <span class='ocrx_word' id='word_1_8' title='bbox 1422 562 1516 612; x_wconf 85' lang='lat' dir='ltr'><strong>ego</strong></span> <span class='ocrx_word' id='word_1_9' title='bbox 1550 545 1722 596; x_wconf 71' lang='lat' dir='ltr'><strong>infelix</strong></span> <span class='ocrx_word' id='word_1_10' title='bbox 1756 560 1845 609; x_wconf 90' lang='lat' dir='ltr'><strong>pro</strong></span> <span class='ocrx_word' id='word_1_11' title='bbox 1875 560 2084 609; x_wconf 76' lang='lat' dir='ltr'><strong>munere</strong></span> <span class='ocrx_word' id='word_1_12' title='bbox 2119 558 2328 595; x_wconf 84' lang='lat' dir='ltr'><strong>munera</strong></span> <span class='ocrx_word' id='word_1_13' title='bbox 2363 538 2605 595; x_wconf 61' lang='lat' dir='ltr'><strong>reddam?</strong></span> 
     </span>
     <span class='ocr_line' id='line_1_3' title="bbox 1345 614 2445 680; baseline -0.004 -12"><span class='ocrx_word' id='word_1_14' title='bbox 1345 619 1480 669; x_wconf 86' lang='lat' dir='ltr'><strong>Dum</strong></span> <span class='ocrx_word' id='word_1_15' title='bbox 1517 619 1581 667; x_wconf 84' lang='lat' dir='ltr'><strong>sit</strong></span> <span class='ocrx_word' id='word_1_16' title='bbox 1616 632 1926 667; x_wconf 87' lang='lat' dir='ltr'><strong>nummorum</strong></span> <span class='ocrx_word' id='word_1_17' title='bbox 1962 618 2106 680; x_wconf 89' lang='lat' dir='ltr'><strong>copia</strong></span> <span class='ocrx_word' id='word_1_18' title='bbox 2139 616 2279 666; x_wconf 83' lang='lat' dir='ltr'><strong>nulla</strong></span> <span class='ocrx_word' id='word_1_19' title='bbox 2311 614 2445 665; x_wconf 83' lang='lat' dir='ltr'><strong>mihi.</strong></span> 
     </span>
    </p>

    <p class='ocr_par' dir='ltr' id='par_1_3' title="bbox 1201 688 2597 963">
     <span class='ocr_line' id='line_1_4' title="bbox 1203 688 2596 752; baseline -0.004 -12"><span class='ocrx_word' id='word_1_20' title='bbox 1203 691 1287 740; x_wconf 81' lang='lat' dir='ltr'><strong>Nil</strong></span> <span class='ocrx_word' id='word_1_21' title='bbox 1326 690 1459 741; x_wconf 83' lang='lat' dir='ltr'><strong>aliud</strong></span> <span class='ocrx_word' id='word_1_22' title='bbox 1498 704 1609 739; x_wconf 89' lang='lat' dir='ltr'><strong>cum</strong></span> <span class='ocrx_word' id='word_1_23' title='bbox 1646 690 1711 737; x_wconf 85' lang='lat' dir='ltr'><strong>sit</strong></span> <span class='ocrx_word' id='word_1_24' title='bbox 1746 688 1867 736; x_wconf 86' lang='lat' dir='ltr'><strong>mihi</strong></span> <span class='ocrx_word' id='word_1_25' title='bbox 1898 690 2004 749; x_wconf 84' lang='lat' dir='ltr'><strong>jam</strong></span> <span class='ocrx_word' id='word_1_26' title='bbox 2039 703 2126 752; x_wconf 89' lang='lat' dir='ltr'><strong>pro</strong></span> <span class='ocrx_word' id='word_1_27' title='bbox 2161 700 2364 736; x_wconf 90' lang='lat' dir='ltr'><strong>munere</strong></span> <span class='ocrx_word' id='word_1_28' title='bbox 2399 700 2596 745; x_wconf 79' lang='lat' dir='ltr'><strong>munus,</strong></span> 
     </span>
     <span class='ocr_line' id='line_1_5' title="bbox 1342 757 2492 823; baseline -0.005 -12"><span class='ocrx_word' id='word_1_29' title='bbox 1342 760 1549 811; x_wconf 86' lang='lat' dir='ltr'><strong>Munere</strong></span> <span class='ocrx_word' id='word_1_30' title='bbox 1585 774 1672 823; x_wconf 89' lang='lat' dir='ltr'><strong>pro</strong></span> <span class='ocrx_word' id='word_1_31' title='bbox 1708 764 1852 807; x_wconf 84' lang='lat' dir='ltr'><strong>tanto</strong></span> <span class='ocrx_word' id='word_1_32' title='bbox 1888 773 2066 807; x_wconf 87' lang='lat' dir='ltr'><strong>munus</strong></span> <span class='ocrx_word' id='word_1_33' title='bbox 2101 757 2307 807; x_wconf 84' lang='lat' dir='ltr'><strong>habebis</strong></span> <span class='ocrx_word' id='word_1_34' title='bbox 2343 757 2492 806; x_wconf 87' lang='lat' dir='ltr'><strong>idem.</strong></span> 
     </span>
     <span class='ocr_line' id='line_1_6' title="bbox 1201 824 2597 893; baseline -0.005 -11"><span class='ocrx_word' id='word_1_35' title='bbox 1201 831 1413 882; x_wconf 83' lang='lat' dir='ltr'><strong>Nescius</strong></span> <span class='ocrx_word' id='word_1_36' title='bbox 1452 831 1667 893; x_wconf 74' lang='lat' dir='ltr'><strong>accipies</strong></span> <span class='ocrx_word' id='word_1_37' title='bbox 1704 834 1795 878; x_wconf 88' lang='lat' dir='ltr'><strong>tua</strong></span> <span class='ocrx_word' id='word_1_38' title='bbox 1831 843 2038 879; x_wconf 88' lang='lat' dir='ltr'><strong>munera</strong></span> <span class='ocrx_word' id='word_1_39' title='bbox 2075 826 2198 889; x_wconf 87' lang='lat' dir='ltr'><strong>(sint</strong></span> <span class='ocrx_word' id='word_1_40' title='bbox 2233 828 2352 877; x_wconf 89' lang='lat' dir='ltr'><strong>licet</strong></span> <span class='ocrx_word' id='word_1_41' title='bbox 2389 824 2597 890; x_wconf 86' lang='lat' dir='ltr'><strong>ampla),</strong></span> 
     </span>
     <span class='ocr_line' id='line_1_7' title="bbox 1344 899 2474 963; baseline -0.004 -12"><span class='ocrx_word' id='word_1_42' title='bbox 1344 901 1556 951; x_wconf 81' lang='lat' dir='ltr'><strong>Nescius</strong></span> <span class='ocrx_word' id='word_1_43' title='bbox 1595 900 1807 963; x_wconf 88' lang='lat' dir='ltr'><strong>accipies</strong></span> <span class='ocrx_word' id='word_1_44' title='bbox 1846 914 1924 947; x_wconf 92' lang='lat' dir='ltr'><strong>me</strong></span> <span class='ocrx_word' id='word_1_45' title='bbox 1961 899 2077 949; x_wconf 87' lang='lat' dir='ltr'><strong>hinc</strong></span> <span class='ocrx_word' id='word_1_46' title='bbox 2115 900 2330 949; x_wconf 86' lang='lat' dir='ltr'><strong>abeunte</strong></span> <span class='ocrx_word' id='word_1_47' title='bbox 2365 904 2474 947; x_wconf 83' lang='lat' dir='ltr'><strong>tua.</strong></span> 
     </span>
    </p>

    <p class='ocr_par' dir='ltr' id='par_1_4' title="bbox 1206 970 2487 1106">
     <span class='ocr_line' id='line_1_8' title="bbox 1206 970 2487 1037; baseline -0.007 -13"><span class='ocrx_word' id='word_1_48' title='bbox 1206 973 1319 1024; x_wconf 84' lang='lat' dir='ltr'><strong>Non</strong></span> <span class='ocrx_word' id='word_1_49' title='bbox 1356 988 1449 1037; x_wconf 83' lang='lat' dir='ltr'><strong>ego</strong></span> <span class='ocrx_word' id='word_1_50' title='bbox 1488 971 1706 1021; x_wconf 82' lang='lat' dir='ltr'><strong>delector</strong></span> <span class='ocrx_word' id='word_1_51' title='bbox 1740 971 1968 1033; x_wconf 83' lang='lat' dir='ltr'><strong>perituris</strong></span> <span class='ocrx_word' id='word_1_52' title='bbox 2005 970 2082 1019; x_wconf 88' lang='lat' dir='ltr'><strong>his</strong></span> <span class='ocrx_word' id='word_1_53' title='bbox 2120 971 2219 1019; x_wconf 88' lang='lat' dir='ltr'><strong>cito</strong></span> <span class='ocrx_word' id='word_1_54' title='bbox 2255 970 2487 1029; x_wconf 83' lang='lat' dir='ltr'><strong>nummis,</strong></span> 
     </span>
     <span class='ocr_line' id='line_1_9' title="bbox 1348 1040 2469 1106; baseline -0.007 -13"><span class='ocrx_word' id='word_1_55' title='bbox 1348 1044 1547 1093; x_wconf 81' lang='lat' dir='ltr'>Artibus</span> <span class='ocrx_word' id='word_1_56' title='bbox 1584 1042 1811 1106; x_wconf 77' lang='lat' dir='ltr'><strong>ingenuis</strong></span> <span class='ocrx_word' id='word_1_57' title='bbox 1849 1040 2044 1105; x_wconf 77' lang='lat' dir='ltr'>gaudeo</span> <span class='ocrx_word' id='word_1_58' title='bbox 2081 1040 2257 1089; x_wconf 87' lang='lat' dir='ltr'><strong>adesse</strong></span> <span class='ocrx_word' id='word_1_59' title='bbox 2291 1040 2469 1103; x_wconf 85' lang='lat' dir='ltr'><strong>magis.</strong></span> 
     </span>
    </p>

    <p class='ocr_par' dir='ltr' id='par_1_5' title="bbox 1201 1108 2604 1249">
     <span class='ocr_line' id='line_1_10' title="bbox 1201 1108 2604 1175; baseline -0.004 -11"><span class='ocrx_word' id='word_1_60' title='bbox 1201 1113 1335 1164; x_wconf 78' lang='lat' dir='ltr'><strong>Nam</strong></span> <span class='ocrx_word' id='word_1_61' title='bbox 1370 1114 1529 1163; x_wconf 81' lang='lat' dir='ltr'><strong>brevis</strong></span> <span class='ocrx_word' id='word_1_62' title='bbox 1566 1118 1716 1175; x_wconf 79' lang='lat' dir='ltr'><strong>atque</strong></span> <span class='ocrx_word' id='word_1_63' title='bbox 1753 1113 1851 1161; x_wconf 84' lang='lat' dir='ltr'><strong>cito</strong></span> <span class='ocrx_word' id='word_1_64' title='bbox 1888 1113 2074 1160; x_wconf 88' lang='lat' dir='ltr'><strong>nummi</strong></span> <span class='ocrx_word' id='word_1_65' title='bbox 2110 1112 2330 1173; x_wconf 85' lang='lat' dir='ltr'><strong>peritura</strong></span> <span class='ocrx_word' id='word_1_66' title='bbox 2361 1108 2604 1171; x_wconf 76' lang='lat' dir='ltr'><strong>voluptas,</strong></span> 
     </span>
     <span class='ocr_line' id='line_1_11' title="bbox 1346 1180 2544 1249; baseline -0.005 -15"><span class='ocrx_word' id='word_1_67' title='bbox 1346 1184 1491 1244; x_wconf 79' lang='lat' dir='ltr'><strong>Quae</strong></span> <span class='ocrx_word' id='word_1_68' title='bbox 1527 1183 1662 1233; x_wconf 82' lang='lat' dir='ltr'><strong>venit</strong></span> <span class='ocrx_word' id='word_1_69' title='bbox 1699 1196 1760 1231; x_wconf 85' lang='lat' dir='ltr'><strong>ex</strong></span> <span class='ocrx_word' id='word_1_70' title='bbox 1795 1182 1968 1231; x_wconf 86' lang='lat' dir='ltr'><strong>studiis</strong></span> <span class='ocrx_word' id='word_1_71' title='bbox 2003 1196 2103 1230; x_wconf 89' lang='lat' dir='ltr'><strong>non</strong></span> <span class='ocrx_word' id='word_1_72' title='bbox 2139 1182 2359 1245; x_wconf 88' lang='lat' dir='ltr'><strong>peritura</strong></span> <span class='ocrx_word' id='word_1_73' title='bbox 2392 1180 2544 1249; x_wconf 76' lang='lat' dir='ltr'><strong>venit.</strong></span> 
     </span>
    </p>

    <p class='ocr_par' dir='ltr' id='par_1_6' title="bbox 1202 1252 2644 1389">
     <span class='ocr_line' id='line_1_12' title="bbox 1202 1252 2531 1320; baseline -0.005 -15"><span class='ocrx_word' id='word_1_74' title='bbox 1202 1256 1293 1305; x_wconf 86' lang='lat' dir='ltr'><strong>Vis</strong></span> <span class='ocrx_word' id='word_1_75' title='bbox 1328 1260 1585 1320; x_wconf 84' lang='lat' dir='ltr'><strong>praestare</strong></span> <span class='ocrx_word' id='word_1_76' title='bbox 1620 1252 1741 1301; x_wconf 89' lang='lat' dir='ltr'><strong>mihi</strong></span> <span class='ocrx_word' id='word_1_77' title='bbox 1776 1253 2062 1317; x_wconf 86' lang='lat' dir='ltr'><strong>gratissima</strong></span> <span class='ocrx_word' id='word_1_78' title='bbox 2093 1264 2317 1306; x_wconf 80' lang='lat' dir='ltr'><strong>munera,</strong></span> <span class='ocrx_word' id='word_1_79' title='bbox 2355 1264 2531 1299; x_wconf 81' lang='lat' dir='ltr'><strong>munus</strong></span> 
     </span>
     <span class='ocr_line' id='line_1_13' title="bbox 1346 1322 2644 1389; baseline -0.004 -14"><span class='ocrx_word' id='word_1_80' title='bbox 1346 1326 1519 1389; x_wconf 80' lang='lat' dir='ltr'><strong>Adque</strong></span> <span class='ocrx_word' id='word_1_81' title='bbox 1553 1337 1693 1373; x_wconf 88' lang='lat' dir='ltr'><strong>meas</strong></span> <span class='ocrx_word' id='word_1_82' title='bbox 1729 1324 1906 1373; x_wconf 86' lang='lat' dir='ltr'><strong>redeat</strong></span> <span class='ocrx_word' id='word_1_83' title='bbox 1940 1322 2201 1387; x_wconf 83' lang='lat' dir='ltr'><strong>perditum,</strong></span> <span class='ocrx_word' id='word_1_84' title='bbox 2239 1323 2416 1376; x_wconf 86' lang='lat' dir='ltr'><strong>amice,</strong></span> <span class='ocrx_word' id='word_1_85' title='bbox 2451 1334 2644 1371; x_wconf 77' lang='lat' dir='ltr'><strong>manus.</strong></span> 
     </span>
    </p>

    <p class='ocr_par' dir='ltr' id='par_1_7' title="bbox 1204 1392 2487 1528">
     <span class='ocr_line' id='line_1_14' title="bbox 1204 1392 2487 1460; baseline -0.005 -13"><span class='ocrx_word' id='word_1_86' title='bbox 1204 1398 1381 1447; x_wconf 85' lang='lat' dir='ltr'><strong>Gratia</strong></span> <span class='ocrx_word' id='word_1_87' title='bbox 1416 1402 1565 1460; x_wconf 86' lang='lat' dir='ltr'><strong>grata</strong></span> <span class='ocrx_word' id='word_1_88' title='bbox 1598 1394 1719 1443; x_wconf 89' lang='lat' dir='ltr'><strong>mihi</strong></span> <span class='ocrx_word' id='word_1_89' title='bbox 1756 1394 1919 1449; x_wconf 82' lang='lat' dir='ltr'><strong>fuerit,</strong></span> <span class='ocrx_word' id='word_1_90' title='bbox 1957 1393 2241 1458; x_wconf 82' lang='lat' dir='ltr'><strong>gratissima</strong></span> <span class='ocrx_word' id='word_1_91' title='bbox 2277 1392 2487 1448; x_wconf 83' lang='lat' dir='ltr'><strong>cunctis,</strong></span> 
     </span>
     <span class='ocr_line' id='line_1_15' title="bbox 1344 1463 2450 1528; baseline -0.007 -10"><span class='ocrx_word' id='word_1_92' title='bbox 1344 1466 1497 1518; x_wconf 82' lang='lat' dir='ltr'><strong>Nulla</strong></span> <span class='ocrx_word' id='word_1_93' title='bbox 1532 1466 1699 1514; x_wconf 82' lang='lat' dir='ltr'><strong>futura</strong></span> <span class='ocrx_word' id='word_1_94' title='bbox 1732 1463 1852 1513; x_wconf 90' lang='lat' dir='ltr'><strong>mihi</strong></span> <span class='ocrx_word' id='word_1_95' title='bbox 1889 1464 2054 1528; x_wconf 85' lang='lat' dir='ltr'><strong>gratia</strong></span> <span class='ocrx_word' id='word_1_96' title='bbox 2089 1468 2238 1528; x_wconf 85' lang='lat' dir='ltr'><strong>grata</strong></span> <span class='ocrx_word' id='word_1_97' title='bbox 2272 1463 2450 1527; x_wconf 84' lang='lat' dir='ltr'><strong>magis,</strong></span> 
     </span>
    </p>

    <p class='ocr_par' dir='ltr' id='par_1_8' title="bbox 1204 1532 2486 1671">
     <span class='ocr_line' id='line_1_16' title="bbox 1204 1532 2444 1592; baseline -0.006 -3"><span class='ocrx_word' id='word_1_98' title='bbox 1204 1537 1259 1589; x_wconf 90' lang='lat' dir='ltr'><strong>Si</strong></span> <span class='ocrx_word' id='word_1_99' title='bbox 1297 1538 1489 1588; x_wconf 85' lang='lat' dir='ltr'><strong>dederis</strong></span> <span class='ocrx_word' id='word_1_100' title='bbox 1526 1541 1726 1586; x_wconf 89' lang='lat' dir='ltr'><strong>centum</strong></span> <span class='ocrx_word' id='word_1_101' title='bbox 1762 1549 2070 1583; x_wconf 86' lang='lat' dir='ltr'><strong>nummorum</strong></span> <span class='ocrx_word' id='word_1_102' title='bbox 2105 1534 2261 1582; x_wconf 90' lang='lat' dir='ltr'><strong>millia</strong></span> <span class='ocrx_word' id='word_1_103' title='bbox 2294 1532 2444 1592; x_wconf 89' lang='lat' dir='ltr'><strong>mille,</strong></span> 
     </span>
     <span class='ocr_line' id='line_1_17' title="bbox 1346 1603 2486 1671; baseline -0.006 -14"><span class='ocrx_word' id='word_1_104' title='bbox 1346 1610 1583 1657; x_wconf 79' lang='lat' dir='ltr'><strong>Attamen</strong></span> <span class='ocrx_word' id='word_1_105' title='bbox 1619 1608 1821 1671; x_wconf 78' lang='lat' dir='ltr'><strong>ingrata.</strong></span> <span class='ocrx_word' id='word_1_106' title='bbox 1857 1612 1936 1655; x_wconf 85' lang='lat' dir='ltr'><strong>est</strong></span> <span class='ocrx_word' id='word_1_107' title='bbox 1969 1606 2136 1671; x_wconf 84' lang='lat' dir='ltr'><strong>gratia</strong></span> <span class='ocrx_word' id='word_1_108' title='bbox 2169 1610 2318 1653; x_wconf 84' lang='lat' dir='ltr'><strong>tanta</strong></span> <span class='ocrx_word' id='word_1_109' title='bbox 2351 1603 2486 1652; x_wconf 87' lang='lat' dir='ltr'><strong>mihi.</strong></span> 
     </span>
    </p>

    <p class='ocr_par' dir='ltr' id='par_1_9' title="bbox 1200 1674 2495 1811">
     <span class='ocr_line' id='line_1_18' title="bbox 1200 1674 2466 1742; baseline -0.005 -13"><span class='ocrx_word' id='word_1_110' title='bbox 1200 1680 1339 1729; x_wconf 86' lang='lat' dir='ltr'><strong>Illius</strong></span> <span class='ocrx_word' id='word_1_111' title='bbox 1376 1684 1598 1742; x_wconf 77' lang='lat' dir='ltr'><strong>aspectu,</strong></span> <span class='ocrx_word' id='word_1_112' title='bbox 1638 1678 1716 1725; x_wconf 81' lang='lat' dir='ltr'><strong>vix</strong></span> <span class='ocrx_word' id='word_1_113' title='bbox 1752 1682 1952 1740; x_wconf 85' lang='lat' dir='ltr'><strong>gratum</strong></span> <span class='ocrx_word' id='word_1_114' title='bbox 1989 1674 2194 1725; x_wconf 89' lang='lat' dir='ltr'><strong>reddere</strong></span> <span class='ocrx_word' id='word_1_115' title='bbox 2235 1676 2466 1729; x_wconf 84' lang='lat' dir='ltr'><strong>amicum.</strong></span> 
     </span>
     <span class='ocr_line' id='line_1_19' title="bbox 1346 1746 2495 1811; baseline -0.007 -11"><span class='ocrx_word' id='word_1_116' title='bbox 1346 1750 1549 1800; x_wconf 75' lang='lat' dir='ltr'>Perdita</span> <span class='ocrx_word' id='word_1_117' title='bbox 1584 1746 1665 1796; x_wconf 79' lang='lat' dir='ltr'><strong>fac</strong></span> <span class='ocrx_word' id='word_1_118' title='bbox 1700 1747 1924 1800; x_wconf 77' lang='lat' dir='ltr'><strong>redeant,</strong></span> <span class='ocrx_word' id='word_1_119' title='bbox 1964 1753 2135 1811; x_wconf 84' lang='lat' dir='ltr'><strong>gratus</strong></span> <span class='ocrx_word' id='word_1_120' title='bbox 2172 1746 2359 1794; x_wconf 87' lang='lat' dir='ltr'><strong>amicus</strong></span> <span class='ocrx_word' id='word_1_121' title='bbox 2397 1760 2495 1795; x_wconf 88' lang='lat' dir='ltr'><strong>ero.</strong></span> 
     </span>
    </p>

    <p class='ocr_par' dir='ltr' id='par_1_10' title="bbox 1206 1814 2540 1949">
     <span class='ocr_line' id='line_1_20' title="bbox 1206 1814 2540 1884; baseline -0.004 -14"><span class='ocrx_word' id='word_1_122' title='bbox 1206 1820 1259 1869; x_wconf 91' lang='lat' dir='ltr'><strong>Si</strong></span> <span class='ocrx_word' id='word_1_123' title='bbox 1296 1821 1412 1884; x_wconf 87' lang='lat' dir='ltr'><strong>quid</strong></span> <span class='ocrx_word' id='word_1_124' title='bbox 1446 1816 1635 1868; x_wconf 71' lang='lat' dir='ltr'><strong>liabent</strong></span> <span class='ocrx_word' id='word_1_125' title='bbox 1671 1819 1793 1867; x_wconf 91' lang='lat' dir='ltr'><strong>certi</strong></span> <span class='ocrx_word' id='word_1_126' title='bbox 1830 1816 2156 1880; x_wconf 85' lang='lat' dir='ltr'><strong>pulcherrima</strong></span> <span class='ocrx_word' id='word_1_127' title='bbox 2190 1816 2379 1865; x_wconf 83' lang='lat' dir='ltr'><strong>lumina</strong></span> <span class='ocrx_word' id='word_1_128' title='bbox 2415 1814 2540 1865; x_wconf 88' lang='lat' dir='ltr'><strong>coeli</strong></span> 
     </span>
     <span class='ocr_line' id='line_1_21' title="bbox 1344 1886 2517 1949; baseline -0.006 -8"><span class='ocrx_word' id='word_1_129' title='bbox 1344 1891 1543 1947; x_wconf 79' lang='lat' dir='ltr'><strong>Judicii‚</strong></span> <span class='ocrx_word' id='word_1_130' title='bbox 1580 1888 1828 1937; x_wconf 88' lang='lat' dir='ltr'><strong>occultum</strong></span> <span class='ocrx_word' id='word_1_131' title='bbox 1864 1888 1943 1937; x_wconf 81' lang='lat' dir='ltr'><strong>dic</strong></span> <span class='ocrx_word' id='word_1_132' title='bbox 1979 1888 2098 1937; x_wconf 87' lang='lat' dir='ltr'><strong>mihi</strong></span> <span class='ocrx_word' id='word_1_133' title='bbox 2133 1887 2302 1949; x_wconf 83' lang='lat' dir='ltr'><strong>Tycho</strong></span> <span class='ocrx_word' id='word_1_134' title='bbox 2338 1886 2517 1936; x_wconf 88' lang='lat' dir='ltr'><strong>locum.</strong></span> 
     </span>
    </p>

    <p class='ocr_par' dir='ltr' id='par_1_11' title="bbox 1207 1958 2506 2095">
     <span class='ocr_line' id='line_1_22' title="bbox 1207 1958 2506 2023; baseline -0.005 -11"><span class='ocrx_word' id='word_1_135' title='bbox 1207 1962 1321 2019; x_wconf 82' lang='lat' dir='ltr'><strong>Dic,</strong></span> <span class='ocrx_word' id='word_1_136' title='bbox 1356 1962 1442 2011; x_wconf 91' lang='lat' dir='ltr'><strong>ubi</strong></span> <span class='ocrx_word' id='word_1_137' title='bbox 1476 1961 1721 2023; x_wconf 84' lang='lat' dir='ltr'><strong>deponam</strong></span> <span class='ocrx_word' id='word_1_138' title='bbox 1756 1966 1850 2009; x_wconf 85' lang='lat' dir='ltr'><strong>tua</strong></span> <span class='ocrx_word' id='word_1_139' title='bbox 1881 1972 2094 2008; x_wconf 82' lang='lat' dir='ltr'><strong>munera</strong></span> <span class='ocrx_word' id='word_1_140' title='bbox 2125 1958 2316 2007; x_wconf 77' lang='lat' dir='ltr'><strong>tradita</strong></span> <span class='ocrx_word' id='word_1_141' title='bbox 2347 1959 2506 2014; x_wconf 61' lang='grc' dir='ltr'>ποδὶ,</span> 
     </span>
     <span class='ocr_line' id='line_1_23' title="bbox 1344 2028 2506 2095; baseline -0.004 -13"><span class='ocrx_word' id='word_1_142' title='bbox 1344 2033 1441 2082; x_wconf 92' lang='lat' dir='ltr'><strong>Dic</strong></span> <span class='ocrx_word' id='word_1_143' title='bbox 1478 2038 1533 2082; x_wconf 86' lang='lat' dir='ltr'><strong>et</strong></span> <span class='ocrx_word' id='word_1_144' title='bbox 1568 2032 1663 2080; x_wconf 82' lang='lat' dir='ltr'><strong>eris</strong></span> <span class='ocrx_word' id='word_1_145' title='bbox 1696 2031 1874 2079; x_wconf 83' lang='lat' dir='ltr'><strong>merito</strong></span> <span class='ocrx_word' id='word_1_146' title='bbox 1911 2044 2124 2095; x_wconf 82' lang='lat' dir='ltr'><strong>magnus</strong></span> <span class='ocrx_word' id='word_1_147' title='bbox 2162 2028 2336 2091; x_wconf 78' lang='lat' dir='ltr'><strong>Apollo</strong></span> <span class='ocrx_word' id='word_1_148' title='bbox 2371 2029 2506 2079; x_wconf 83' lang='lat' dir='ltr'><strong>mihi.</strong></span> 
     </span>
    </p>

    <p class='ocr_par' dir='ltr' id='par_1_12' title="bbox 1208 2101 2669 2224">
     <span class='ocr_line' id='line_1_24' title="bbox 1208 2101 2596 2164; baseline -0.003 -10"><span class='ocrx_word' id='word_1_149' title='bbox 1208 2102 1297 2154; x_wconf 89' lang='lat' dir='ltr'><strong>Sin</strong></span> <span class='ocrx_word' id='word_1_150' title='bbox 1334 2105 1496 2161; x_wconf 82' lang='lat' dir='ltr'><strong>aliter,</strong></span> <span class='ocrx_word' id='word_1_151' title='bbox 1534 2102 1703 2151; x_wconf 83' lang='lat' dir='ltr'><strong>dubito</strong></span> <span class='ocrx_word' id='word_1_152' title='bbox 1738 2101 1991 2151; x_wconf 73' lang='lat' dir='ltr'><strong>titubante</strong></span> <span class='ocrx_word' id='word_1_153' title='bbox 2025 2106 2210 2160; x_wconf 87' lang='lat' dir='ltr'><strong>mente,</strong></span> <span class='ocrx_word' id='word_1_154' title='bbox 2249 2113 2344 2149; x_wconf 86' lang='lat' dir='ltr'><strong>nec</strong></span> <span class='ocrx_word' id='word_1_155' title='bbox 2377 2111 2596 2164; x_wconf 72' lang='lat' dir='ltr'><strong>unquam</strong></span> 
     </span>
     <span class='ocr_line' id='line_1_25' title="bbox 1348 2170 2669 2224; baseline -0.007 0"><span class='ocrx_word' id='word_1_156' title='bbox 1348 2174 1547 2224; x_wconf 78' lang='lat' dir='ltr'><strong>Artibus</strong></span> <span class='ocrx_word' id='word_1_157' title='bbox 1582 2172 1686 2221; x_wconf 85' lang='lat' dir='ltr'><strong>ulla</strong></span> <span class='ocrx_word' id='word_1_158' title='bbox 1719 2173 1817 2221; x_wconf 87' lang='lat' dir='ltr'><strong>tuis</strong></span> <span class='ocrx_word' id='word_1_159' title='bbox 1855 2172 2174 2221; x_wconf 82' lang='lat' dir='ltr'><strong>attribuenda</strong></span> <span class='ocrx_word' id='word_1_160' title='bbox 2205 2170 2344 2221; x_wconf 80' lang='lat' dir='ltr'><strong>fides.</strong></span> <span class='ocrx_word' id='word_1_161' title='bbox 2657 2175 2669 2181; x_wconf 82' lang='grc'><strong><em>’</em></strong></span> 
     </span>
    </p>

    <p class='ocr_par' dir='ltr' id='par_1_13' title="bbox 1204 2242 2686 2381">
     <span class='ocr_line' id='line_1_26' title="bbox 1204 2242 2686 2307; baseline -0.003 -10"><span class='ocrx_word' id='word_1_162' title='bbox 1204 2244 1349 2297; x_wconf 80' lang='lat' dir='ltr'><strong>Haec</strong></span> <span class='ocrx_word' id='word_1_163' title='bbox 1384 2245 1480 2294; x_wconf 76' lang='lat' dir='ltr'><strong>cluo</strong></span> <span class='ocrx_word' id='word_1_164' title='bbox 1516 2244 1561 2293; x_wconf 83' lang='lat' dir='ltr'><strong>si</strong></span> <span class='ocrx_word' id='word_1_165' title='bbox 1596 2243 1803 2300; x_wconf 80' lang='lat' dir='ltr'><strong>efficias,</strong></span> <span class='ocrx_word' id='word_1_166' title='bbox 1841 2249 1932 2293; x_wconf 81' lang='lat' dir='ltr'><strong>tua</strong></span> <span class='ocrx_word' id='word_1_167' title='bbox 1965 2249 2182 2307; x_wconf 87' lang='lat' dir='ltr'><strong>tuncque</strong></span> <span class='ocrx_word' id='word_1_168' title='bbox 2217 2243 2448 2304; x_wconf 83' lang='lat' dir='ltr'><strong>perennis</strong></span> <span class='ocrx_word' id='word_1_169' title='bbox 2481 2243 2536 2291; x_wconf 88' lang='lat' dir='ltr'><strong>in</strong></span> <span class='ocrx_word' id='word_1_170' title='bbox 2569 2242 2686 2292; x_wconf 83' lang='lat' dir='ltr'><strong>orbe</strong></span> 
     </span>
     <span class='ocr_line' id='line_1_27' title="bbox 1350 2312 2532 2381; baseline -0.005 -15"><span class='ocrx_word' id='word_1_171' title='bbox 1350 2316 1514 2381; x_wconf 78' lang='lat' dir='ltr'><strong>Atque</strong></span> <span class='ocrx_word' id='word_1_172' title='bbox 1550 2316 1645 2365; x_wconf 82' lang='lat' dir='ltr'><strong>en&#39;t</strong></span> <span class='ocrx_word' id='word_1_173' title='bbox 1678 2314 1900 2364; x_wconf 75' lang='lat' dir='ltr'>Uraniae</span> <span class='ocrx_word' id='word_1_174' title='bbox 1936 2314 2155 2364; x_wconf 79' lang='lat' dir='ltr'><strong>maxima</strong></span> <span class='ocrx_word' id='word_1_175' title='bbox 2191 2312 2360 2363; x_wconf 76' lang='lat' dir='ltr'><strong>danda</strong></span> <span class='ocrx_word' id='word_1_176' title='bbox 2392 2312 2532 2361; x_wconf 80' lang='lat' dir='ltr'><strong>fides.</strong></span> 
     </span>
    </p>
   </div>
   <div class='ocr_carea' id='block_1_3' title="bbox 2159 2392 3286 2469">
    <p class='ocr_par' dir='ltr' id='par_1_14' title="bbox 2159 2392 3286 2469">
     <span class='ocr_line' id='line_1_28' title="bbox 2159 2392 3286 2469; baseline 0.002 -21"><span class='ocrx_word' id='word_1_177' title='bbox 2159 2398 2328 2467; x_wconf 80' lang='grc' dir='ltr'><strong><em>φιλος</em></strong></span> <span class='ocrx_word' id='word_1_178' title='bbox 2363 2392 2544 2469; x_wconf 76' lang='grc' dir='ltr'><strong><em>ἕτερος</em></strong></span> <span class='ocrx_word' id='word_1_179' title='bbox 2579 2393 2690 2467; x_wconf 73' lang='grc' dir='ltr'><strong>ἐγω</strong></span> <span class='ocrx_word' id='word_1_180' title='bbox 2724 2398 2789 2449; x_wconf 78' lang='grc' dir='ltr'><strong>Ν.</strong></span> <span class='ocrx_word' id='word_1_181' title='bbox 2828 2398 2890 2448; x_wconf 76' lang='lat' dir='ltr'><strong>R.</strong></span> <span class='ocrx_word' id='word_1_182' title='bbox 2928 2396 3120 2452; x_wconf 83' lang='lat' dir='ltr'><strong>Ursus</strong></span> <span class='ocrx_word' id='word_1_183' title='bbox 3155 2416 3286 2469; x_wconf 83' lang='lat' dir='ltr'><strong>mpp.</strong></span> 
     </span>
    </p>
   </div>
   <div class='ocr_carea' id='block_1_4' title="bbox 642 2505 3370 3726">
    <p class='ocr_par' dir='ltr' id='par_1_15' title="bbox 642 2505 3370 2862">
     <span class='ocr_line' id='line_1_29' title="bbox 784 2505 3362 2571; baseline -0.002 -10"><span class='ocrx_word' id='word_1_184' title='bbox 784 2510 952 2561; x_wconf 79' lang='lat' dir='ltr'><strong>Minus</strong></span> <span class='ocrx_word' id='word_1_185' title='bbox 987 2511 1063 2561; x_wconf 77' lang='lat' dir='ltr'><strong>his</strong></span> <span class='ocrx_word' id='word_1_186' title='bbox 1099 2510 1316 2561; x_wconf 79' lang='lat' dir='ltr'><strong>versibus</strong></span> <span class='ocrx_word' id='word_1_187' title='bbox 1354 2509 1719 2559; x_wconf 80' lang='lat' dir='ltr'><strong>consentientes</strong></span> <span class='ocrx_word' id='word_1_188' title='bbox 1757 2508 1900 2557; x_wconf 79' lang='lat' dir='ltr'><strong>addit</strong></span> <span class='ocrx_word' id='word_1_189' title='bbox 1922 2507 2076 2558; x_wconf 87' lang='lat' dir='ltr'><strong>Ursus</strong></span> <span class='ocrx_word' id='word_1_190' title='bbox 2111 2507 2273 2557; x_wconf 83' lang='lat' dir='ltr'><strong>libello</strong></span> <span class='ocrx_word' id='word_1_191' title='bbox 2309 2522 2400 2556; x_wconf 85' lang='lat' dir='ltr'><strong>suo</strong></span> <span class='ocrx_word' id='word_1_192' title='bbox 2428 2505 2538 2565; x_wconf 84' lang='lat' dir='ltr'><strong>„De</strong></span> <span class='ocrx_word' id='word_1_193' title='bbox 2564 2506 2918 2557; x_wconf 78' lang='lat' dir='ltr'><strong>Astronomicis</strong></span> <span class='ocrx_word' id='word_1_194' title='bbox 2938 2507 3362 2571; x_wconf 47' lang='lat' dir='ltr'><strong>nypothesibmJ</strong></span> 
     </span>
     <span class='ocr_line' id='line_1_30' title="bbox 643 2576 3358 2644; baseline -0.001 -13"><span class='ocrx_word' id='word_1_195' title='bbox 643 2580 947 2643; x_wconf 81' lang='lat' dir='ltr'><strong>Tychonem,</strong></span> <span class='ocrx_word' id='word_1_196' title='bbox 987 2583 1075 2639; x_wconf 87' lang='lat' dir='ltr'><strong>ait,</strong></span> <span class='ocrx_word' id='word_1_197' title='bbox 1114 2598 1211 2631; x_wconf 90' lang='lat' dir='ltr'><strong>non</strong></span> <span class='ocrx_word' id='word_1_198' title='bbox 1250 2595 1443 2629; x_wconf 90' lang='lat' dir='ltr'><strong>omnem</strong></span> <span class='ocrx_word' id='word_1_199' title='bbox 1479 2580 1731 2644; x_wconf 87' lang='lat' dir='ltr'><strong>possidere</strong></span> <span class='ocrx_word' id='word_1_200' title='bbox 1768 2580 2065 2641; x_wconf 82' lang='lat' dir='ltr'><strong>sapientiam</strong></span> <span class='ocrx_word' id='word_1_201' title='bbox 2101 2581 2152 2627; x_wconf 91' lang='lat' dir='ltr'><strong>in</strong></span> <span class='ocrx_word' id='word_1_202' title='bbox 2191 2577 2430 2629; x_wconf 87' lang='lat' dir='ltr'><strong>cerebello</strong></span> <span class='ocrx_word' id='word_1_203' title='bbox 2466 2592 2554 2627; x_wconf 82' lang='lat' dir='ltr'><strong>suo</strong></span> <span class='ocrx_word' id='word_1_204' title='bbox 2591 2576 2812 2633; x_wconf 84' lang='lat' dir='ltr'><strong>Danico.</strong></span> <span class='ocrx_word' id='word_1_205' title='bbox 2859 2592 3020 2643; x_wconf 84' lang='lat' dir='ltr'><strong>neque</strong></span> <span class='ocrx_word' id='word_1_206' title='bbox 3055 2578 3194 2635; x_wconf 83' lang='lat' dir='ltr'><strong>illam</strong></span> <span class='ocrx_word' id='word_1_207' title='bbox 3227 2580 3358 2630; x_wconf 73' lang='lat' dir='ltr'><strong>iufu-</strong></span> 
     </span>
     <span class='ocr_line' id='line_1_31' title="bbox 647 2646 3360 2719; baseline -0.001 -16"><span class='ocrx_word' id='word_1_208' title='bbox 647 2666 759 2707; x_wconf 69' lang='grc' dir='ltr'><strong>σιω</strong></span> <span class='ocrx_word' id='word_1_209' title='bbox 793 2666 901 2719; x_wconf 80' lang='lat' dir='ltr'><strong>esse</strong></span> <span class='ocrx_word' id='word_1_210' title='bbox 938 2667 1026 2716; x_wconf 84' lang='lat' dir='ltr'><strong>per</strong></span> <span class='ocrx_word' id='word_1_211' title='bbox 1060 2653 1169 2703; x_wconf 83' lang='lat' dir='ltr'><strong>lata</strong></span> <span class='ocrx_word' id='word_1_212' title='bbox 1205 2652 1449 2701; x_wconf 79' lang='lat' dir='ltr'><strong>foramina</strong></span> <span class='ocrx_word' id='word_1_213' title='bbox 1490 2664 1641 2701; x_wconf 85' lang='lat' dir='ltr'><strong>nasus</strong></span> <span class='ocrx_word' id='word_1_214' title='bbox 1678 2650 1927 2713; x_wconf 76' lang='lat' dir='ltr'><strong>Tycbonis</strong></span> <span class='ocrx_word' id='word_1_215' title='bbox 1969 2651 2182 2713; x_wconf 84' lang='lat' dir='ltr'><strong>praecisi</strong></span> <span class='ocrx_word' id='word_1_216' title='bbox 2219 2646 2468 2711; x_wconf 87' lang='lat' dir='ltr'><strong>(constat,</strong></span> <span class='ocrx_word' id='word_1_217' title='bbox 2518 2648 2740 2711; x_wconf 85' lang='lat' dir='ltr'><strong>Tycboni</strong></span> <span class='ocrx_word' id='word_1_218' title='bbox 2775 2664 2924 2715; x_wconf 86' lang='lat' dir='ltr'><strong>quum</strong></span> <span class='ocrx_word' id='word_1_219' title='bbox 2961 2649 3160 2715; x_wconf 81' lang='lat' dir='ltr'><strong>Lipsiae</strong></span> <span class='ocrx_word' id='word_1_220' title='bbox 3206 2651 3360 2717; x_wconf 83' lang='lat' dir='ltr'><strong>‹lege-</strong></span> 
     </span>
     <span class='ocr_line' id='line_1_32' title="bbox 642 2716 3370 2787; baseline -0 -13"><span class='ocrx_word' id='word_1_221' title='bbox 642 2724 732 2785; x_wconf 84' lang='lat' dir='ltr'><strong>bat</strong></span> <span class='ocrx_word' id='word_1_222' title='bbox 786 2730 1027 2775; x_wconf 87' lang='lat' dir='ltr'><strong>nocturno</strong></span> <span class='ocrx_word' id='word_1_223' title='bbox 1076 2730 1295 2787; x_wconf 87' lang='lat' dir='ltr'><strong>tempore</strong></span> <span class='ocrx_word' id='word_1_224' title='bbox 1351 2724 1607 2773; x_wconf 88' lang='lat' dir='ltr'><strong>commisso</strong></span> <span class='ocrx_word' id='word_1_225' title='bbox 1659 2722 1929 2771; x_wconf 86' lang='lat' dir='ltr'><strong>certamine</strong></span> <span class='ocrx_word' id='word_1_226' title='bbox 1965 2720 2206 2787; x_wconf 73' lang='lat' dir='ltr'><strong>singulari</strong></span> <span class='ocrx_word' id='word_1_227' title='bbox 2239 2734 2417 2771; x_wconf 84' lang='lat' dir='ltr'><strong>nasum</strong></span> <span class='ocrx_word' id='word_1_228' title='bbox 2471 2720 2622 2769; x_wconf 72' lang='lat' dir='ltr'><strong>fuisse</strong></span> <span class='ocrx_word' id='word_1_229' title='bbox 2666 2716 3000 2784; x_wconf 75' lang='lat' dir='ltr'><strong>praecisum);</strong></span> <span class='ocrx_word' id='word_1_230' title='bbox 3053 2719 3370 2786; x_wconf 67' lang='lat' dir='ltr'><strong>problemata.</strong></span> 
     </span>
     <span class='ocr_line' id='line_1_33' title="bbox 643 2795 1659 2862; baseline -0.006 -14"><span class='ocrx_word' id='word_1_231' title='bbox 643 2811 760 2862; x_wconf 74' lang='lat' dir='ltr'><strong>ergo</strong></span> <span class='ocrx_word' id='word_1_232' title='bbox 796 2795 924 2848; x_wconf 85' lang='lat' dir='ltr'><strong>haec</strong></span> <span class='ocrx_word' id='word_1_233' title='bbox 960 2797 1097 2846; x_wconf 87' lang='lat' dir='ltr'><strong>illum</strong></span> <span class='ocrx_word' id='word_1_234' title='bbox 1132 2796 1319 2845; x_wconf 81' lang='lat' dir='ltr'><strong>solvere</strong></span> <span class='ocrx_word' id='word_1_235' title='bbox 1356 2810 1454 2844; x_wconf 90' lang='lat' dir='ltr'><strong>non</strong></span> <span class='ocrx_word' id='word_1_236' title='bbox 1490 2808 1659 2858; x_wconf 86' lang='lat' dir='ltr'><strong>posse:</strong></span> 
     </span>
    </p>

    <p class='ocr_par' dir='ltr' id='par_1_16' title="bbox 1212 2878 2618 3016">
     <span class='ocr_line' id='line_1_34' title="bbox 1212 2878 2597 2945; baseline -0.001 -13"><span class='ocrx_word' id='word_1_237' title='bbox 1212 2881 1267 2944; x_wconf 87' lang='lat'><strong>1)</strong></span> <span class='ocrx_word' id='word_1_238' title='bbox 1304 2882 1445 2933; x_wconf 85' lang='lat' dir='ltr'><strong>Zoile</strong></span> <span class='ocrx_word' id='word_1_239' title='bbox 1482 2884 1525 2931; x_wconf 85' lang='lat' dir='ltr'><strong>si</strong></span> <span class='ocrx_word' id='word_1_240' title='bbox 1558 2882 1757 2945; x_wconf 82' lang='lat' dir='ltr'><strong>poteris,</strong></span> <span class='ocrx_word' id='word_1_241' title='bbox 1795 2886 1854 2930; x_wconf 87' lang='lat' dir='ltr'><strong>tu</strong></span> <span class='ocrx_word' id='word_1_242' title='bbox 1889 2893 2113 2944; x_wconf 83' lang='lat' dir='ltr'><strong>quaeque</strong></span> <span class='ocrx_word' id='word_1_243' title='bbox 2148 2879 2404 2944; x_wconf 82' lang='lat' dir='ltr'><strong>triangula</strong></span> <span class='ocrx_word' id='word_1_244' title='bbox 2437 2878 2597 2930; x_wconf 74' lang='lat' dir='ltr'><strong>solvas</strong></span> 
     </span>
     <span class='ocr_line' id='line_1_35' title="bbox 1384 2951 2618 3016; baseline -0.002 -14"><span class='ocrx_word' id='word_1_245' title='bbox 1384 2954 1578 3016; x_wconf 81' lang='lat' dir='ltr'><strong>Perque</strong></span> <span class='ocrx_word' id='word_1_246' title='bbox 1615 2953 1750 3002; x_wconf 88' lang='lat' dir='ltr'><strong>sinus</strong></span> <span class='ocrx_word' id='word_1_247' title='bbox 1788 2951 1917 3000; x_wconf 86' lang='lat' dir='ltr'><strong>solos</strong></span> <span class='ocrx_word' id='word_1_248' title='bbox 1954 2951 2140 3013; x_wconf 79' lang='lat' dir='ltr'><strong>absque</strong></span> <span class='ocrx_word' id='word_1_249' title='bbox 2177 2956 2412 3012; x_wconf 77' lang='lat' dir='ltr'><strong>operante</strong></span> <span class='ocrx_word' id='word_1_250' title='bbox 2447 2963 2618 3000; x_wconf 84' lang='lat' dir='ltr'><strong>manu.</strong></span> 
     </span>
    </p>

    <p class='ocr_par' dir='ltr' id='par_1_17' title="bbox 1304 3021 2432 3085">
     <span class='ocr_line' id='line_1_36' title="bbox 1304 3021 2432 3085; baseline -0.004 -11"><span class='ocrx_word' id='word_1_251' title='bbox 1304 3023 1377 3074; x_wconf 87' lang='lat' dir='ltr'><strong>Ut</strong></span> <span class='ocrx_word' id='word_1_252' title='bbox 1413 3025 1582 3074; x_wconf 75' lang='lat' dir='ltr'><strong>divisio</strong></span> <span class='ocrx_word' id='word_1_253' title='bbox 1618 3037 1715 3072; x_wconf 87' lang='lat' dir='ltr'><strong>nec</strong></span> <span class='ocrx_word' id='word_1_254' title='bbox 1750 3037 1910 3085; x_wconf 84' lang='lat' dir='ltr'><strong>neque</strong></span> <span class='ocrx_word' id='word_1_255' title='bbox 1945 3021 2292 3083; x_wconf 75' lang='lat' dir='ltr'><strong>multiplicatio</strong></span> <span class='ocrx_word' id='word_1_256' title='bbox 2326 3021 2432 3076; x_wconf 83' lang='lat' dir='ltr'><strong>flat,</strong></span> 
     </span>
    </p>

    <p class='ocr_par' dir='ltr' id='par_1_18' title="bbox 1388 3092 2542 3158">
     <span class='ocr_line' id='line_1_37' title="bbox 1388 3092 2542 3158; baseline -0.002 -14"><span class='ocrx_word' id='word_1_257' title='bbox 1388 3095 1465 3144; x_wconf 90' lang='lat' dir='ltr'><strong>Sit</strong></span> <span class='ocrx_word' id='word_1_258' title='bbox 1498 3109 1790 3158; x_wconf 87' lang='lat' dir='ltr'><strong>quocunque</strong></span> <span class='ocrx_word' id='word_1_259' title='bbox 1827 3093 1934 3143; x_wconf 90' lang='lat' dir='ltr'><strong>loco</strong></span> <span class='ocrx_word' id='word_1_260' title='bbox 1971 3094 2214 3141; x_wconf 75' lang='lat' dir='ltr'><strong>maximus</strong></span> <span class='ocrx_word' id='word_1_261' title='bbox 2249 3094 2354 3155; x_wconf 82' lang='lat' dir='ltr'><strong>ipse</strong></span> <span class='ocrx_word' id='word_1_262' title='bbox 2390 3092 2542 3143; x_wconf 83' lang='lat' dir='ltr'><strong>sinus.</strong></span> 
     </span>
    </p>

    <p class='ocr_par' dir='ltr' id='par_1_19' title="bbox 1214 3163 2450 3299">
     <span class='ocr_line' id='line_1_38' title="bbox 1214 3163 2416 3228; baseline 0 -16"><span class='ocrx_word' id='word_1_263' title='bbox 1214 3163 1270 3227; x_wconf 84' lang='lat'><strong>2)</strong></span> <span class='ocrx_word' id='word_1_264' title='bbox 1308 3165 1447 3216; x_wconf 85' lang='lat' dir='ltr'><strong>Zoile</strong></span> <span class='ocrx_word' id='word_1_265' title='bbox 1482 3167 1525 3215; x_wconf 88' lang='lat' dir='ltr'><strong>si</strong></span> <span class='ocrx_word' id='word_1_266' title='bbox 1560 3166 1744 3228; x_wconf 84' lang='lat' dir='ltr'><strong>poteris</strong></span> <span class='ocrx_word' id='word_1_267' title='bbox 1778 3165 1911 3213; x_wconf 85' lang='lat' dir='ltr'><strong>notis</strong></span> <span class='ocrx_word' id='word_1_268' title='bbox 1945 3165 2190 3212; x_wconf 81' lang='lat' dir='ltr'><strong>sinibusve</strong></span> <span class='ocrx_word' id='word_1_269' title='bbox 2227 3163 2416 3214; x_wconf 85' lang='lat' dir='ltr'><strong>duobus</strong></span> 
     </span>
     <span class='ocr_line' id='line_1_39' title="bbox 1388 3234 2450 3299; baseline -0.001 -13"><span class='ocrx_word' id='word_1_270' title='bbox 1388 3237 1483 3286; x_wconf 87' lang='lat' dir='ltr'><strong>Per</strong></span> <span class='ocrx_word' id='word_1_271' title='bbox 1518 3236 1723 3286; x_wconf 78' lang='lat' dir='ltr'><strong>divisum</strong></span> <span class='ocrx_word' id='word_1_272' title='bbox 1760 3249 1930 3284; x_wconf 85' lang='lat' dir='ltr'><strong>omnes</strong></span> <span class='ocrx_word' id='word_1_273' title='bbox 1963 3235 2186 3284; x_wconf 74' lang='lat' dir='ltr'><strong>invenias</strong></span> <span class='ocrx_word' id='word_1_274' title='bbox 2221 3234 2450 3299; x_wconf 83' lang='lat' dir='ltr'><strong>reliquos.</strong></span> 
     </span>
    </p>

    <p class='ocr_par' dir='ltr' id='par_1_20' title="bbox 1212 3303 2658 3440">
     <span class='ocr_line' id='line_1_40' title="bbox 1212 3303 2658 3371; baseline 0.003 -16"><span class='ocrx_word' id='word_1_275' title='bbox 1212 3303 1269 3368; x_wconf 81' lang='lat'><strong>3)</strong></span> <span class='ocrx_word' id='word_1_276' title='bbox 1304 3306 1438 3357; x_wconf 87' lang='lat' dir='ltr'><strong>Noto</strong></span> <span class='ocrx_word' id='word_1_277' title='bbox 1474 3321 1632 3356; x_wconf 80' lang='lat' dir='ltr'><strong>unove</strong></span> <span class='ocrx_word' id='word_1_278' title='bbox 1668 3309 1781 3356; x_wconf 84' lang='lat' dir='ltr'><strong>sinn</strong></span> <span class='ocrx_word' id='word_1_279' title='bbox 1814 3321 1903 3371; x_wconf 84' lang='lat' dir='ltr'><strong>per</strong></span> <span class='ocrx_word' id='word_1_280' title='bbox 1938 3306 2137 3370; x_wconf 84' lang='lat' dir='ltr'><strong>singula</strong></span> <span class='ocrx_word' id='word_1_281' title='bbox 2171 3307 2404 3370; x_wconf 83' lang='lat' dir='ltr'><strong>scrupula</strong></span> <span class='ocrx_word' id='word_1_282' title='bbox 2437 3311 2658 3360; x_wconf 74' lang='lat' dir='ltr'><strong>cunctos.</strong></span> 
     </span>
     <span class='ocr_line' id='line_1_41' title="bbox 1385 3378 2442 3440; baseline 0.001 -13"><span class='ocrx_word' id='word_1_283' title='bbox 1385 3378 1611 3428; x_wconf 83' lang='lat' dir='ltr'><strong>Proxime</strong></span> <span class='ocrx_word' id='word_1_284' title='bbox 1648 3383 1702 3427; x_wconf 87' lang='lat' dir='ltr'><strong>et</strong></span> <span class='ocrx_word' id='word_1_285' title='bbox 1734 3379 1956 3427; x_wconf 74' lang='lat' dir='ltr'><strong>iuvenies</strong></span> <span class='ocrx_word' id='word_1_286' title='bbox 1991 3385 2098 3427; x_wconf 86' lang='lat' dir='ltr'><strong>arte</strong></span> <span class='ocrx_word' id='word_1_287' title='bbox 2135 3379 2268 3440; x_wconf 84' lang='lat' dir='ltr'><strong>sinus</strong></span> <span class='ocrx_word' id='word_1_288' title='bbox 2305 3379 2442 3428; x_wconf 84' lang='lat' dir='ltr'><strong>alies.</strong></span> 
     </span>
    </p>

    <p class='ocr_par' dir='ltr' id='par_1_21' title="bbox 1213 3446 2591 3584">
     <span class='ocr_line' id='line_1_42' title="bbox 1213 3446 2591 3513; baseline 0 -15"><span class='ocrx_word' id='word_1_289' title='bbox 1213 3446 1271 3510; x_wconf 78' lang='lat'><strong>4)</strong></span> <span class='ocrx_word' id='word_1_290' title='bbox 1312 3449 1450 3500; x_wconf 89' lang='lat' dir='ltr'><strong>Zoile</strong></span> <span class='ocrx_word' id='word_1_291' title='bbox 1487 3450 1529 3498; x_wconf 77' lang='lat' dir='ltr'><strong>si</strong></span> <span class='ocrx_word' id='word_1_292' title='bbox 1564 3450 1748 3512; x_wconf 85' lang='lat' dir='ltr'><strong>poteris</strong></span> <span class='ocrx_word' id='word_1_293' title='bbox 1784 3454 2028 3513; x_wconf 87' lang='lat' dir='ltr'><strong>quantum</strong></span> <span class='ocrx_word' id='word_1_294' title='bbox 2061 3449 2394 3513; x_wconf 82' lang='lat' dir='ltr'><strong>perpendiculi</strong></span> <span class='ocrx_word' id='word_1_295' title='bbox 2433 3450 2591 3498; x_wconf 80' lang='lat' dir='ltr'><strong>omnis</strong></span> 
     </span>
     <span class='ocr_line' id='line_1_43' title="bbox 1389 3521 2586 3584; baseline -0.002 -14"><span class='ocrx_word' id='word_1_296' title='bbox 1389 3521 1631 3584; x_wconf 81' lang='lat' dir='ltr'><strong>Triquetri</strong></span> <span class='ocrx_word' id='word_1_297' title='bbox 1666 3521 1892 3570; x_wconf 80' lang='lat' dir='ltr'><strong>invenias</strong></span> <span class='ocrx_word' id='word_1_298' title='bbox 1927 3535 2016 3584; x_wconf 86' lang='lat' dir='ltr'><strong>per</strong></span> <span class='ocrx_word' id='word_1_299' title='bbox 2051 3535 2390 3584; x_wconf 82' lang='lat' dir='ltr'><strong>canonemque</strong></span> <span class='ocrx_word' id='word_1_300' title='bbox 2423 3522 2586 3570; x_wconf 83' lang='lat' dir='ltr'><strong>trium.</strong></span> 
     </span>
    </p>

    <p class='ocr_par' dir='ltr' id='par_1_22' title="bbox 1165 3587 2774 3655">
     <span class='ocr_line' id='line_1_44' title="bbox 1165 3587 2774 3655; baseline 0.001 -17"><span class='ocrx_word' id='word_1_301' title='bbox 1165 3592 1181 3602; x_wconf 84' lang='lat'><em>&#39;</em></span> <span class='ocrx_word' id='word_1_302' title='bbox 1216 3587 1273 3652; x_wconf 86' lang='lat'><strong>5)</strong></span> <span class='ocrx_word' id='word_1_303' title='bbox 1312 3592 1408 3641; x_wconf 86' lang='lat' dir='ltr'><strong>Dic</strong></span> <span class='ocrx_word' id='word_1_304' title='bbox 1442 3592 1527 3640; x_wconf 89' lang='lat' dir='ltr'><strong>ubi</strong></span> <span class='ocrx_word' id='word_1_305' title='bbox 1562 3593 1613 3641; x_wconf 94' lang='lat' dir='ltr'><strong>in</strong></span> <span class='ocrx_word' id='word_1_306' title='bbox 1654 3593 1769 3642; x_wconf 90' lang='lat' dir='ltr'><strong>orbe</strong></span> <span class='ocrx_word' id='word_1_307' title='bbox 1790 3593 1943 3640; x_wconf 65' lang='lat' dir='ltr'><strong>‘locus</strong></span> <span class='ocrx_word' id='word_1_308' title='bbox 1977 3592 2188 3655; x_wconf 81' lang='lat' dir='ltr'><strong>repedat</strong></span> <span class='ocrx_word' id='word_1_309' title='bbox 2221 3606 2317 3654; x_wconf 87' lang='lat' dir='ltr'><strong>quo</strong></span> <span class='ocrx_word' id='word_1_310' title='bbox 2353 3592 2566 3654; x_wconf 80' lang='lat' dir='ltr'><strong>corporis</strong></span> <span class='ocrx_word' id='word_1_311' title='bbox 2599 3590 2774 3642; x_wconf 86' lang='lat' dir='ltr'><strong>umbra</strong></span> 
     </span>
    </p>

    <p class='ocr_par' dir='ltr' id='par_1_23' title="bbox 1397 3659 2460 3726">
     <span class='ocr_line' id='line_1_45' title="bbox 1397 3659 2460 3726; baseline -0.002 -14"><span class='ocrx_word' id='word_1_312' title='bbox 1397 3661 1513 3722; x_wconf 81' lang='lat' dir='ltr'><strong>Qua</strong></span> <span class='ocrx_word' id='word_1_313' title='bbox 1547 3663 1624 3712; x_wconf 83' lang='lat' dir='ltr'><strong>vel</strong></span> <span class='ocrx_word' id='word_1_314' title='bbox 1661 3664 1714 3712; x_wconf 90' lang='lat' dir='ltr'><strong>in</strong></span> <span class='ocrx_word' id='word_1_315' title='bbox 1750 3663 1919 3726; x_wconf 81' lang='lat' dir='ltr'><strong>quovis</strong></span> <span class='ocrx_word' id='word_1_316' title='bbox 1955 3661 2046 3712; x_wconf 83' lang='lat' dir='ltr'><strong>fiat</strong></span> <span class='ocrx_word' id='word_1_317' title='bbox 2080 3662 2133 3711; x_wconf 87' lang='lat' dir='ltr'><strong>id</strong></span> <span class='ocrx_word' id='word_1_318' title='bbox 2169 3667 2278 3712; x_wconf 84' lang='lat' dir='ltr'><strong>arte</strong></span> <span class='ocrx_word' id='word_1_319' title='bbox 2312 3659 2460 3711; x_wconf 75' lang='lat' dir='ltr'><strong>loco?</strong></span> 
     </span>
    </p>
   </div>
   <div class='ocr_carea' id='block_1_5' title="bbox 656 3761 3364 3904">
    <p class='ocr_par' dir='ltr' id='par_1_24' title="bbox 656 3761 3364 3904">
     <span class='ocr_line' id='line_1_46' title="bbox 795 3761 3364 3831; baseline -0.001 -15"><span class='ocrx_word' id='word_1_320' title='bbox 795 3765 1103 3829; x_wconf 84' lang='lat' dir='ltr'><strong>(Secundum</strong></span> <span class='ocrx_word' id='word_1_321' title='bbox 1141 3764 1577 3824; x_wconf 86' lang='lat' dir='ltr'><strong>Delambrum,</strong></span> <span class='ocrx_word' id='word_1_322' title='bbox 1615 3768 1696 3831; x_wconf 89' lang='lat' dir='ltr'><strong>qui</strong></span> <span class='ocrx_word' id='word_1_323' title='bbox 1732 3767 1783 3816; x_wconf 87' lang='lat' dir='ltr'><strong>in</strong></span> <span class='ocrx_word' id='word_1_324' title='bbox 1822 3766 1952 3816; x_wconf 87' lang='lat' dir='ltr'><strong>Hist.</strong></span> <span class='ocrx_word' id='word_1_325' title='bbox 1993 3767 2125 3816; x_wconf 81' lang='lat' dir='ltr'><strong>Astr.</strong></span> <span class='ocrx_word' id='word_1_326' title='bbox 2165 3765 2402 3817; x_wconf 84' lang='lat' dir='ltr'><strong>Moderne</strong></span> <span class='ocrx_word' id='word_1_327' title='bbox 2439 3765 2553 3816; x_wconf 83' lang='lat' dir='ltr'><strong>Vol.</strong></span> <span class='ocrx_word' id='word_1_328' title='bbox 2591 3765 2628 3815; x_wconf 92' lang='lat'><strong>1.</strong></span> <span class='ocrx_word' id='word_1_329' title='bbox 2670 3781 2716 3830; x_wconf 87' lang='lat' dir='ltr'><strong>p.</strong></span> <span class='ocrx_word' id='word_1_330' title='bbox 2757 3761 2860 3813; x_wconf 79' lang='lat'><strong>287</strong></span> <span class='ocrx_word' id='word_1_331' title='bbox 2898 3779 2998 3830; x_wconf 79' lang='lat' dir='ltr'><strong>sqq.</strong></span> <span class='ocrx_word' id='word_1_332' title='bbox 3039 3763 3252 3828; x_wconf 84' lang='lat' dir='ltr'><strong>pluribus</strong></span> <span class='ocrx_word' id='word_1_333' title='bbox 3299 3763 3364 3813; x_wconf 84' lang='lat' dir='ltr'><strong>de</strong></span> 
     </span>
     <span class='ocr_line' id='line_1_47' title="bbox 656 3835 2935 3904; baseline -0 -17"><span class='ocrx_word' id='word_1_334' title='bbox 656 3837 783 3888; x_wconf 84' lang='lat' dir='ltr'><strong>Urso</strong></span> <span class='ocrx_word' id='word_1_335' title='bbox 830 3838 937 3904; x_wconf 83' lang='lat' dir='ltr'><strong>agit</strong></span> <span class='ocrx_word' id='word_1_336' title='bbox 973 3839 1175 3900; x_wconf 83' lang='lat' dir='ltr'><strong>ejusque</strong></span> <span class='ocrx_word' id='word_1_337' title='bbox 1211 3835 1387 3885; x_wconf 84' lang='lat' dir='ltr'><strong>libellis</strong></span> <span class='ocrx_word' id='word_1_338' title='bbox 1428 3837 1933 3896; x_wconf 83' lang='lat' dir='ltr'><strong>„Fundamento“</strong></span> <span class='ocrx_word' id='word_1_339' title='bbox 1975 3845 2026 3887; x_wconf 89' lang='lat' dir='ltr'><strong>et</strong></span> <span class='ocrx_word' id='word_1_340' title='bbox 2067 3839 2465 3902; x_wconf 81' lang='lat' dir='ltr'><strong>„Hypothesibus</strong></span> <span class='ocrx_word' id='word_1_341' title='bbox 2502 3835 2935 3895; x_wconf 82' lang='lat' dir='ltr'><strong>Astrouomicis.“)</strong></span> 
     </span>
    </p>
   </div>
   <div class='ocr_carea' id='block_1_6' title="bbox 647 3973 3366 4966">
    <p class='ocr_par' dir='ltr' id='par_1_25' title="bbox 647 3973 3366 4966">
     <span class='ocr_line' id='line_1_48' title="bbox 795 3973 3362 4042; baseline 0.002 -16"><span class='ocrx_word' id='word_1_342' title='bbox 795 3975 851 4039; x_wconf 78' lang='lat'><strong>4)</strong></span> <span class='ocrx_word' id='word_1_343' title='bbox 888 3995 937 4042; x_wconf 94' lang='lat' dir='ltr'><strong>p.</strong></span> <span class='ocrx_word' id='word_1_344' title='bbox 968 3973 1086 4026; x_wconf 78' lang='lat'><strong>232.</strong></span> <span class='ocrx_word' id='word_1_345' title='bbox 1161 3977 1304 4038; x_wconf 85' lang='lat' dir='ltr'><strong>Quae</strong></span> <span class='ocrx_word' id='word_1_346' title='bbox 1328 3977 1403 4026; x_wconf 86' lang='lat' dir='ltr'><strong>his</strong></span> <span class='ocrx_word' id='word_1_347' title='bbox 1430 3979 1724 4041; x_wconf 79' lang='lat' dir='ltr'><strong>spectaverit</strong></span> <span class='ocrx_word' id='word_1_348' title='bbox 1748 3979 1906 4029; x_wconf 81' lang='lat' dir='ltr'><strong>verbis</strong></span> <span class='ocrx_word' id='word_1_349' title='bbox 1931 3978 2131 4042; x_wconf 84' lang='lat' dir='ltr'><strong>Tycho,</strong></span> <span class='ocrx_word' id='word_1_350' title='bbox 2171 3979 2430 4042; x_wconf 83' lang='lat' dir='ltr'><strong>sequentia</strong></span> <span class='ocrx_word' id='word_1_351' title='bbox 2453 3979 2791 4030; x_wconf 83' lang='lat' dir='ltr'><strong>illustrabunt:</strong></span> <span class='ocrx_word' id='word_1_352' title='bbox 2839 3977 3061 4029; x_wconf 85' lang='lat' dir='ltr'><strong>Rothm</strong></span> <span class='ocrx_word' id='word_1_353' title='bbox 3074 3993 3271 4028; x_wconf 83' lang='lat' dir='ltr'><strong>annus</strong></span> <span class='ocrx_word' id='word_1_354' title='bbox 3309 3981 3362 4030; x_wconf 87' lang='lat' dir='ltr'><strong>in</strong></span> 
     </span>
     <span class='ocr_line' id='line_1_49' title="bbox 647 4046 3360 4114; baseline 0 -14"><span class='ocrx_word' id='word_1_355' title='bbox 647 4051 799 4100; x_wconf 85' lang='lat' dir='ltr'><strong>literis</strong></span> <span class='ocrx_word' id='word_1_356' title='bbox 839 4050 885 4099; x_wconf 85' lang='lat' dir='ltr'><strong>d.</strong></span> <span class='ocrx_word' id='word_1_357' title='bbox 912 4049 1185 4114; x_wconf 85' lang='lat' dir='ltr'><strong>Bemburgi</strong></span> <span class='ocrx_word' id='word_1_358' title='bbox 1214 4050 1261 4098; x_wconf 91' lang='lat' dir='ltr'><strong>d.</strong></span> <span class='ocrx_word' id='word_1_359' title='bbox 1286 4047 1369 4098; x_wconf 78' lang='lat'><strong>26.</strong></span> <span class='ocrx_word' id='word_1_360' title='bbox 1401 4047 1537 4112; x_wconf 85' lang='lat' dir='ltr'><strong>Sept.</strong></span> <span class='ocrx_word' id='word_1_361' title='bbox 1562 4046 1646 4097; x_wconf 77' lang='lat'><strong>94.</strong></span> <span class='ocrx_word' id='word_1_362' title='bbox 1686 4051 1904 4112; x_wconf 87' lang='lat' dir='ltr'><strong>quaerit:</strong></span> <span class='ocrx_word' id='word_1_363' title='bbox 1950 4051 2098 4114; x_wconf 85' lang='lat' dir='ltr'><strong>„quid</strong></span> <span class='ocrx_word' id='word_1_364' title='bbox 2125 4065 2308 4101; x_wconf 86' lang='lat' dir='ltr'><strong>causae</strong></span> <span class='ocrx_word' id='word_1_365' title='bbox 2335 4057 2428 4104; x_wconf 85' lang='lat' dir='ltr'><strong>est,</strong></span> <span class='ocrx_word' id='word_1_366' title='bbox 2454 4051 2584 4113; x_wconf 83' lang='lat' dir='ltr'><strong>quod</strong></span> <span class='ocrx_word' id='word_1_367' title='bbox 2608 4065 2728 4112; x_wconf 87' lang='lat' dir='ltr'><strong>opus</strong></span> <span class='ocrx_word' id='word_1_368' title='bbox 2753 4049 2872 4100; x_wconf 83' lang='lat' dir='ltr'><strong>illud</strong></span> <span class='ocrx_word' id='word_1_369' title='bbox 2897 4055 3035 4099; x_wconf 82' lang='lat' dir='ltr'><strong>tuum</strong></span> <span class='ocrx_word' id='word_1_370' title='bbox 3069 4050 3131 4099; x_wconf 73' lang='lat' dir='ltr'><strong>&lt;le</strong></span> <span class='ocrx_word' id='word_1_371' title='bbox 3159 4049 3360 4101; x_wconf 87' lang='lat' dir='ltr'><strong>Come·</strong></span> 
     </span>
     <span class='ocr_line' id='line_1_50' title="bbox 648 4121 3360 4184; baseline -0.001 -12"><span class='ocrx_word' id='word_1_372' title='bbox 648 4123 727 4172; x_wconf 88' lang='lat' dir='ltr'><strong>tis</strong></span> <span class='ocrx_word' id='word_1_373' title='bbox 755 4123 1043 4184; x_wconf 80' lang='lat' dir='ltr'><strong>supprimas,</strong></span> <span class='ocrx_word' id='word_1_374' title='bbox 1072 4122 1358 4183; x_wconf 87' lang='lat' dir='ltr'><strong>praesertim</strong></span> <span class='ocrx_word' id='word_1_375' title='bbox 1386 4135 1497 4169; x_wconf 91' lang='lat' dir='ltr'><strong>cum</strong></span> <span class='ocrx_word' id='word_1_376' title='bbox 1522 4135 1619 4168; x_wconf 89' lang='lat' dir='ltr'><strong>non</strong></span> <span class='ocrx_word' id='word_1_377' title='bbox 1644 4126 1841 4171; x_wconf 85' lang='lat' dir='ltr'><strong>tantum</strong></span> <span class='ocrx_word' id='word_1_378' title='bbox 1865 4122 1986 4171; x_wconf 88' lang='lat' dir='ltr'><strong>illud</strong></span> <span class='ocrx_word' id='word_1_379' title='bbox 2005 4125 2110 4184; x_wconf 89' lang='lat' dir='ltr'><strong>jam</strong></span> <span class='ocrx_word' id='word_1_380' title='bbox 2137 4121 2320 4170; x_wconf 86' lang='lat' dir='ltr'><strong>dudum</strong></span> <span class='ocrx_word' id='word_1_381' title='bbox 2343 4121 2491 4170; x_wconf 83' lang='lat' dir='ltr'><strong>fuerit</strong></span> <span class='ocrx_word' id='word_1_382' title='bbox 2525 4121 2819 4180; x_wconf 84' lang='lat' dir='ltr'><strong>absolutum,</strong></span> <span class='ocrx_word' id='word_1_383' title='bbox 2846 4135 3014 4172; x_wconf 79' lang='lat' dir='ltr'><strong>verum</strong></span> <span class='ocrx_word' id='word_1_384' title='bbox 3034 4123 3185 4170; x_wconf 83' lang='lat' dir='ltr'><strong>etiam</strong></span> <span class='ocrx_word' id='word_1_385' title='bbox 3210 4123 3360 4171; x_wconf 78' lang='lat' dir='ltr'><strong>toties</strong></span> 
     </span>
     <span class='ocr_line' id='line_1_51' title="bbox 652 4191 3362 4256; baseline -0 -14"><span class='ocrx_word' id='word_1_386' title='bbox 652 4201 705 4242; x_wconf 86' lang='lat' dir='ltr'><strong>et</strong></span> <span class='ocrx_word' id='word_1_387' title='bbox 739 4199 882 4240; x_wconf 86' lang='lat' dir='ltr'><strong>tanto</strong></span> <span class='ocrx_word' id='word_1_388' title='bbox 920 4197 1139 4254; x_wconf 84' lang='lat' dir='ltr'><strong>tempore</strong></span> <span class='ocrx_word' id='word_1_389' title='bbox 1192 4199 1297 4241; x_wconf 86' lang='lat' dir='ltr'><strong>tam</strong></span> <span class='ocrx_word' id='word_1_390' title='bbox 1337 4197 1470 4241; x_wconf 86' lang='lat' dir='ltr'><strong>certo</strong></span> <span class='ocrx_word' id='word_1_391' title='bbox 1507 4193 1801 4254; x_wconf 76' lang='lat' dir='ltr'><strong>promiseris,</strong></span> <span class='ocrx_word' id='word_1_392' title='bbox 1850 4200 1902 4242; x_wconf 86' lang='lat' dir='ltr'><strong>te</strong></span> <span class='ocrx_word' id='word_1_393' title='bbox 1939 4192 2220 4256; x_wconf 88' lang='lat' dir='ltr'><strong>propediem</strong></span> <span class='ocrx_word' id='word_1_394' title='bbox 2256 4192 2374 4240; x_wconf 89' lang='lat' dir='ltr'><strong>illud</strong></span> <span class='ocrx_word' id='word_1_395' title='bbox 2413 4191 2765 4242; x_wconf 79' lang='lat' dir='ltr'><strong>emissurum?“</strong></span> <span class='ocrx_word' id='word_1_396' title='bbox 2842 4192 2919 4241; x_wconf 81' lang='lat' dir='ltr'><strong>Ad</strong></span> <span class='ocrx_word' id='word_1_397' title='bbox 2956 4191 3084 4241; x_wconf 85' lang='lat' dir='ltr'><strong>haec</strong></span> <span class='ocrx_word' id='word_1_398' title='bbox 3119 4191 3362 4255; x_wconf 84' lang='lat' dir='ltr'><strong>Tychc:</strong></span> 
     </span>
     <span class='ocr_line' id='line_1_52' title="bbox 650 4262 3362 4327; baseline 0 -15"><span class='ocrx_word' id='word_1_399' title='bbox 650 4299 662 4312; x_wconf 90' lang='lat'>.</span> <span class='ocrx_word' id='word_1_400' title='bbox 706 4299 717 4312; x_wconf 91' lang='lat'><strong>.</strong></span> <span class='ocrx_word' id='word_1_401' title='bbox 760 4299 773 4311; x_wconf 91' lang='lat'><strong>.</strong></span> <span class='ocrx_word' id='word_1_402' title='bbox 814 4262 958 4322; x_wconf 81' lang='lat' dir='ltr'><strong>Quod</strong></span> <span class='ocrx_word' id='word_1_403' title='bbox 996 4262 1133 4325; x_wconf 88' lang='lat' dir='ltr'><strong>Opus</strong></span> <span class='ocrx_word' id='word_1_404' title='bbox 1168 4268 1387 4311; x_wconf 84' lang='lat' dir='ltr'><strong>nostrum</strong></span> <span class='ocrx_word' id='word_1_405' title='bbox 1430 4263 1647 4310; x_wconf 85' lang='lat' dir='ltr'><strong>nondum</strong></span> <span class='ocrx_word' id='word_1_406' title='bbox 1684 4265 1867 4325; x_wconf 87' lang='lat' dir='ltr'><strong>publici</strong></span> <span class='ocrx_word' id='word_1_407' title='bbox 1905 4266 2028 4326; x_wconf 70' lang='lat' dir='ltr'><strong>‚iuris</strong></span> <span class='ocrx_word' id='word_1_408' title='bbox 2066 4263 2171 4311; x_wconf 89' lang='lat' dir='ltr'><strong>fieri</strong></span> <span class='ocrx_word' id='word_1_409' title='bbox 2207 4265 2534 4326; x_wconf 82' lang='lat' dir='ltr'><strong>permiserim,</strong></span> <span class='ocrx_word' id='word_1_410' title='bbox 2585 4262 2772 4312; x_wconf 86' lang='lat' dir='ltr'><strong>multae</strong></span> <span class='ocrx_word' id='word_1_411' title='bbox 2823 4269 2874 4312; x_wconf 90' lang='lat' dir='ltr'><strong>et</strong></span> <span class='ocrx_word' id='word_1_412' title='bbox 2909 4277 3084 4327; x_wconf 79' lang='lat' dir='ltr'><strong>graves</strong></span> <span class='ocrx_word' id='word_1_413' title='bbox 3120 4279 3200 4314; x_wconf 88' lang='lat' dir='ltr'><strong>me</strong></span> <span class='ocrx_word' id='word_1_414' title='bbox 3236 4263 3362 4313; x_wconf 80' lang='lat' dir='ltr'><strong>deti·</strong></span> 
     </span>
     <span class='ocr_line' id='line_1_53' title="bbox 648 4332 3358 4398; baseline 0 -14"><span class='ocrx_word' id='word_1_415' title='bbox 648 4339 865 4384; x_wconf 85' lang='lat' dir='ltr'><strong>nuerunt</strong></span> <span class='ocrx_word' id='word_1_416' title='bbox 899 4334 1133 4382; x_wconf 86' lang='lat' dir='ltr'><strong>rationes.</strong></span> <span class='ocrx_word' id='word_1_417' title='bbox 1206 4332 1559 4396; x_wconf 75' lang='lat' dir='ltr'><strong>Praeterquam</strong></span> <span class='ocrx_word' id='word_1_418' title='bbox 1597 4333 1727 4382; x_wconf 89' lang='lat' dir='ltr'><strong>euim</strong></span> <span class='ocrx_word' id='word_1_419' title='bbox 1762 4336 1813 4382; x_wconf 91' lang='lat' dir='ltr'><strong>in</strong></span> <span class='ocrx_word' id='word_1_420' title='bbox 1854 4370 1864 4382; x_wconf 91' lang='lat'>.</span> <span class='ocrx_word' id='word_1_421' title='bbox 1907 4370 1918 4381; x_wconf 90' lang='lat'>.</span> <span class='ocrx_word' id='word_1_422' title='bbox 1959 4367 1970 4380; x_wconf 90' lang='lat'><em>.</em></span> <span class='ocrx_word' id='word_1_423' title='bbox 2012 4333 2430 4384; x_wconf 72' lang='lat' dir='ltr'><strong>observationibus</strong></span> <span class='ocrx_word' id='word_1_424' title='bbox 2483 4333 2744 4398; x_wconf 89' lang='lat' dir='ltr'><strong>plurimum</strong></span> <span class='ocrx_word' id='word_1_425' title='bbox 2791 4333 3036 4383; x_wconf 78' lang='lat' dir='ltr'><strong>indefesso</strong></span> <span class='ocrx_word' id='word_1_426' title='bbox 3073 4334 3234 4383; x_wconf 78' lang='lat' dir='ltr'><strong>studio</strong></span> <span class='ocrx_word' id='word_1_427' title='bbox 3270 4334 3358 4384; x_wconf 85' lang='lat' dir='ltr'><strong>ali-</strong></span> 
     </span>
     <span class='ocr_line' id='line_1_54' title="bbox 651 4403 3362 4472; baseline 0.001 -19"><span class='ocrx_word' id='word_1_428' title='bbox 651 4411 771 4472; x_wconf 83' lang='lat' dir='ltr'><strong>quot</strong></span> <span class='ocrx_word' id='word_1_429' title='bbox 800 4407 905 4466; x_wconf 81' lang='lat' dir='ltr'><strong>jam</strong></span> <span class='ocrx_word' id='word_1_430' title='bbox 945 4404 1189 4453; x_wconf 85' lang='lat' dir='ltr'><strong>continuis</strong></span> <span class='ocrx_word' id='word_1_431' title='bbox 1227 4405 1369 4452; x_wconf 89' lang='lat' dir='ltr'><strong>annis</strong></span> <span class='ocrx_word' id='word_1_432' title='bbox 1406 4403 1641 4460; x_wconf 71' lang='lat' dir='ltr'><strong>sudat-im,</strong></span> <span class='ocrx_word' id='word_1_433' title='bbox 1679 4404 1838 4453; x_wconf 87' lang='lat' dir='ltr'><strong>multa</strong></span> <span class='ocrx_word' id='word_1_434' title='bbox 1873 4406 2025 4454; x_wconf 85' lang='lat' dir='ltr'><strong>etiam</strong></span> <span class='ocrx_word' id='word_1_435' title='bbox 2061 4411 2324 4466; x_wconf 80' lang='lat' dir='ltr'><strong>praeterea</strong></span> <span class='ocrx_word' id='word_1_436' title='bbox 2357 4405 2504 4470; x_wconf 84' lang='lat' dir='ltr'><strong>longo</strong></span> <span class='ocrx_word' id='word_1_437' title='bbox 2535 4408 2642 4468; x_wconf 87' lang='lat' dir='ltr'><strong>jam</strong></span> <span class='ocrx_word' id='word_1_438' title='bbox 2667 4410 2888 4468; x_wconf 87' lang='lat' dir='ltr'><strong>tempore</strong></span> <span class='ocrx_word' id='word_1_439' title='bbox 2904 4404 3200 4462; x_wconf 84' lang='lat' dir='ltr'><strong>inciderunt,</strong></span> <span class='ocrx_word' id='word_1_440' title='bbox 3235 4417 3362 4467; x_wconf 74' lang='lat' dir='ltr'><strong>quae</strong></span> 
     </span>
     <span class='ocr_line' id='line_1_55' title="bbox 648 4473 3366 4538; baseline -0.001 -13"><span class='ocrx_word' id='word_1_441' title='bbox 648 4492 729 4525; x_wconf 93' lang='lat' dir='ltr'><strong>me</strong></span> <span class='ocrx_word' id='word_1_442' title='bbox 767 4477 867 4523; x_wconf 86' lang='lat' dir='ltr'><strong>otio</strong></span> <span class='ocrx_word' id='word_1_443' title='bbox 902 4474 997 4522; x_wconf 78' lang='lat' dir='ltr'><strong>frui</strong></span> <span class='ocrx_word' id='word_1_444' title='bbox 1031 4473 1361 4538; x_wconf 84' lang='lat' dir='ltr'><strong>philosophico</strong></span> <span class='ocrx_word' id='word_1_445' title='bbox 1402 4478 1454 4523; x_wconf 88' lang='lat' dir='ltr'><strong>et</strong></span> <span class='ocrx_word' id='word_1_446' title='bbox 1486 4473 1705 4524; x_wconf 84' lang='lat' dir='ltr'><strong>Uraniae</strong></span> <span class='ocrx_word' id='word_1_447' title='bbox 1742 4477 1922 4530; x_wconf 84' lang='lat' dir='ltr'><strong>sacris,</strong></span> <span class='ocrx_word' id='word_1_448' title='bbox 1974 4479 2118 4538; x_wconf 86' lang='lat' dir='ltr'><strong>prout</strong></span> <span class='ocrx_word' id='word_1_449' title='bbox 2152 4477 2356 4532; x_wconf 85' lang='lat' dir='ltr'><strong>vellem.</strong></span> <span class='ocrx_word' id='word_1_450' title='bbox 2411 4475 2556 4525; x_wconf 83' lang='lat' dir='ltr'><strong>litare</strong></span> <span class='ocrx_word' id='word_1_451' title='bbox 2591 4489 2690 4523; x_wconf 90' lang='lat' dir='ltr'><strong>non</strong></span> <span class='ocrx_word' id='word_1_452' title='bbox 2727 4477 3067 4538; x_wconf 84' lang='lat' dir='ltr'><strong>permiserunt.</strong></span> <span class='ocrx_word' id='word_1_453' title='bbox 3141 4475 3366 4525; x_wconf 79' lang='lat' dir='ltr'><strong>Accessit</strong></span> 
     </span>
     <span class='ocr_line' id='line_1_56' title="bbox 652 4543 3362 4610; baseline -0 -15"><span class='ocrx_word' id='word_1_454' title='bbox 652 4553 705 4595; x_wconf 86' lang='lat' dir='ltr'><strong>et</strong></span> <span class='ocrx_word' id='word_1_455' title='bbox 737 4545 858 4601; x_wconf 85' lang='lat' dir='ltr'><strong>hoc,</strong></span> <span class='ocrx_word' id='word_1_456' title='bbox 914 4545 1042 4608; x_wconf 81' lang='lat' dir='ltr'><strong>quod</strong></span> <span class='ocrx_word' id='word_1_457' title='bbox 1079 4545 1233 4593; x_wconf 82' lang='lat' dir='ltr'><strong>nostri</strong></span> <span class='ocrx_word' id='word_1_458' title='bbox 1272 4545 1404 4594; x_wconf 85' lang='lat' dir='ltr'><strong>circa</strong></span> <span class='ocrx_word' id='word_1_459' title='bbox 1441 4550 1742 4594; x_wconf 82' lang='lat' dir='ltr'><strong>cometarum</strong></span> <span class='ocrx_word' id='word_1_460' title='bbox 1791 4547 2106 4609; x_wconf 85' lang='lat' dir='ltr'><strong>apparentias</strong></span> <span class='ocrx_word' id='word_1_461' title='bbox 2147 4553 2380 4596; x_wconf 86' lang='lat' dir='ltr'><strong>accurate</strong></span> <span class='ocrx_word' id='word_1_462' title='bbox 2421 4543 2757 4610; x_wconf 86' lang='lat' dir='ltr'><strong>disquirendas</strong></span> <span class='ocrx_word' id='word_1_463' title='bbox 2782 4544 2974 4595; x_wconf 80' lang='lat' dir='ltr'><strong>labores</strong></span> <span class='ocrx_word' id='word_1_464' title='bbox 2997 4545 3105 4608; x_wconf 89' lang='lat' dir='ltr'><strong>plus</strong></span> <span class='ocrx_word' id='word_1_465' title='bbox 3130 4545 3362 4608; x_wconf 84' lang='lat' dir='ltr'><strong>temporis</strong></span> 
     </span>
     <span class='ocr_line' id='line_1_57' title="bbox 651 4615 3364 4682; baseline -0 -17"><span class='ocrx_word' id='word_1_466' title='bbox 651 4615 988 4678; x_wconf 84' lang='lat' dir='ltr'><strong>requisierint,</strong></span> <span class='ocrx_word' id='word_1_467' title='bbox 1042 4630 1189 4679; x_wconf 83' lang='lat' dir='ltr'><strong>quam</strong></span> <span class='ocrx_word' id='word_1_468' title='bbox 1226 4615 1409 4679; x_wconf 83' lang='lat' dir='ltr'><strong>ingrati</strong></span> <span class='ocrx_word' id='word_1_469' title='bbox 1444 4615 1663 4664; x_wconf 85' lang='lat' dir='ltr'><strong>nonnulli</strong></span> <span class='ocrx_word' id='word_1_470' title='bbox 1698 4616 1949 4670; x_wconf 78' lang='lat' dir='ltr'><strong>homiues,</strong></span> <span class='ocrx_word' id='word_1_471' title='bbox 2007 4618 2228 4680; x_wconf 85' lang='lat' dir='ltr'><strong>adeoque</strong></span> <span class='ocrx_word' id='word_1_472' title='bbox 2265 4633 2326 4668; x_wconf 85' lang='lat' dir='ltr'><strong>ex</strong></span> <span class='ocrx_word' id='word_1_473' title='bbox 2359 4620 2504 4682; x_wconf 84' lang='lat' dir='ltr'><strong>ipsis,</strong></span> <span class='ocrx_word' id='word_1_474' title='bbox 2559 4619 2640 4681; x_wconf 89' lang='lat' dir='ltr'><strong>qui</strong></span> <span class='ocrx_word' id='word_1_475' title='bbox 2677 4617 3045 4679; x_wconf 85' lang='lat' dir='ltr'><strong>disciplinarum</strong></span> <span class='ocrx_word' id='word_1_476' title='bbox 3082 4623 3134 4666; x_wconf 85' lang='lat' dir='ltr'><strong>et</strong></span> <span class='ocrx_word' id='word_1_477' title='bbox 3167 4616 3364 4679; x_wconf 82' lang='lat' dir='ltr'><strong>quidem</strong></span> 
     </span>
     <span class='ocr_line' id='line_1_58' title="bbox 651 4685 3360 4752; baseline -0 -17"><span class='ocrx_word' id='word_1_478' title='bbox 651 4686 1115 4736; x_wconf 80' lang='lat' dir='ltr'><strong>mathematicamm</strong></span> <span class='ocrx_word' id='word_1_479' title='bbox 1152 4701 1369 4735; x_wconf 88' lang='lat' dir='ltr'><strong>amorem</strong></span> <span class='ocrx_word' id='word_1_480' title='bbox 1405 4687 1761 4750; x_wconf 84' lang='lat' dir='ltr'><strong>scientiamque</strong></span> <span class='ocrx_word' id='word_1_481' title='bbox 1796 4687 1933 4737; x_wconf 84' lang='lat' dir='ltr'><strong>haud</strong></span> <span class='ocrx_word' id='word_1_482' title='bbox 1967 4689 2223 4738; x_wconf 85' lang='lat' dir='ltr'><strong>minimam</strong></span> <span class='ocrx_word' id='word_1_483' title='bbox 2257 4689 2608 4752; x_wconf 80' lang='lat' dir='ltr'><strong>praetendunt,</strong></span> <span class='ocrx_word' id='word_1_484' title='bbox 2645 4701 2920 4750; x_wconf 80' lang='lat' dir='ltr'><strong>agnoscere</strong></span> <span class='ocrx_word' id='word_1_485' title='bbox 2955 4687 3218 4749; x_wconf 85' lang='lat' dir='ltr'><strong>potuerint.</strong></span> <span class='ocrx_word' id='word_1_486' title='bbox 3277 4685 3360 4734; x_wconf 82' lang='lat' dir='ltr'><strong>In-</strong></span> 
     </span>
     <span class='ocr_line' id='line_1_59' title="bbox 654 4756 3364 4824; baseline 0 -20"><span class='ocrx_word' id='word_1_487' title='bbox 654 4763 731 4804; x_wconf 88' lang='lat' dir='ltr'><strong>ter</strong></span> <span class='ocrx_word' id='word_1_488' title='bbox 768 4770 887 4819; x_wconf 87' lang='lat' dir='ltr'><strong>quos</strong></span> <span class='ocrx_word' id='word_1_489' title='bbox 936 4771 1063 4808; x_wconf 80' lang='lat' dir='ltr'><strong>unus</strong></span> <span class='ocrx_word' id='word_1_490' title='bbox 1112 4759 1401 4820; x_wconf 83' lang='lat' dir='ltr'><strong>praesertim</strong></span> <span class='ocrx_word' id='word_1_491' title='bbox 1440 4762 1545 4810; x_wconf 86' lang='lat' dir='ltr'><strong>est,</strong></span> <span class='ocrx_word' id='word_1_492' title='bbox 1601 4759 1682 4822; x_wconf 89' lang='lat' dir='ltr'><strong>qui</strong></span> <span class='ocrx_word' id='word_1_493' title='bbox 1728 4775 1830 4808; x_wconf 85' lang='lat' dir='ltr'><strong>non</strong></span> <span class='ocrx_word' id='word_1_494' title='bbox 1883 4759 2059 4808; x_wconf 84' lang='lat' dir='ltr'><strong>saltem</strong></span> <span class='ocrx_word' id='word_1_495' title='bbox 2113 4760 2274 4808; x_wconf 84' lang='lat' dir='ltr'><strong>nullas</strong></span> <span class='ocrx_word' id='word_1_496' title='bbox 2320 4761 2456 4810; x_wconf 85' lang='lat' dir='ltr'><strong>mihi-</strong></span> <span class='ocrx_word' id='word_1_497' title='bbox 2475 4773 2624 4824; x_wconf 83' lang='lat' dir='ltr'><strong>agere</strong></span> <span class='ocrx_word' id='word_1_498' title='bbox 2661 4759 2849 4822; x_wconf 79' lang='lat' dir='ltr'><strong>gratias</strong></span> <span class='ocrx_word' id='word_1_499' title='bbox 2903 4773 2988 4820; x_wconf 87' lang='lat' dir='ltr'><strong>pro</strong></span> <span class='ocrx_word' id='word_1_500' title='bbox 3037 4756 3364 4822; x_wconf 81' lang='lat' dir='ltr'><strong>tot-vigilatis</strong></span> 
     </span>
     <span class='ocr_line' id='line_1_60' title="bbox 654 4825 3362 4892; baseline -0 -16"><span class='ocrx_word' id='word_1_501' title='bbox 654 4826 906 4885; x_wconf 87' lang='lat' dir='ltr'><strong>noctibus,</strong></span> <span class='ocrx_word' id='word_1_502' title='bbox 963 4833 1039 4878; x_wconf 87' lang='lat' dir='ltr'><strong>tot</strong></span> <span class='ocrx_word' id='word_1_503' title='bbox 1076 4831 1289 4892; x_wconf 82' lang='lat' dir='ltr'><strong>erogatis</strong></span> <span class='ocrx_word' id='word_1_504' title='bbox 1327 4827 1561 4891; x_wconf 82' lang='lat' dir='ltr'><strong>impensis</strong></span> <span class='ocrx_word' id='word_1_505' title='bbox 1598 4843 1807 4892; x_wconf 87' lang='lat' dir='ltr'><strong>aequum</strong></span> <span class='ocrx_word' id='word_1_506' title='bbox 1846 4831 2118 4886; x_wconf 83' lang='lat' dir='ltr'><strong>censuerit,</strong></span> <span class='ocrx_word' id='word_1_507' title='bbox 2175 4831 2264 4880; x_wconf 87' lang='lat' dir='ltr'><strong>sed</strong></span> <span class='ocrx_word' id='word_1_508' title='bbox 2318 4837 2368 4882; x_wconf 87' lang='lat' dir='ltr'><strong>et</strong></span> <span class='ocrx_word' id='word_1_509' title='bbox 2405 4830 2810 4888; x_wconf 82' lang='lat' dir='ltr'><strong>oblocutionibus,</strong></span> <span class='ocrx_word' id='word_1_510' title='bbox 2845 4828 3234 4892; x_wconf 77' lang='lat' dir='ltr'><strong>perversionibus</strong></span> <span class='ocrx_word' id='word_1_511' title='bbox 3269 4825 3362 4877; x_wconf 73' lang='lat' dir='ltr'><strong>dte.</strong></span> 
     </span>
     <span class='ocr_line' id='line_1_61' title="bbox 654 4897 3366 4966; baseline 0.001 -19"><span class='ocrx_word' id='word_1_512' title='bbox 654 4913 745 4947; x_wconf 90' lang='lat' dir='ltr'><strong>nos</strong></span> <span class='ocrx_word' id='word_1_513' title='bbox 778 4898 1014 4960; x_wconf 77' lang='lat' dir='ltr'><strong>impetere</strong></span> <span class='ocrx_word' id='word_1_514' title='bbox 1052 4913 1147 4947; x_wconf 90' lang='lat' dir='ltr'><strong>non</strong></span> <span class='ocrx_word' id='word_1_515' title='bbox 1186 4901 1446 4950; x_wconf 86' lang='lat' dir='ltr'><strong>erubuerit.</strong></span> <span class='ocrx_word' id='word_1_516' title='bbox 1495 4897 1545 4946; x_wconf 80' lang='lat' dir='ltr'><strong>Is</strong></span> <span class='ocrx_word' id='word_1_517' title='bbox 1580 4913 1709 4960; x_wconf 80' lang='lat' dir='ltr'><strong>vero,</strong></span> <span class='ocrx_word' id='word_1_518' title='bbox 1748 4901 1828 4966; x_wconf 87' lang='lat' dir='ltr'><strong>qui</strong></span> <span class='ocrx_word' id='word_1_519' title='bbox 1867 4914 1984 4966; x_wconf 83' lang='lat' dir='ltr'><strong>prae</strong></span> <span class='ocrx_word' id='word_1_520' title='bbox 2013 4901 2187 4950; x_wconf 89' lang='lat' dir='ltr'><strong>ceteris</strong></span> <span class='ocrx_word' id='word_1_521' title='bbox 2225 4906 2442 4952; x_wconf 84' lang='lat' dir='ltr'><strong>nostrum</strong></span> <span class='ocrx_word' id='word_1_522' title='bbox 2478 4902 2528 4949; x_wconf 87' lang='lat' dir='ltr'><strong>in</strong></span> <span class='ocrx_word' id='word_1_523' title='bbox 2567 4914 2619 4949; x_wconf 88' lang='lat' dir='ltr'><strong>re</strong></span> <span class='ocrx_word' id='word_1_524' title='bbox 2655 4900 2896 4950; x_wconf 83' lang='lat' dir='ltr'><strong>cometica</strong></span> <span class='ocrx_word' id='word_1_525' title='bbox 2921 4899 3134 4950; x_wconf 87' lang='lat' dir='ltr'><strong>studium</strong></span> <span class='ocrx_word' id='word_1_526' title='bbox 3169 4900 3366 4950; x_wconf 82' lang='lat' dir='ltr'><strong>elevare</strong></span> 
     </span>
    </p>
   </div>
  </div>
 </body>
</html>
