3634 5575
522 309 653 377 316
1339 314 1562 367 «Literae
1594 314 1805 379 Kepleri
1843 314 2148 379 aliorumque
2180 320 2386 366 mutuae

520 472 847 553 abjectum.
942 472 1027 537 Ut
1071 491 1215 537 vero
1262 475 1469 537 oculus
1516 474 1593 550 ad
1644 474 1856 547 lucem,
1903 474 2066 536 auris
2104 475 2183 535 ad
2229 474 2612 549 sonum,-ita
2657 474 2892 536 animus
2939 479 3039 535 est
3081 489 3234 535 con-

522 563 813 623 formatus
862 562 938 623 ad
985 561 1135 625 haec
1180 567 1352 641 παθη
1396 561 1719 636 coelestia,
1770 571 2058 644 tauquam
2103 583 2220 624 sua
2262 563 2505 647 propria
2551 563 2809 643 objecta.
2903 560 2989 623 Et
3034 570 3236 623 tamen
3275 570 3284 578 “

520 650 763 731 genesis
809 651 970 712 nuda
1017 657 1079 713 et
1126 670 1319 714 vacua
1366 652 1557 715 forma
1605 660 1739 725 est;
1802 652 2033 715 animus
2080 671 2212 713 cum
2259 651 2616 727 infunditur,
2667 652 2726 715 h.
2777 671 2829 716 e.
2881 670 3012 712 cum
3059 650 3238 711 homo

522 740 805 814 nascitur,
855 758 975 801 non
1022 739 1235 803 statim
1282 748 1445 803 totus
1487 740 1707 820 accipit
1755 742 2041 814 formam3
2089 749 2411 803 contumax
2447 748 2563 815 est,
2613 748 2679 802 et
2721 742 2912 802 multa
2959 740 3033 801 de
3078 740 3238 801 ima-

520 826 927 907 ginationibus
950 872 966 899 ,
1043 829 1313 909 adeoque
1380 830 1454 891 de
1522 829 1938 893 affectionibus
2003 828 2216 892 matris
2280 829 2504 891 retinet
2565 830 2896 909 miscetque
2961 826 3236 891 themati.

521 916 771 979 Format
815 916 999 997 igitur
1046 927 1111 979 et
1154 918 1329 997 fingit
1366 919 1625 983 animum
1672 918 1911 993 thema,
1971 919 2089 981 ⁴sed
2139 937 2256 979 non
2321 918 2516 999 gignit
2561 937 2804 992 novum,
2871 936 2990 980 non
3037 924 3234 979 totum

518 1014 751 1079 mutat;
806 1006 981 1086 fingit
1028 1024 1168 1068 vero
1214 1014 1421 1069 natum
1469 1026 1545 1067 ex
1591 1006 1733 1081 hoc,
1800 1014 1994 1069 matre
2051 1006 2140 1069 sic
2189 1008 2440 1081 affecta,
2505 1008 2644 1069 dum
2691 1012 2932 1087 gereret
2978 1015 3234 1068 uterum.

522 1094 806 1175 Sequitur
853 1094 988 1157 dein
1036 1094 1375 1170 instituti0,
1425 1115 1577 1176 quae
1624 1114 1844 1158 novam
1889 1096 2314 1158 alterationem
2359 1096 2596 1176 utrique
2640 1095 2825 1174 priori
2883 1096 3104 1170 infert,
3169 1102 3234 1157 at

522 1192 796 1245 neutrum
842 1184 1055 1245 tollere
1101 1192 1344 1263 potest,
1412 1185 1520 1247 sed
1580 1185 1647 1247 fit
1706 1184 1960 1265 denique
2026 1184 2520 1265 contemperatio.
2613 1184 2880 1247 Variant
2935 1183 3234 1245 hominem

519 1278 731 1346 mater,
772 1272 1019 1347 coelum,
1060 1272 1371 1352 magister,
1422 1272 1723 1335 mediante
1762 1282 1961 1354 epate,
2012 1273 2212 1346 corde,
2259 1275 2528 1349 cerebr0,
2579 1281 2740 1347 ante,
2790 1272 2869 1349 in,
2917 1281 3062 1353 post
3085 1291 3234 1353 par-

521 1369 666 1436 tum,
717 1369 1003 1440 tempore,
1052 1369 1352 1423 momento
1401 1362 1711 1441 temporis.

661 1450 701 1499 F
717 1449 1032 1500 abricius:
1094 1450 1339 1501 Planetae
1375 1450 1602 1500 humores
1640 1450 1718 1500 vel
1753 1450 2047 1514 qualitates,
2104 1451 2196 1499 sibi
2251 1464 2285 1501 a
2321 1448 2432 1501 Deo
2482 1450 2853 1513 appropriatam,
2910 1449 2986 1501 vel
3023 1450 3238 1499 dominio

527 1536 615 1569 suo
651 1520 919 1582 subjectas,
959 1521 1129 1570 astrali
1167 1536 1261 1571 sua
1294 1522 1343 1570 vi
1379 1523 1617 1579 excitant,
1654 1526 1911 1586 vegetant,
1951 1520 2218 1579 vivificant,
2257 1528 2309 1571 et
2344 1508 2486 1586 quassi
2523 1522 2764 1570 animant.

704 1592 1111 1671 Kepler'us:
1160 1592 1301 1653 Etsi
1348 1611 1464 1653 non
1514 1592 1739 1667 dubito,
1790 1592 1927 1671 quin
1967 1592 2135 1653 Mars
2184 1592 2317 1654 ideo
2366 1593 2543 1654 ruber
2588 1592 2670 1653 sit
2718 1592 2942 1665 factuS,
2992 1598 3061 1651 ut
3105 1597 3234 1657 ter-

528 1699 657 1741 rere
703 1679 901 1759 possit
958 1698 1064 1760 pro
1118 1680 1357 1742 modulo
1422 1700 1567 1755 suo,
1625 1682 1828 1761 itaque
1892 1680 1952 1741 in
2010 1699 2076 1741 se
2121 1682 2269 1759 ipsis
2317 1680 2584 1742 habeant
2631 1680 2844 1743 sidera·
2877 1679 3234 1759 principium

534 1768 793 1830 actionis
838 1787 1006 1844 suae,
1054 1770 1376 1848 potissima
1422 1777 1621 1833 tamen
1670 1769 1763 1832 vis
1810 1770 1868 1831 in
1916 1770 2237 1849 genesibus
2287 1770 2567 1832 consistit
2613 1771 2672 1831 in
2711 1769 2930 1843 anime,
2982 1769 3083 1847 qui
3128 1787 3236 1829 oc-

528 1858 691 1918 culto
756 1875 1053 1919 consensu
1128 1860 1228 1929 (ut
1290 1858 1499 1920 rustici
1566 1878 1742 1920 aures
1805 1857 2149 1937 intelligunt
2215 1858 2680 1920 concinnitatem
2745 1858 3133 1919 dimensionis
3177 1858 3238 1919 in

526 1946 805 2020 vocibus)
872 1953 923 2015 ὀ
967 1946 1278 2022 ruborem,
1346 1943 1387 2024 15
1436 1932 1725 2027 pallorem
1774 1948 1883 2008 διο.
1932 1945 2238 2009 intueatur
2297 1958 2360 2007 et
2405 1948 2728 2009 secundum
2777 1947 2958 2009 situm
3005 1942 3240 2007 illo‘r'um

528 2034 585 2096 in
638 2035 881 2115 seipso
928 2034 1381 2114 impressionem
1433 2037 1689 2097 formet:
1760 2046 1825 2097 ut
1874 2055 2083 2097 manus
2141 2059 2178 2098 a
2226 2035 2713 2099 claritate.Solis
2778 2034 2923 2097 nihil
2989 2035 3237 2115 patitur,

532 2124 637 2185 sed
687 2124 913 2185 oculus.

669 2212 1038 2263 Fabricius:
1099 2210 1291 2262 Profe
1306 2212 1433 2261 cti-o
1450 2226 1556 2262 nes
1596 2212 1920 2277 astrologicas
1955 2212 2006 2262 in
2045 2219 2206 2262 totum
2241 2214 2382 2278 quasi
2418 2212 2597 2275 rejicis,
2635 2213 2766 2277 quod
2800 2213 3078 2275 subjectum
3103 2212 3238 2261 reale

530 2289 689 2333 motus
726 2299 824 2333 non
860 2282 1098 2333 habeant.
1172 2284 1241 2332 At
1274 2298 1370 2334 nec
1408 2282 1701 2334 directiones
1740 2297 1940 2334 annuae
1976 2284 2164 2334 habent
2198 2284 2333 2334 reale
2369 2284 2646 2345 subJectum
2663 2319 2676 2341 ,
2729 2284 2826 2333 nisi
2863 2286 3020 2347 ipsum
3055 2283 3236 2346 ’princi-

524 2358 657 2419 pium
695 2360 855 2405 motus
893 2359 945 2404 et
980 2366 1185 2405 oausam
1220 2360 1399 2403 motus.
1472 2354 1563 2404 Est
1598 2370 1712 2404 vero
1748 2355 1906 2404 fluxus
1944 2354 2146 2419 quidam
2183 2354 2382 2405 astralia
2422 2355 2611 2404 virtutis
2650 2368 2683 2404 a
2717 2355 2876 2418 prima
2913 2368 3086 2411 causa,
3123 2360 3237 2403 tan-

524 2440 672 2490 quam
708 2440 742 2477 a
776 2426 913 2475 fonte
950 2432 1039 2475 suo
1074 2424 1401 2488 procedentis.
1476 2426 1543 2474 Et
1574 2434 1633 2475 ut
1668 2431 1830 2475 motus
1867 2427 2130 2475 continuus
2169 2433 2271 2485 est,
2327 2428 2400 2477 ita
2451 2431 2502 2475 et
2537 2426 2734 2474 virtutis
2779 2424 2938 2475 fluxus
2977 2426 3240 2475 continuus

526 2503 618 2547 est.
694 2496 864 2547 Virtus
900 2496 1097 2547 astulis
1132 2497 1325 2560 proprio
1362 2510 1450 2546 suo
1486 2502 1640 2555 motu,
1681 2503 1733 2548 et
1769 2498 1909 2562 quasi
1952 2510 1984 2547 a
2017 2497 2224 2561 planeta
2247 2502 2500 2561 separata,
2541 2502 2780 2553 movetur,
2816 2502 2874 2546 ut
2898 2510 3106 2561 magnes
3143 2498 3242 2546 vim

526 2582 667 2617 suam
704 2568 831 2619 ferro
868 2568 1135 2631 separatim
1174 2568 1527 2627 communicat,
1585 2584 1678 2619 nec
1723 2570 1822 2617 vim
1869 2582 2037 2618 secum
2084 2569 2317 2625 retrahit,
2370 2569 2458 2618 sed
2495 2570 2634 2633 quasi
2674 2568 2980 2618 abstractam
3016 2568 3246 2631 relinquit

528 2640 670 2688 ferro.
744 2638 815 2689 Ut
849 2654 963 2689 vero
998 2645 1161 2687 motus
1196 2638 1509 2703 planetarum
1560 2646 1675 2688 sunt
1721 2640 1870 2697 varii,
1927 2641 2000 2689 sic
2044 2647 2207 2690 motus
2253 2640 2445 2689 virtutis
2493 2640 2689 2690 astralis
2734 2640 3046 2703 planetarum
3096 2640 3244 2688 variis

526 2711 847 2760 directionum
886 2715 940 2759 et
974 2710 1357 2773 profectionum,
1410 2724 1521 2759 cum
1560 2724 1838 2760 annuarum
1875 2716 1982 2759 tum
2018 2710 2392 2760 menstrua-lium
2431 2717 2483 2759 et
2519 2710 2831 2769 diurnarum,
2885 2710 3096 2761 motibus
3131 2724 3242 2773 per-

524 2781 703 2832 ficitur.
778 2780 835 2832 Si
869 2780 987 2846 quid
1024 2786 1199 2831 contra
1234 2779 1361 2832 haec
1397 2780 1569 2840 habes,
1608 2781 1755 2832 velim
1780 2782 1913 2833 clare
1951 2782 2182 2846 explices,
2223 2797 2318 2832 nec
2355 2782 2518 2832 nimiis
2557 2782 2908 2833 subtilitatibus
2943 2797 3048 2832 rem
3082 2782 3246 2847 potius

526 2854 774 2910 obscures,
810 2866 961 2916 quam
997 2852 1229 2902 illustres.
1303 2853 1409 2918 Ego
1446 2867 1639 2917 semper
1674 2868 1878 2918 operam
1914 2853 2052 2912 dedi,
2101 2860 2159 2903 ut
2191 2868 2273 2903 res
2309 2867 2453 2904 veras
2491 2859 2544 2904 et
2578 2855 2847 2904 rationales
2885 2854 3245 2918 simplicissime

526 2924 847 2974 declararem.
920 2922 1066 2973 Haec
1101 2928 1300 2981 tamen,
1323 2925 1406 2973 'mi
1443 2924 1689 2988 Keplere,
1745 2939 1846 2973 non
1884 2926 2080 2974 sinistre
2117 2925 2262 2976 velim
2297 2925 2564 2990 intelligas,
2603 2925 2692 2976 sed
2728 2927 2886 2974 amico
2927 2927 3091 2975 animo
3127 2931 3241 2974 tan-

524 3001 629 3044 tum
664 3009 911 3058 propono,
966 3009 1031 3042 ne
1078 2994 1256 3048 nimius
1306 2996 1372 3044 sis
1422 2996 1474 3044 in
1520 2995 1616 3044 illis
1663 2994 2039 3054 subtilitatibtffi,
2098 2996 2226 3060 quod
2261 2998 2416 3045 nostri
2453 2997 2641 3061 ingenii
2675 2996 2962 3060 simplicitas
2997 2996 3108 3046 illas
3145 3012 3245 3046 non

526 3067 709 3128 capiat-

700 3135 1113 3215 Keplerus:
1172 3133 1397 3210 Suda,
1466 3135 1618 3196 suda
1660 3135 1755 3196 'de
1802 3135 2278 3214 profectionibus
2348 3144 2412 3196 et
2459 3135 2924 3209 directionibuS‚
2995 3157 3131 3198 nam
3182 3146 3246 3200 et

525 3243 637 3305 ego
686 3224 917 3288 sudavi.
1016 3223 1337 3287 Genesis
1385 3225 1572 3286 habet
1616 3225 1733 3287 vim
1783 3243 1859 3285 ex
1906 3224 2064 3296 situ,
2133 3232 2343 3304 estque
2389 3235 2718 3305 perpetua,
2787 3224 2926 3306 quia
2990 3227 3057 3288 fit
3119 3227 3238 3290 im-

427 3320 441 3330 ‘
522 3313 757 3394 pressio
802 3334 1181 3395 permanenS.
1240 3313 1683 3386 ‚Transitus
1748 3323 1811 3375 et
1874 3314 2248 3376 revolutio
2315 3315 2544 3376 habent
2589 3313 2708 3375 vim
2755 3334 2830 3376 ex
2878 3322 3044 3376 motu
3089 3317 3239 3377 reali

526 3404 603 3464 ad
652 3403 785 3465 loca
830 3422 1163 3482 geneseos;
1230 3421 1383 3482 quae
1419 3403 1549 3482 jam
1612 3402 1807 3464 officia
1865 3421 1941 3463 ex
1988 3402 2431 3464 consentientia
2478 3403 2768 3482 subjectis
2835 3403 2959 3464 suis
3005 3404 3238 3486 reliqui.

522 3491 1000 3554 Directiones
1047 3492 1275 3553 habent
1320 3491 1441 3552 vim
1490 3511 1565 3552 ex
1614 3492 1782 3572 quasi
1832 3499 1995 3554 motu
2021 3510 2039 3565 3
2090 3491 2310 3552 etenim
2359 3491 2577 3573 aliquis
2623 3503 2823 3553 motus
2871 3491 3034 3567 talis,
3087 3499 3238 3574 ‘qua-
3285 3571 3292 3574 ,

524 3581 664 3643 liter
712 3579 971 3661 aphetae
1020 3579 1390 3660 diriguntur,
1457 3587 1522 3641 et
1566 3581 1619 3642 is
1664 3579 1848 3642 realis
1915 3587 2012 3642 est
2079 3587 2144 3641 et
2207 3599 2345 3641 vere
2393 3581 2496 3656 fit,
2569 3581 2776 3643 statim
2843 3589 2986 3660 post
3030 3591 3240 3662 partus

520 3678 885 3731 momentum
930 3668 1242 3748 incipiens.
1336 3668 1779 3730 Dissimilitudo
1830 3688 1867 3728 a
1909 3669 2092 3750 priori
2143 3677 2344 3730 tamen
2397 3670 2453 3730 in
2505 3687 2594 3744 eo,
2650 3669 2809 3749 quod
2838 3669 3089 3732 effectus
3121 3691 3237 3732 non

514 3759 789 3840 jungitur
832 3759 1017 3820 motui
1066 3766 1130 3820 et
1176 3775 1395 3819 causae
1448 3757 2048 3838 rationextemporiS,
2098 3758 2202 3819 sed
2253 3757 2513 3819 discedit
2559 3759 2634 3819 ab
2685 3776 2785 3833 ec,
2838 3767 2901 3818 et
2945 3758 3240 3840 multipli-

523 3854 627 3910 cat
672 3856 945 3928 tempora
991 3845 1552 3926 proportionaliter,
1601 3847 1985 3925 proportione
2033 3847 2283 3918 iterum,
2343 3865 2494 3925 quae
2545 3847 2599 3908 in
2667 3855 2884 3907 natura
2945 3847 3243 3910 invenitur

524 3945 588 3997 et
632 3935 769 3997 huic
812 3937 997 3997 motui
1046 3935 1289 4015 propria
1336 3941 1472 4008 est;
1520 3942 1587 3995 ut
1634 3953 1748 4012 ego
1797 3935 2032 4015 quidem
2082 3935 2291 4015 dirigo,
2346 3935 2442 3996 die
2489 3935 2546 3997 in
2598 3955 2813 3997 annum
2863 3944 2924 3998 et
2971 3955 3241 4016 quocun-

526 4043 639 4106 que
702 4033 973 4104 tempore
1039 4032 1181 4102 post
1244 4031 1483 4103 partum
1549 4024 1607 4085 in
1658 4019 1787 4087 365
1836 4025 2234 4104 multiplicato
2299 4024 2358 4084 in
2407 4025 2698 4086 infinitum
2743 4044 2952 4106 usque.
3049 4025 3238 4088 Pro-

524 4113 789 4176 fectio
854 4130 1045 4192 neque
1094 4112 1249 4173 situs
1296 4121 1425 4186 est,
1475 4131 1667 4193 neque
1714 4123 1933 4187 motuS,
1981 4113 2042 4174 in
2091 4113 2352 4176 futurum
2400 4133 2677 4193 operans,
2726 4113 2892 4194 cujus
2939 4115 2996 4177 in
3047 4133 3240 4177 rerum

522 4209 738 4265 natura
782 4200 929 4263 nihil
976 4209 1072 4262 est
1118 4219 1308 4281 neque
1356 4201 1549 4263 simile
1594 4221 1786 4283 neque
1833 4202 2302 4283 perportionale.
2359 4233 2439 4244 —

702 4293 772 4354 In
822 4287 1211 4371 sequentibus
1260 4291 1484 4352 transis
1532 4299 1599 4353 tu
1645 4313 1682 4352 a
1730 4291 2076 4352 defensione
2145 4293 2222 4353 ad
2269 4291 2783 4372 impugnationem
2831 4310 3096 4353 mearum
3144 4291 3238 4354 di·-

525 4381 875 4455 rectionum,
924 4369 1475 4461 propterea,‘quod
1524 4380 1817 4442 obscurus
1865 4381 1978 4441 sim
2027 4381 2086 4442 in
2135 4381 2232 4442 iis.
2329 4381 2484 4443 Puto
2514 4400 2606 4442 me
2646 4383 2780 4461 jam
2813 4381 2910 4442 hic
2939 4401 3074 4442 esse
3103 4381 3235 4444 cla-

524 4472 759 4534 riorem.
810 4501 893 4512 —-
944 4467 1105 4540 Quid
1151 4468 1265 4531 hoc
1310 4469 1399 4530 rei
1447 4477 1567 4544 est,
1637 4470 1795 4551 quod
1842 4489 1969 4532 rem
2017 4471 2360 4544 obscuram,
2430 4490 2538 4554 nec
2597 4489 2840 4544 novam,
2901 4469 3008 4531 sed
3058 4489 3234 4550 quam

524 4567 771 4639 uterque
818 4559 1049 4640 pridem
1097 4577 1302 4626 sumus
1350 4559 1645 4637 amplexi,
1706 4567 1772 4621 tu
1818 4557 2022 4639 potius
2069 4559 2161 4620 vis
2217 4568 2502 4638 tanquam
2549 4558 2895 4638 παραδοξον
2953 4559 3236 4632 retinere,

524 4667 705 4728 quam
751 4648 1085 4711 confirmari
1132 4647 1478 4719 obscurius,
1534 4667 1645 4710 nec
1689 4645 1921 4727 pateris
1967 4647 2402 4729 qualiacunque
2453 4649 2597 4723 dici,
2647 4667 2778 4711 cum
2825 4648 3076 4710 meliora
3119 4667 3232 4710 ue·-

524 4737 789 4816 queant?
877 4735 1040 4800 Juva
1083 4735 1318 4817 potius,
1382 4743 1450 4800 ut
1495 4737 1657 4800 clare
1703 4737 2047 4818 loquamur,
2113 4757 2293 4818 quam
2339 4744 2408 4798 ut
2451 4738 2602 4799 haec
2649 4736 3010 4816 supprimas.
3101 4735 3232 4798 Hoc

524 4835 727 4888 tamen
790 4833 891 4890 sat
937 4827 1130 4888 clare:
1197 4826 1257 4888 in
1318 4825 1589 4888 omnibus
1636 4827 1817 4889 rebus
1882 4825 2020 4888 inde
2087 4847 2126 4888 a
2171 4826 2511 4889 divinitatis
2576 4827 2806 4906 origine
2871 4834 2968 4888 est
3031 4825 3236 4906 aliqua
