3634 5575
13 3779 18 3814 -ψ-
13 2989 20 3756 ——w——ae-v—-sae———m--ffi—-mq——v-0-0-
13 2861 18 2968 ---
14 2776 16 2787 -

661 374 748 463 {50
1551 354 1564 371 ”
1735 394 1742 401 “
1836 380 2159 443 Prooemium.

652 574 766 610 vero
805 556 1027 622 Kepleri,
1064 570 1195 625 quae
1217 554 1534 605 Prodromum
1571 554 1837 605 subsecuta
1870 560 2000 615 sunt,
2039 566 2119 609 ea.
2155 566 2285 619 quae
2320 568 2381 604 ex
2418 552 2561 604 dietis
2596 551 2915 603 voluminibus
2950 553 3178 602 desumta
3212 550 3349 602 addi·

656 630 840 688 dimus,
878 630 1010 680 haud
1046 629 1182 694 parvi
1217 632 1334 677 sunt
1367 626 1620 676 momenti.
1799 678 1814 691 ι

795 701 926 763 Jam,
964 702 1227 751 redeuntes
1252 699 1317 749 ad
1341 697 1392 747 H
1402 702 1752 753 erwartum,
1789 695 1934 753 haec,
1974 694 2321 746 concludentes
2355 696 2489 745 hano
2522 696 2841 759 praefationis
2872 700 3083 759 partem,
3124 694 3354 743 addenda

654 774 947 825 censuimus.
1019 773 1236 823 Primum
1273 768 1396 819 adiit
1431 768 1701 833 Keplerum
1735 766 2039 824 Her-vestus,
2079 767 2431 832 chronologicis
2468 767 2641 817 studiis
2677 774 2945 831 occupatus
2959 802 2972 824 ,
3010 780 3097 830 per
3134 765 3350 815 Christo-

653 846 856 910 phorum
893 844 1298 910 Grienbergerum
1336 855 1364 890 e
1401 839 1512 890 Soc.
1551 839 1582 889 J
1584 853 1669 888 esu
1686 874 1699 894 .
1747 844 1855 887 tum
1890 832 2121 902 temporis
2158 839 2369 889 Graetiis
2420 840 2727 889 mathemata.
2761 838 3071 903 profitentem
3089 873 3105 896 ,
3156 842 3352 887 astate

654 916 772 967 anni
811 910 971 973 1597,
1010 916 1138 967 Luc
1157 913 1264 965 ani
1301 912 1483 962 dictum
1521 910 1586 961 ad
1622 916 1808 961 certum
1846 924 2031 959 annum
2064 910 2245 960 referre
2282 912 2483 975 cupiens
2502 946 2514 969 ‚
2568 926 2660 976 quo
2701 909 2964 968 „Lucanus
3000 912 3229 959 recenset
3266 909 3349 957 ob·

654 988 980 1037 servationem
1017 984 1418 1041 constellationis,
1458 996 1605 1047 quam
1631 980 1858 1047 Nigidius
1884 982 2087 1047 Figulus
2113 980 2496 1033 Mathematicus
2535 988 2653 1031 ante
2688 980 2868 1031 bellum
2898 982 3038 1031 civile
3064 980 3119 1030 C.
3146 980 3195 1031 J.
3224 978 3349 1029 Cae-

655 1061 779 1109 saris
796 1094 811 1117 ,
850 1059 944 1113 vel,
962 1058 1138 1109 saltem
1175 1055 1386 1120 Augusti
1401 1090 1415 1115 ,
1455 1052 1755 1103 observavit“
1797 1050 1971 1115 (rerba
2007 1050 2292 1114 Herwarti).

801 1204 878 1254 Ad
914 1204 1045 1255 hanc
1081 1206 1418 1270 quaestionem
1453 1202 1705 1266 respondit
1737 1201 2049 1266 Keplerus
2083 1201 2215 1253 hunc
2250 1203 2301 1252 in
2336 1204 2561 1254 modurn:

836 1310 986 1374 Cum
1032 1312 1091 1373 in
1137 1313 1250 1375 hoc
1295 1312 1610 1391 dignitatis
1659 1309 1904 1388 fastigio
1951 1310 2283 1373 collocatus
2342 1310 2721 1373 nihilominus
2776 1310 3083 1371 literarum
3128 1309 3351 1383 studia,

655 1399 966 1471 lectionem
1014 1400 1398 1464 historiarum
1445 1409 1509 1462 et
1553 1400 1895 1462 matheseos
1944 1400 2342 1479 cognitionem
2390 1419 2573 1474 ames,
2625 1418 2738 1461 non
2787 1416 3030 1480 possum
3079 1396 3353 1478 equidem

653 1490 778 1565 tibi,
830 1489 943 1551 Vir
987 1491 1124 1553 nob.
1158 1499 1222 1552 et
1265 1490 1464 1569 ampl„
1514 1508 1629 1550 non
1677 1490 1987 1569 gratulari,
2033 1497 2241 1568 utpote
2287 1490 2381 1553 cui
2428 1488 2572 1550 nihil
2620 1488 2876 1550 omnium
2921 1506 3118 1550 rerum
3157 1487 3347 1561 deest,

652 1598 802 1659 quae
853 1580 948 1641 vel
991 1579 1123 1659 ipse
1167 1578 1535 1641 Aristoteles
1599 1578 1658 1639 in
1723 1597 1835 1639 sua
1897 1577 2205 1640 felicitatis
2260 1580 2397 1641 idea
2452 1578 2773 1640 desideret.
2868 1575 3001 1647 Quo
3050 1575 3350 1638 lubentius

617 1659 946 1729 ‘desiderio
993 1678 1114 1743 tuo,
1165 1669 1321 1749 quod
1351 1667 1540 1729 literis
1569 1668 1644 1729 ad
1674 1667 1751 1731 D.
1783 1666 2285 1747 Grienbergerum
2334 1668 2493 1730 datis
2541 1673 2804 1728 testatus
2851 1686 2934 1742 eS,
2984 1666 3341 1727 satisfacere

651 1756 962 1830 contende,
1010 1758 1354 1837 propositae
1384 1756 1750 1838 quaestionis
1781 1757 2177 1840 explicatione
2208 1758 2471 1837 scripta:
2518 1776 2637 1818 non
2666 1756 2922 1836 quidem,
2974 1756 3127 1834 quod
3166 1756 3257 1817 ita
3305 1774 3344 1815 a

653 1846 882 1907 nemine
931 1866 1108 1925 quam
1156 1868 1193 1909 a
1239 1864 1333 1908 me
1379 1846 1600 1907 rectius
1646 1845 1772 1907 fieri
1819 1865 1998 1925 posse
2046 1864 2367 1925 sperarem,
2418 1846 2524 1908 sed
2562 1845 2701 1925 quia
2728 1844 3102 1907 occasionem
3132 1845 3341 1905 deme-

652 1934 820 1996 rendi
865 1934 1008 1997 mihi
1053 1936 1211 1997 tanti
1257 1934 1402 2009 viri,
1472 1936 1640 2014 cujus
1687 1934 1829 1996 mihi
1876 1953 2041 2015 spem
2089 1935 2315 1998 faciunt
2358 1936 2497 1997 illae
2550 1934 2721 2014 ipsae
2783 1934 3031 2003 literae,
3096 1934 3341 1995 mirifice

655 2024 1040 2085 deosculatus
1085 2042 1232 2086 sum.
1299 2024 1752 2087 Resolutionem
1802 2032 2001 2086 autem
2047 2024 2243 2103 ipsam
2277 2043 2394 2085 non
2424 2023 2545 2085 alia
2574 2024 2786 2103 scripsi
2816 2023 3115 2097 method0,
3165 2042 3341 2104 quam

652 2132 742 2188 ea,
793 2130 909 2193 qua
956 2120 1135 2175 natae
1181 2112 1327 2175 mihi
1372 2120 1511 2175 sunt
1555 2114 1628 2175 de
1673 2112 1809 2193 ipsa
1856 2113 2203 2194 quaestione
2250 2112 2677 2193 cogitationes:
2741 2132 2890 2193 quae
2948 2112 3139 2175 forma
3186 2112 3344 2175 scri-

650 2201 828 2264 bendi
878 2202 991 2264 etsi
1038 2201 1201 2263 rudis
1248 2210 1311 2265 et
1354 2202 1596 2283 indigna
1643 2204 1901 2265 fortasse
1950 2210 2120 2265 tanto
2166 2203 2391 2265 lectore
2440 2208 2553 2274 est,
2600 2209 2800 2264 tamen
2840 2202 2914 2262 ob
2957 2200 3015 2261 id
3045 2200 3185 2263 mihi
3224 2220 3340 2281 po-

650 2290 946 2353 tissimum
993 2290 1214 2365 arrisit,
1261 2300 1329 2353 ut
1371 2310 1478 2372 per
1522 2310 1655 2354 cam
1699 2298 1939 2371 pateret
1981 2310 2113 2353 cum
2160 2292 2307 2356 fides
2354 2311 2487 2353 mea
2532 2292 2590 2353 in
2629 2291 2742 2353 hac
2780 2289 3176 2371 explicatione
3224 2291 3340 2351 ad-

651 2379 842 2441 hibita
885 2388 1011 2442 tum
1059 2379 1380 2443 difficultas
1424 2380 1485 2442 in
1533 2381 1658 2443 alia
1701 2381 2108 2461 confingenda.
2196 2379 2425 2451 Quibus
2470 2381 2529 2442 in
2577 2380 2830 2460 pagellis
2878 2380 2928 2440 si
2976 2378 3115 2458 quid
3158 2398 3339 2462 repe-

649 2468 818 2542 reris,
869 2470 1024 2549 quod
1068 2468 1326 2549 placeat,
1375 2476 1439 2531 et
1486 2470 1559 2532 ob
1606 2470 1762 2551 quod
1805 2489 1899 2531 me
1947 2478 2050 2531 tuo
2090 2470 2331 2550 dignum
2360 2471 2565 2532 favore
2594 2488 2861 2543 censeas,
2912 2469 3066 2548 quod
3112 2469 3341 2531 utinam

649 2577 764 2619 non
813 2556 984 2619 irrita
1030 2558 1173 2621 mihi
1219 2558 1577 2621 confidentia
1630 2560 2086 2639 persuaderem,
2128 2560 2284 2643 ‘ejus
2350 2559 2436 2621 rei
2488 2557 2987 2621 demonstrandae
3044 2558 3340 2636 geminam

605 2670 610 2675 ·
649 2646 1024 2709 occasionem
1070 2667 1204 2710 cum
1249 2647 1487 2727 optione
1533 2666 1837 2728 propono,
1902 2656 1971 2709 ut
2018 2654 2124 2709 aut
2168 2668 2262 2710 me
2309 2648 2384 2709 D.
2432 2647 2745 2721 Ficklem,
2811 2647 2938 2709 viro
2984 2647 3337 2719 clarissime,

651 2736 748 2818 qui
795 2737 1320 2814 consanguinitate
1366 2743 1648 2817 parentes
1680 2757 1845 2800 meos
1874 2736 2138 2816 attingit,
2188 2736 2585 2811 commendeS,
2638 2743 2743 2798 aut
2785 2736 3339 2800 mathematicorum

646 2825 1002 2887 vestratium
1039 2826 1268 2905 judicia
1315 2827 1387 2887 de
1433 2845 1565 2887 meo
1612 2845 1796 2906 nuper
1844 2827 2005 2888 edito
2054 2826 2285 2901 libello,
2350 2845 2469 2887 non
2532 2825 2719 2889 refert
2784 2845 2957 2906 quam
3006 2826 3146 2888 mihi
3192 2844 3337 2908 pro-

647 2913 816 2995 pitia,
865 2923 1242 2994 extorqueaS,
1291 2921 1471 2994 atque
1519 2917 1597 2976 ad
1632 2935 1726 2977 me
1753 2914 2003 2995 perferri
2041 2915 2123 2986 (si
2152 2935 2267 2976 non
2298 2925 2647 2996 arroganter
2675 2917 2846 2993 peto)
2874 2933 2981 2994 pro
3012 2915 3336 2977 autoritate

648 3013 756 3064 tua.
790 3003 1029 3082 jubeas.
1124 3004 1194 3065 Id
1241 3023 1416 3083 quam
1461 3005 1608 3066 meis
1664 3004 1842 3067 rebus
1898 3005 2269 3084 profuturum
2332 3005 2449 3078 sit,
2516 3005 2913 3084 conjecturam
2960 3023 3035 3064 ex
3079 3003 3187 3064 illa
3233 3012 3341 3064 tua

649 3090 910 3170 epistola
955 3092 1145 3171 capio,
1197 3111 1348 3172 quae
1397 3093 1544 3154 adeo
1593 3093 1945 3172 quibusdam
1990 3112 2065 3154 ex
2111 3113 2242 3155 meo
2270 3093 2626 3174 magistratu
2662 3093 2905 3171 placuit,
2953 3103 3022 3153 ut
3066 3093 3209 3154 nihil
3258 3094 3333 3152 ad

647 3197 840 3242 meum
897 3180 1176 3242 honorem
1241 3181 1683 3244 convenientius
1750 3183 2019 3246 accidere
2085 3183 2354 3262 potuisse
2421 3183 2771 3243 existimem.
2866 3181 3022 3244 Vale
3068 3181 3222 3243 Nob.
3274 3188 3340 3242 et

648 3267 847 3347 Ampl.
881 3269 1010 3343 Vir,
1061 3278 1125 3331 et
1170 3270 1220 3331 si
1268 3271 1404 3350 quid
1453 3270 1574 3332 dixi
1618 3271 1809 3334 minus
1859 3272 1985 3334 foro
2025 3273 2553 3346 accommodatum,
2604 3271 3155 3332 mathematicorum
3200 3288 3331 3332 mo-

647 3356 810 3420 ribus
855 3357 1144 3422 condona.
1227 3359 1302 3422 17
1341 3358 1508 3438 Sept.
1567 3358 1751 3424 1597.

1385 3448 1541 3511 Nob.
1591 3459 1651 3513 et
1697 3450 1897 3531 Ampl.
1947 3450 2016 3511 T.
2508 3448 2912 3510 deditissimus

2338 3537 2427 3599 Μ.
2476 3537 2795 3601 Iohannes
2837 3536 3091 3619 Kepler.

2066 3627 2157 3688 lll.
2208 3623 2449 3706 Styriae
2496 3644 2803 3706 procerum
2850 3627 3335 3692 Mathematicus.

785 3800 898 3852 Hae
957 3800 1161 3866 Kepleri
1211 3803 1386 3854 literae
1455 3805 1633 3856 desunt
1685 3807 1736 3854 in
1789 3802 2076 3853 collectione
2142 3801 2533 3866 Petropolitana3
2604 3803 2923 3853 desumsimus
2978 3818 3065 3854 eas
3129 3820 3157 3855 e
3216 3805 3337 3856 libro

645 3871 700 3922 F.
743 3871 946 3922 Paula
994 3871 1064 3922 de
1125 3873 1437 3932 Schrank,
1493 3893 1637 3941 quem
1690 3875 1965 3937 inscripsit:
2022 3873 2311 3936 Sammlung
2358 3874 2670 3923 naturhistor.
2726 3891 2773 3924 u.
2836 3875 3026 3938 physik.
3084 3879 3336 3928 Aufsltze.

645 3942 812 3994 Norib.
843 3939 999 3996 1796.
1033 3945 1084 3994 in
1121 3959 1214 4008 quo
1252 3945 1342 3996 has
1379 3961 1490 3995 cum
1526 3948 1678 3997 tribus
1715 3951 1951 4009 sequente
1988 3959 2116 3994 anno
2155 3945 2219 3993 ad
2253 3944 2560 3994 Herwartum
2596 3947 2789 4008 scriptis
2823 3946 2974 3996 literis
3010 3947 3211 4011 Kepleri
3246 3951 3335 4000 im—

645 4013 924 4079 primendas
961 4016 1174 4072 curavit,
1211 4015 1460 4066 desumtas
1497 4033 1524 4067 e
1561 4017 1903 4078 manuscriptis
1939 4015 2180 4064 Herwarti
2214 4017 2267 4064 in
2304 4015 2598 4068 bibliotheca
2622 4016 2997 4074 Landshutiana
3035 4016 3190 4080 (nunc
3224 4019 3335 4070 Mo·

646 4081 836 4146 nachii)
877 4087 1190 4134 conservatis.
1267 4087 1408 4146 Quae
1446 4089 1634 4138 addidit
1669 4087 1913 4150 Keplerus
1950 4086 2043 4135 illis
2078 4085 2261 4142 literis,
2296 4089 2536 4149 separatis
2574 4092 2850 4152 conscripta
2884 4090 3009 4140 foliis
3042 4091 3189 4154 plane
3224 4107 3332 4154 per·

644 4158 806 4208 tinent
859 4155 924 4204 ad
979 4158 1315 4219 quaestionem
1370 4161 1433 4208 ab
1480 4160 1734 4210 Hervarto
1781 4158 2075 4220 propositam
2094 4194 2107 4214 ,
2146 4172 2297 4221 quare
2334 4159 2412 4209 hic
2450 4161 2724 4210 omittenda
2757 4161 2845 4212 illa
2882 4176 3151 4212 censemus.
3224 4163 3335 4213 Hoc

645 4235 840 4280 tantum
876 4225 1097 4276 addimus
1133 4231 1448 4292 respicientes
1485 4232 1550 4282 ad
1588 4229 1951 4280 conclusionem
1984 4229 2233 4279 literarum
2270 4230 2471 4294 Kepleri
2492 4267 2506 4288 ,
2561 4230 2830 4296 Keplerum
2876 4239 3139 4296 cognatum
3185 4233 3337 4285 finisse

643 4299 724 4350 Jo.
773 4297 922 4347 Mich·
971 4297 1190 4349 Ficklero
1209 4335 1223 4360 ,
1280 4301 1378 4351 filio
1429 4301 1509 4352 Jo.
1565 4302 1774 4351 Fickleri
1827 4300 2085 4356 Wilensis‚
2152 4304 2289 4362 quus
2352 4309 2509 4353 mater
2569 4317 2702 4352 soror
2754 4303 2845 4352 fuit
2894 4303 3113 4360 Miilleri‚
3168 4307 3334 4367 proavi

647 4369 864 4432 Kepleri.
958 4370 1038 4420 Jo.
1098 4367 1250 4421 Mich.
1316 4372 1594 4430 Ficklerus,
1651 4386 1868 4422 assessor
1926 4385 2153 4422 camerae
2214 4371 2479 4436 Spirensis,
2554 4373 2781 4423 fundator
2841 4375 3065 4438 stipendii
3140 4376 3331 4428 Fickle·

645 4442 801 4500 riani,
855 4455 948 4505 quo
1001 4441 1206 4505 posthac
1241 4445 1490 4494 fruebatur
1534 4444 1734 4507 Kepleri
1780 4443 1907 4492 filius
1944 4443 2217 4493 Ludovicns
2239 4478 2253 4500 ,
2302 4445 2512 4494 decessit
2558 4457 2687 4494 anno
2732 4443 2881 4496 1587.
2956 4446 3067 4496 Joh.
3106 4447 3336 4510 Baptista

647 4511 912 4569 Ficklerus.
949 4527 1095 4576 quem
1130 4528 1278 4578 supra
1311 4515 1555 4579 Keplerus
1592 4516 1727 4572 dicit,
1767 4515 1919 4565 irater
1954 4520 2063 4564 erat
2097 4517 2202 4565 sine
2238 4514 2383 4565 dubio
2417 4516 2563 4570 illius,
2600 4515 2747 4565 theol.
2776 4524 2826 4568 et
2846 4519 3100 4580 jurisprud.
3130 4518 3331 4575 Doctor,

648 4583 873 4634 electoris
924 4583 1248 4636 Maximiliani
1293 4586 1332 4636 1.
1389 4594 1676 4650 praeceptor
1703 4623 1716 4643 ,
1767 4587 2069 4636 consiliarius
2124 4594 2175 4636 et
2218 4585 2575 4650 protonotarius
2630 4587 3027 4654 Salisburgensis.
3068 4614 3133 4624 --
3172 4589 3336 4639 Prima

648 4653 960 4718 epistolarum
1005 4655 1344 4716 Herwarti,
1401 4672 1528 4721 quae
1576 4660 1743 4709 insunt
1793 4658 1949 4708 codici
1982 4658 2343 4722 Petropolitano
2370 4693 2384 4714 ‚
2440 4658 2561 4707 data
2604 4657 2855 4710 Monachii
2901 4660 2948 4708 d.
2990 4657 3057 4708 24
3096 4659 3205 4710 Oct.
3246 4658 3330 4718 97,

645 4726 775 4776 haec
823 4725 998 4776 habet:
1055 4725 1224 4778 Salute
1269 4735 1319 4779 et
1353 4729 1618 4780 officiorum
1662 4729 2023 4794 studiorumque
2073 4729 2316 4780 oblatione
2368 4730 2649 4792 praemissis
2718 4733 2973 4782 certiorem
3026 4737 3077 4780 te
3132 4731 3332 4781 reddere

647 4796 793 4854 volni,
833 4795 919 4845 Vir
953 4796 1269 4855 Doctissime.
1318 4800 1486 4852 literas
1521 4817 1598 4852 me
1635 4810 1744 4852 tuas
1785 4799 1867 4850 17.
1906 4801 2041 4864 Sept.
2080 4801 2224 4850 datas
2258 4802 2384 4850 bene
2421 4799 2615 4861 quidem
2636 4837 2649 4856 ‚
2702 4809 2923 4852 attamen
2967 4800 3199 4852 hesterna
3244 4802 3329 4852 de-

649 4883 783 4920 mum
818 4867 924 4925 die,
962 4872 1227 4932 accepisse.
3136 4905 3139 4910 ·

791 4939 1031 4991 Laetatus
1067 4939 1134 4992 fui
1172 4957 1499 5007 summopere,
1538 4957 1648 4992 cum
1664 4977 1680 5003 ,
1718 4941 1810 4992 nisi
1848 4957 1925 4994 me
1964 4943 2153 4992 animus
2186 4940 2334 5004 plane
2370 4940 2538 4996 fallat.
2574 4943 2894 5004 perspexerim
2909 4978 2923 5000 ,
2980 4943 3065 4992 tibi
3117 4944 3245 4993 haec
3282 4952 3333 4996 et
