3634 5575
1558 361 1721 426 caput
1756 361 1847 412 111.
2399 367 2406 382 '
2927 363 3050 430 127

1190 569 1433 624 Humum
1638 531 1858 670 ΙΡΖαηα
1884 569 2098 624 Lata-a
2117 569 2320 640 Δπρυὶ.
2367 569 2584 642 ⁴Orbem
2605 573 2944 641 mipwm.

430 687 615 742 Cubus
872 670 969 768 ἶ
1035 669 1623 763 quadrangulus*—
1636 671 1648 856 Ι
1746 693 1783 746 6
1945 693 2016 747 12
2113 669 2308 749 *8*-
2385 693 2722 750 mediocrem.
2887 676 2906 682 “
2937 675 2971 684 '-

432 769 744 824 Octaedron
871 771 975 859 ‘g-
1035 771 1460 857 triangulum—
1473 851 1485 856 ‚
1509 848 1627 858 m„
1656 771 1785 858 -ξ
1843 848 1912 858 -.-
1932 773 2013 856 -12
2209 775 2244 828 6
2385 777 2522 829 cubo
2553 777 2858 846 aequalem.

428 867 821 923 Dodecaedron
904 865 941 920 ὁ
1036 869 1507 941 quinquangulum
1714 871 1781 925 12
1871 909 1876 922 .
1941 851 2094 926 50⁹⁷-
2170 871 2244 924 20
2383 873 2692 929 maximum.
2940 856 2971 864 ⁴-

430 947 753 1003 Icosaedron
870 925 973 1036 i„
1034 949 1377 1020 triangulum
1658 951 1781 1034 —30
1939 953 2015 1008 30
2175 951 2244 1005 12
2387 956 2570 1009 dodec.
2600 957 2905 1026 aequalem.

428 1047 770 1102 Tetraedron
853 987 865 1112 i
1037 1047 1377 1118 triangulum
1742 1027 1862 1103 4--
1977 1053 2012 1105 6
2208 1053 2246 1104 4
2395 1031 2678 1106 minimum.
2717 1033 2768 1038 μ’

488 1177 874 1244 (Annotationes
911 1195 939 1230 c
976 1185 1029 1229 et
1062 1179 1096 1230 d
1132 1179 1326 1230 addidit
1348 1179 1607 1244 Keplerus,
1648 1181 1930 1231 auctoribus
1953 1181 2079 1231 forte
2103 1180 2370 1232 Maestlino
2407 1182 2700 1248 reliquisque
2737 1186 2908 1234 amicis
2943 1155 3054 1234 'rus

348 1249 660 1316 bingensibus
700 1244 881 1316 [comp.
916 1265 965 1314 p.
995 1243 1087 1316 23]
1124 1251 1175 1300 in
1213 1251 1428 1301 editione
1465 1253 1583 1300 anni
1622 1247 1759 1302 1596
1780 1287 1794 1310 ,
1848 1253 2190 1318 subjunxitque
2235 1254 2286 1302 in
2338 1253 2416 1304 ed.
2464 1256 2758 1318 posteriore:
2818 1255 2927 1306 Hoc
2974 1262 3052 1304 cst

348 1317 602 1374 dimdium
636 1321 746 1372 libri
781 1324 880 1372 mel
916 1321 968 1372 11
1004 1322 1176 1372 Harm.
1216 1322 1279 1372 de
1314 1323 1638 1388 congruentia.
1670 1323 1928 1388 planorum
1963 1325 2013 1373 in
2050 1319 2246 1385 solido.)

505 1445 567 1518 e)
596 1451 719 1506 Non
745 1450 875 1505 illos
904 1451 1127 1516 solidos,
1164 1451 1310 1506 male
1338 1450 1428 1506 hic
1457 1467 1575 1504 sum
1602 1451 1919 1506 intellectus
1949 1467 1986 1506 a
2013 1450 2271 1523 Tyohone
2299 1451 2521 1508 Braheo
2551 1446 2684 1520 (vid.
2715 1469 2804 1523 ep.
2835 1453 3048 1524 Tycho·

348 1530 433 1586 nis
460 1530 518 1586 in
542 1530 821 1602 prooemio
847 1548 903 1601 p.
934 1527 1061 1598 44),
1094 1533 1188 1585 sed
1218 1531 1419 1602 spatia,
1448 1547 1699 1600 prorsum
1726 1531 1940 1603 quidem
1967 1530 2274 1595 circularia,
2313 1539 2379 1586 ut
2413 1532 2784 1588 revolutiones
2813 1533 3047 1588 siderum

347 1613 405 1666 in
449 1628 509 1668 se
536 1610 689 1680 ipsas
714 1611 894 1666 redire
942 1617 1002 1666 et
1039 1617 1343 1682 perpetuae
1373 1629 1495 1665 esse
1540 1619 1793 1682 possent;
1842 1628 2032 1666 versus
2075 1613 2233 1682 polos
2280 1612 2467 1666 itidem
2512 1612 2818 1676 circularia,
2866 1613 2920 1668 id
2959 1621 3050 1668 est

348 1692 661 1762 superficies
708 1691 1026 1762 sphaericae
1071 1697 1301 1762 propter
1342 1697 1519 1745 motus
1549 1691 1928 1754 latitudinum:
1977 1709 2084 1746 non
2113 1693 2254 1764 quod
2300 1691 2442 1762 polis
2483 1709 2620 1762 opus
2648 1692 2960 1758 habuerint,
3009 1710 3048 1748 a

350 1771 561 1844 quibus,
610 1779 675 1841 ut
716 1773 959 1842 sphaera
1000 1771 1322 1836 materialis,
1373 1771 1751 1844 affigerentur.
2121 1769 2125 1776 ’

506 1847 557 1922 f)
601 1852 849 1927 Corpora
891 1851 1146 1924 intellige
1173 1851 1514 1925 geometrica
1550 1852 1844 1924 regularia
1870 1852 2046 1907 solida
2073 1851 2334 1922 quinque;
2382 1853 2524 1906 haec
2563 1860 2627 1906 ut
2663 1853 3041 1924 archetypum,

347 1934 507 1986 orbes
552 1949 686 1987 vero
732 1939 797 1986 ut
841 1949 978 2003 opus
1024 1934 1433 1988 exstruendum.

503 2009 567 2084 g)
614 2012 754 2067 Vide
800 2013 896 2068 lib.
930 2013 971 2068 Ι.
1019 2012 1281 2067 Harmon.
1324 2013 1381 2065 in
1422 2027 1661 2081 prooem.
1706 2017 1767 2066 et
1809 2010 1907 2064 lib.
1939 2011 2008 2068 11.
2055 2027 2212 2082 prop.
2257 2010 2351 2065 25.
2401 2019 2458 2068 et
2497 2011 2592 2067 lib.
2625 2014 2692 2068 V.
2722 2029 2848 2083 cap.
2887 2015 2936 2067 l.
2983 2023 3044 2068 et

344 2094 495 2164 Epit.
535 2097 691 2149 Astr.
738 2091 838 2149 lib.
886 2092 980 2147 IV.

502 2169 571 2243 h)
616 2175 763 2227 Vere
792 2172 1007 2244 quidem
1036 2179 1137 2226 aut
1163 2171 1505 2241 sphaericum
1533 2170 1699 2225 etiam
1726 2169 1874 2224 inter
1900 2171 2076 2224 solida
2103 2172 2445 2236 censendum,
2487 2174 2628 2243 quod
2655 2174 2882 2245 globum
2911 2175 3038 2228 dici·

346 2271 489 2318 mus;
536 2261 637 2328 aut
677 2254 817 2308 haec
856 2269 1089 2324 corpora
1134 2250 1311 2304 solida
1354 2251 1457 2304 dici
1501 2268 1611 2305 non
1638 2256 1946 2312 merentur;
2002 2268 2104 2305 nec
2141 2249 2310 2305 'erant
2347 2268 2384 2307 a
2410 2253 2708 2317 soliditate,
2754 2253 2860 2308 hoc
2887 2261 2976 2308 est
3003 2273 3040 2309 a

346 2335 683 2406 perfectione
725 2333 889 2388 trium
930 2331 1319 2388 dimensionum
1360 2336 1690 2402 argumenta
1728 2332 1990 2394 texenda,
2037 2348 2138 2401 pro
2169 2331 2379 2386 orbium
2423 2333 2785 2388 exornatione
2822 2349 2925 2404 per
2950 2350 3034 2389 ea.

347 2415 491 2472 Nam
532 2422 593 2468 et
640 2414 749 2485 ipsi
788 2415 949 2468 orbes
999 2412 1121 2481 (seu
1167 2407 1382 2482 spatia)
1432 2411 1555 2468 cari
1580 2417 1725 2474 sunt,
1772 2417 1834 2466 et
1877 2409 2089 2481 figurae
2135 2410 2242 2465 hae
2283 2412 2354 2466 ob
2381 2413 2436 2466 id
2472 2413 2685 2467 nobiles
2713 2421 2859 2477 sunt,
2911 2413 3040 2483 quia

349 2494 622 2566 sphaerici
658 2494 1051 2564 perfectionem
1091 2491 1395 2546 omnimoda
1421 2489 1766 2545 conclusione
1794 2491 1980 2561 spatii,
2027 2491 2169 2562 quod
2207 2492 2501 2562 amplexae
2529 2499 2675 2558 sunt,
2725 2509 2886 2564 quam
2912 2507 3038 2563 pro—

347 2575 495 2630 xime
524 2575 888 2630 aemnlantur.
969 2572 1229 2628 So‘liditas
1256 2587 1387 2626 vero
1414 2578 1530 2628 tam
1557 2567 1616 2624 in
1642 2569 1832 2641 globo,
1874 2586 2036 2641 quam
2079 2571 2136 2624 in
2161 2570 2248 2625 his
2285 2571 2496 2644 figuris,
2540 2579 2629 2628 est
2654 2573 2902 2644 genuina
2927 2589 3038 2630 ma·

348 2655 524 2712 toriae
565 2654 693 2710 idea
734 2661 801 2710 nt
840 2653 1156 2726 superficies
1200 2651 1425 2708 formae.
2928 2684 2932 2688 -

1484 2980 1721 3081 Caput
1771 2980 1905 3058 111.

610 3141 800 3222 Quod
842 3141 1001 3207 haec
1042 3142 1311 3223 quinque
1355 3158 1625 3223 corpora
1666 3140 1739 3203 ἐπ
1782 3139 1944 3207 duos
1986 3140 2243 3203 ordines
2286 3139 2794 3223 diximum,-

1130 3237 1192 3292 et
1234 3230 1398 3311 quod
1444 3228 1653 3293 Terra
1693 3236 1861 3293 recte
1903 3224 2114 3293 locata
2154 3228 2254 3295 cit.

520 3373 707 3435 Porro
754 3379 956 3435 autem
1013 3373 1322 3435 fortuitum
1376 3371 1487 3433 hoc
1551 3369 1740 3431 videri
1800 3378 2012 3451 posset
2073 3377 2252 3452 atque
2308 3390 2347 3433 a
2389 3369 2554 3434 nulla
2596 3372 2788 3433 fluens
2833 3388 3038 3447 causa,

349 3463 504 3545 quod
549 3482 658 3524 sex
702 3461 877 3524 orbes
916 3460 1236 3543 Copernici
1278 3458 1575 3539 recipiant
1618 3458 1777 3521 intra
1823 3477 1966 3521 suas
2011 3460 2182 3521 unius
2230 3460 2306 3522 ab
2353 3459 2471 3522 alio
2519 3458 2842 3522 distantias
2887 3460 3038 3521 haec

349 3552 601 3633 quinque
648 3570 935 3635 corpora,
991 3550 1108 3614 nisi
1150 3550 1203 3613 is
1248 3551 1378 3631 ipse
1426 3548 1570 3613 ordo
1619 3554 1784 3610 esset
1827 3548 1986 3610 inter
2029 3548 2172 3622 illa,
2233 3568 2346 3630 quo
2395 3548 2599 3611 ordine
2644 3566 2754 3627 ego
2801 3547 3039 3628 singula

346 3638 719 3703 interlocavi.
810 3640 971 3703 Nam
1017 3641 1069 3703 si
1116 3639 1411 3703 Saturnus
1455 3636 1594 3699 Jovi
1620 3645 1766 3699 tam
1810 3636 2177 3718 propinquus
2233 3644 2413 3712 esset,
2465 3656 2642 3717 quam
2691 3644 2787 3698 est
2830 3636 3038 3698 Venus

348 3728 600 3805 Telluri,
652 3729 915 3792 vicissim
960 3728 1013 3792 si
1058 3728 1173 3793 hae
1221 3730 1371 3791 duae
1418 3726 1495 3789 ab
1543 3724 1796 3790 invicem
1841 3734 2015 3788 tanto
2060 3726 2378 3788 intervallo
2428 3726 2932 3809 distinguerentur
2977 3726 3036 3787 in

346 3816 695 3901 ceper-nico,
745 3827 965 3901 quanto
1004 3818 1444 3899 distinguuntur
1470 3814 1706 3896 Jupiter
1738 3824 1801 3877 et
1826 3816 2027 3903 Mars:
2078 3816 2195 3877 alio
2243 3815 2447 3877 ordine
2494 3814 2779 3878 utendum
2825 3814 3037 3877 fuisset

343 3908 402 3972 in
448 3909 781 3972 inserendis
828 3908 1191 3989 corporibus,
1282 3906 1469 3969 Feret
1512 3905 1668 3967 enim
1713 3906 1871 3967 inter
1927 3906 2076 3967 duos
2139 3904 2364 3985 primos
2420 3905 2598 3966 orbes
2655 3902 2844 3985 primo
2905 3903 3036 3966 loco

343 3996 756 4061 dodecaedron
815 3995 913 4060 vel
966 3996 1350 4071 icosaedron‚
1415 4002 1627 4075 quarto
1686 4013 1828 4056 vero
1885 3995 2016 4056 loco
2071 3995 2436 4056 tetraedron.
2528 3992 2648 4065 Qui
2701 3992 2844 4055 ordo
2906 4011 3038 4054 cum

342 4105 458 4149 non
503 4086 701 4167 possit
746 4085 982 4149 admitti
1026 4085 1357 4149 rationibus
1403 4083 1874 4159 mathematicis,
1939 4083 2116 4145 facile
2164 4084 2322 4146 foret
2365 4082 2718 4146 futilitatem
2763 4081 3036 4165 concepti

342 4176 728 4240 theorematis
774 4175 1140 4260 patefacere.
1206 4175 1380 4239 Nunc
1428 4182 1629 4235 autem
1654 4172 1960 4235 videamus
2003 4192 2131 4248 noe,
2183 4172 2465 4253 ecquibus
2511 4170 2843 4235 rationibus
2889 4188 3033 4251 pro-

342 4264 542 4342 betur,
604 4264 881 4327 debuisse
925 4266 1039 4327 hoc
1082 4265 1217 4349 ipso
1264 4264 1469 4325 ordine
1516 4261 1750 4343 disponi
1798 4281 2050 4342 corpora
2093 4263 2250 4324 inter
2295 4260 2490 4325 orbes.
2582 4260 2762 4325 Initio
2809 4260 3032 4323 distin-

340 4362 599 4437 guuntur
642 4355 795 4417 haec
842 4372 1091 4436 corpora
1136 4354 1194 4415 in
1244 4353 1363 4414 tria
1406 4351 1707 4431 primaria,
1756 4351 1988 4423 cubum,
2032 4350 2420 4426 tetralidrum‚
2469 4350 2922 4425 dodecaedrum,
2973 4357 3034 4413 et

341 4444 455 4507 duo
521 4442 908 4518 secundaria,
973 4442 1320 4505 octaedrum
1383 4449 1445 4503 et
1507 4440 1900 4502 icosaedrum.
2003 4438 2295 4521 Quodque
2353 4440 2730 4503 verissimum
2783 4439 2894 4501 hoc
2951 4438 3032 4501 sit

222 4548 226 4553 ·
340 4533 683 4609 discrimen,
734 4540 879 4594 nota
922 4530 1229 4614 utriusque
1276 4528 1513 4611 generis
1559 4528 1980 4610 proprietates
2077 4526 2145 4604 1)
2201 4529 2494 4591 Primaria
2536 4529 2716 4609 plano
2761 4528 2922 4591 inter
2966 4546 3032 4591 se

340 4608 654 4708 differunt,
720 4620 1076 4687 secundaria
1126 4628 1372 4682 utuntur
1426 4616 1633 4679 eodem
1678 4617 2068 4697 triangulari;
2138 4616 2208 4707 2)
2267 4616 2678 4705 primariorum
2725 4616 3033 4717 quodlibet

337 4698 635 4794 proprium
681 4710 866 4774 habet
907 4708 1191 4790 planum:
1242 4708 1427 4772 cubus
1464 4708 1839 4789 quadratum,
1882 4706 2146 4791 pyramis
2189 4706 2569 4787 triangulum,
2617 4704 3028 4770 dodecaedron

341 4801 881 4884 quinquangulum:
930 4798 1285 4861 secundaria
1309 4798 1550 4877 planum
1578 4794 1938 4875 triangulum
1967 4788 2335 4879 a‘pyramide
2365 4803 2725 4880 mutuantur.
2785 4790 2858 4871 3)
2886 4794 3026 4859 Pri-

337 4891 529 4957 maria
575 4889 777 4955 omnia
820 4888 1077 4975 simplici
1118 4893 1363 4952 utuntur
1400 4885 1638 4973 angulo,
1684 4904 1898 4973 nempe
1943 4886 2134 4951 tribus
2178 4885 2375 4970 planis
2422 4884 2874 4985 comprehenso:
2921 4905 3026 4951 se·-
