3634 5575
607 399 738 466 416
1213 403 1414 456 utem
1449 403 1655 470 Keplerl
1693 405 1757 458 de
1794 403 2093 456 calendario
2128 403 2177 454 in
2220 417 2409 455 annum
2446 401 2729 456 Mnxclx.

607 580 848 644 congruit,
896 579 998 629 sive
1027 577 1091 640 Θ
1129 578 1280 641 ipsius
1305 577 1502 630 dissono
1544 593 1689 630 cursu
1725 587 1777 630 et
1813 579 1937 630 coeli
1960 579 2130 644 aliqua
2160 582 2353 630 ratione
2377 587 2587 639 mutato,
2630 581 2732 630 sive
2763 581 2993 629 universa
3014 577 3212 629 Tellure
3236 576 3357 626 ali·

606 650 722 714 quid
749 663 782 699 a
807 657 977 700 centro
1001 665 1090 701 suo
1119 652 1322 714 dimota,
1370 656 1427 700 ut
1445 650 1746 716 deprehendi
1785 657 1839 701 et
1872 651 1926 699 in
1962 651 2073 701 aliis
2115 651 2236 702 locis
2274 652 2519 716 accipio.“
2550 679 2617 690 -
2654 648 2895 715 (Kepl.:
2932 649 3029 700 Hic
3052 650 3355 700 rectissime

607 720 776 841 Tychio
815 723 1136 852 resp)onderit,
1182 725 1411 792 ampliari
1433 723 1680 773 interdum
1705 723 1873 773 orbem
1900 719 1966 782 Θ
1988 757 2005 781 ,
2048 723 2141 774 sed
2164 737 2264 774 non
2302 723 2495 774 indicat
2516 730 2711 788 tempus
2734 722 2937 787 periodi.
3008 720 3133 771 Mihi
3154 723 3355 784 itaque

605 807 705 840 non
761 793 910 856 ‘quet-
1305 851 1312 860 θ

799 863 968 914 Facile
1009 867 1286 930 admittam,
1331 866 1491 919 Plinio
1518 869 1570 914 ct
1595 863 1703 912 aliis
1720 864 1878 928 risum
1900 878 2030 919 esse.
2076 863 2288 914 obelisco
2326 879 2424 914 non
2466 863 2673 927 amplius
2699 863 2949 928 designari
2972 869 3200 926 tempora
3216 876 3349 912 ear-

606 933 812 992 dinalia,
841 937 1076 1001 cumipse
1096 939 1302 997 Plinius,
1333 933 1623 990 Columella..
1652 933 1883 984 Eudoxus
1910 941 1962 983 et
1989 933 2231 984 Chaldaei
2254 935 2546 999 perhibeant
2572 935 2857 993 credidisse,
2896 931 2960 994 Θ
2988 935 3034 984 d.
3066 929 3149 1000 182
3170 931 3346 982 Mart.

605 1005 827 1054 Arietem
855 1007 1064 1072 ingredi,
1091 1015 1142 1059 et
1165 1011 1216 1059 in
1242 1017 1424 1061 octava
1449 1007 1631 1058 Arietis
1655 1011 1797 1068 parto
1838 1003 1888 1054 d.
1920 1003 2004 1054 25.
2033 1004 2185 1056 Mart.
2214 1007 2581 1071 aequinoctium
2608 1007 2824 1056 efficere.
2898 1005 2958 1054 Id
2982 1005 3152 1068 procul
3178 1003 3347 1053 dubio

606 1075 848 1125 obeliscus
889 1093 990 1128 non
1032 1081 1266 1139 ostendit,
1301 1083 1374 1132 uti
1410 1091 1600 1144 quoque
1623 1077 1804 1126 falsum
1830 1091 1939 1126 esse
1964 1091 2063 1126 non
2089 1078 2275 1135 dubito,
2314 1077 2405 1127 sed
2426 1091 2551 1127 sane
2590 1077 3133 1141 nonduminvestigare
3166 1078 3343 1140 potui,

605 1159 852 1210 quaenam
897 1163 1054 1200 causa
1093 1153 1300 1202 moverit
1333 1159 1544 1204 veteres,
1580 1155 1639 1197 ut
1669 1144 1732 1208 Θ
1759 1149 2037 1212 ingressum
2071 1149 2122 1197 in
2161 1147 2214 1210 ’Υ
2254 1148 2302 1197 d.
2340 1147 2418 1198 18.
2444 1147 2594 1198 Mart.
2644 1155 2697 1198 et
2732 1149 2783 1196 in
2818 1153 3001 1198 octava
3038 1151 3145 1210 ejus
3182 1155 3345 1212 parte

607 1218 970 1280 aequinoctium
1005 1227 1300 1281 statuerent,
1346 1239 1458 1274 cum
1495 1219 1810 1270 Ptolemaeus
1851 1219 2193 1268 Aristarchum
2227 1225 2428 1269 secutus
2474 1219 2839 1284 aequinoctium
2886 1219 2938 1268 in
2984 1221 3144 1282 prima
3182 1226 3345 1282 parte

608 1287 662 1349 Τ
689 1291 975 1352 constituat,
1003 1298 1056 1341 et
1079 1299 1208 1343 teste
1233 1294 1442 1344 Manilio
1488 1291 1638 1355 aliqui
1662 1291 1716 1338 in
1739 1289 1936 1338 decima
1961 1296 2104 1353 parte
2128 1289 2179 1338 id
2204 1291 2523 1354 signaverint.
2570 1315 2629 1326 -—
2672 1287 2877 1354 (Kopl.
2900 1306 2912 1338 ι
2952 1289 3171 1340 Causam
3198 1288 3341 1339 Sca-

604 1358 730 1422 liger
753 1359 884 1410 banc
909 1363 1078 1418 tradit.
1103 1366 1222 1428 quia
1241 1377 1452 1434 τροπαι
1488 1365 1622 1412 circa
1645 1359 1695 1409 8.
1733 1375 1766 1409 a
1788 1359 1996 1409 solstitio
2036 1360 2166 1411 diem
2190 1361 2435 1425 incipiunt
2472 1361 2812 1410 animadverti.
2886 1359 3021 1410 Nam
3061 1361 3345 1410 solstitium

607 1436 684 1480 est
715 1432 856 1494 quies
881 1433 1064 1484 durans
1090 1433 1156 1483 14
1183 1436 1288 1486 dies
1314 1443 1432 1486 ante
1457 1440 1606 1490 rotro,
1649 1445 1827 1500 τροπη
1868 1438 1944 1480 est
1968 1439 2129 1482 motus
2166 1437 2217 1482 et
2245 1431 2487 1482 sensibilis
2512 1440 2689 1482 motus.
2762 1431 2921 1497 Igitur
2946 1432 3013 1482 ad
3036 1431 3347 1496 analogiam

607 1501 922 1553 solstitiorum
960 1507 1398 1557 accommodarunt
1433 1513 1485 1557 et
1521 1497 1881 1569 aequinoctia.)
