3634 5575
1527 392 1850 446 Prooemium.
2916 396 3053 465 225

329 558 450 609 quos
499 546 654 597 'etiam
693 553 770 596 est
805 548 1217 599 Franciscus
1255 548 1632 612 Patricius,
1683 554 1766 617 qui
1801 556 1909 616 ejus
1945 554 2247 605 mentionem
2284 554 2335 604 in
2372 554 2563 605 erudito
2616 556 2743 607 alias
2796 556 2881 607 De
2926 570 3059 609 nova

325 614 647 680 Philosophia
684 619 928 669 volumine
967 616 1136 681 (Nova
1171 621 1232 670 de
1270 620 1522 673 Universis
1555 622 1890 687 Philosophia,
1926 625 2062 675 libris
2088 625 2147 675 L.
2188 622 2565 689 comprehensa)
2602 628 2741 684 facit,
2778 628 2821 678 is
2856 628 3055 693 quidem

321 702 528 737 meam
565 702 674 739 esse
711 704 940 755 expresse
977 693 1180 749 asserit,
1231 693 1320 742 sed
1356 706 1469 743 eam
1515 696 1592 744 ita
1643 697 1879 759 pervertit
1938 703 1991 746 et
2027 710 2115 760 per
2150 698 2482 763 ignorantiam
2518 698 2649 747 male
2706 700 3055 750 accommodat

324 764 374 807 et
413 765 590 809 contra
625 775 742 811 mea
775 763 928 825 ipsius
963 764 1216 825 postulata
1252 770 1304 813 et
1339 770 1564 815 assumta
1589 780 1703 817 eam
1727 768 2017 831 coinquinat
2052 774 2104 816 et
2136 769 2431 828 insectatur,
2470 774 2528 817 ut
2562 770 2775 832 plurima
2809 770 2957 821 isthic
2994 782 3056 821 ex

323 831 478 892 ipsius
513 831 754 881 relatione
791 834 1022 897 apposita
1055 849 1140 897 pro
1176 837 1300 885 meis
1335 850 1434 885 non
1475 850 1760 900 agnoscam,
1799 838 1931 901 quod
1967 838 2121 889 etiam
2156 838 2350 902 publice
2386 841 2711 903 protestabor.

467 898 568 951 Sed
606 902 669 951 de
703 903 962 968 hypothesi
997 904 1094 954 hac
1129 905 1208 955 vel
1245 906 1348 955 alia
1369 922 1470 956 non
1494 908 1700 957 multum
1727 908 2107 966 altercabimurz
2145 911 2369 973 quaestio
2408 916 2501 967 est,
2538 911 2647 975 quis
2673 924 2784 961 eam
2808 912 3055 961 rationem

321 973 544 1023 invenire
579 976 752 1036 possit,
809 981 914 1024 tam
951 977 1004 1025 in
1039 978 1402 1040 quantitatibus
1441 984 1493 1027 et
1527 980 1826 1029 motionibus
1864 980 2109 1031 continuis
2146 994 2294 1043 quam
2331 980 2572 1039 discretis,
2611 986 2669 1030 ut
2702 980 3055 1044 phaenomena

241 1086 248 1091 .
321 1042 565 1093 coelestia
599 1059 690 1107 per
725 1048 893 1095 omnia
927 1046 1196 1097 salventur.
1273 1048 1414 1105 „Hoc
1451 1064 1590 1112 opus,
1627 1050 1710 1099 hic
1744 1050 1887 1099 labor
1922 1058 2015 1111 est,
2054 1056 2109 1099 et
2142 1052 2215 1099 sic
2250 1058 2533 1114 spectemur
2568 1052 2815 1117 agendo-¹⁶

465 1111 633 1175 Porro,
675 1117 915 1180 siqnidem
953 1118 1016 1167 ab
1053 1120 1192 1168 initio
1228 1121 1452 1174 innuisti.
1489 1126 1540 1169 te
1579 1134 1612 1169 a
1631 1119 1905 1171 Maestiino
1928 1123 2137 1185 primum
2166 1122 2257 1171 tibi
2294 1136 2329 1173 a
2360 1137 2443 1173 me
2478 1124 2743 1186 inscriptas
2780 1124 3051 1186 accepisse,

319 1184 408 1249 qui.
443 1187 614 1241 etiam.
653 1202 776 1251 quas
815 1188 882 1237 ad
915 1189 1054 1238 illum
1091 1190 1343 1247 dederam,
1381 1197 1548 1239 tecum
1585 1194 1982 1247 communicavit.
2018 1194 2165 1241 miror
2179 1227 2193 1252 ,
2248 1194 2409 1255 ipsum
2444 1208 2539 1243 nec
2574 1194 2670 1243 illis
2720 1207 2882 1258 neque
2920 1194 3049 1254 aliis,

319 1270 446 1319 quas
481 1258 616 1319 prius
629 1294 644 1317 ,
697 1259 794 1308 imo
833 1266 952 1309 ante
1000 1260 1186 1324 aliquot
1235 1274 1394 1311 annos
1437 1264 1696 1319 miseram,
1745 1264 1997 1326 quippiam
2042 1270 2185 1313 tanto
2231 1269 2451 1329 tempore
2486 1263 2783 1327 respondere
2817 1264 3047 1315 voluisse.

319 1328 401 1375 An
436 1326 536 1375 hoc
572 1330 637 1377 sit
671 1330 760 1379 viri
795 1332 1000 1395 ingenui
1037 1339 1088 1381 et
1133 1331 1499 1383 mathematicis
1545 1334 1812 1397 disciplinis
1856 1335 2063 1385 solerter
2108 1334 2281 1384 imbuti
2297 1366 2314 1391 ,
2364 1341 2473 1383 tute
2520 1335 2749 1391 aestima.
2820 1334 2937 1384 Non
2974 1341 3053 1385 est

321 1398 448 1447 alins
485 1398 606 1448 mihi
641 1402 788 1450 moris
805 1436 820 1457 ‚
857 1402 1054 1465 ignotos
1091 1403 1244 1452 literis
1280 1404 1596 1466 praevenire,
1633 1404 1724 1453 sed
1759 1405 2077 1468 utplurimum
2114 1405 2179 1455 ab
2215 1404 2311 1455 illis
2346 1406 2625 1468 praeveniri
2660 1406 2795 1455 soleo
2812 1440 2827 1465 ,
2866 1404 3051 1455 nedum

318 1475 378 1517 ut
415 1469 480 1518 ad
516 1484 658 1521 meas
693 1478 838 1521 tanto
873 1480 1152 1536 temporum
1184 1480 1350 1523 tractu
1375 1477 1740 1537 responsionem
1765 1476 1957 1526 nullam
1978 1476 2231 1540 recipiam.
2290 1474 2391 1526 Sed
2426 1478 2479 1525 in
2514 1481 2764 1539 posterum
2800 1476 2866 1533 ei,
2902 1490 3051 1540 quem

319 1538 512 1601 plurimi
549 1556 745 1606 semper
779 1543 908 1601 feci,
960 1544 1034 1592 uti
1079 1546 1265 1608 scripta
1299 1559 1416 1596 mea
1449 1547 1503 1595 in
1537 1546 1789 1609 publicum
1828 1548 1967 1597 edita
2000 1548 2171 1597 testu-i
2208 1553 2471 1610 poterunt,
2521 1548 2647 1597 meis
2690 1548 2931 1612 ingrau's.
2972 1547 3049 1597 ufl

317 1610 462 1661 video
475 1646 490 1667 ,
528 1613 684 1663 literis
719 1628 818 1663 non
857 1628 940 1664 ero
975 1616 1226 1665 molestus.

459 1682 672 1733 Placent
707 1686 828 1741 tibi,
877 1700 1006 1750 quae
1059 1686 1126 1735 ad
1173 1686 1309 1737 illum
1345 1692 1398 1737 et
1445 1694 1500 1737 te
1535 1688 1598 1737 de
1634 1704 1688 1739 re
1723 1690 2061 1741 astronomica
2092 1688 2281 1752 scripsi.
2356 1689 2511 1753 Atqui
2546 1702 2613 1739 ea
2644 1702 2703 1737 se
2736 1688 2811 1737 sic
2846 1688 3045 1739 omniuo

315 1752 502 1803 habere
517 1790 532 1809 .
587 1762 720 1805 certo
759 1757 1065 1819 exploratum
1101 1757 1260 1808 habeo
1281 1794 1296 1815 ,
1347 1758 1599 1824 multoque
1643 1760 1790 1823 plura
1827 1766 1879 1809 et
1910 1760 1987 1809 his
2023 1762 2217 1823 majora
2252 1758 2417 1809 adhuc
2453 1760 2685 1810 abstrusa
2726 1772 2866 1817 esse,
2916 1772 3047 1823 quae

299 1830 690 1876 autecessorum
739 1834 846 1877 tam
910 1834 1134 1878 veterum
1185 1844 1332 1893 quam
1379 1832 1710 1881 recentiorum
1753 1831 2065 1895 diligentiam
2102 1830 2367 1881 eluserunt.
2458 1830 2680 1887 Suades,
2732 1830 2831 1879 imo
2880 1828 3049 1879 multis

315 1896 612 1951 rationibus.
651 1912 774 1963 quas
814 1914 906 1965 ego
940 1914 1042 1949 non
1079 1901 1316 1964 improbo,
1353 1901 1652 1965 persuadere
1689 1904 1903 1959 conaris,
1939 1908 1997 1953 ut
2020 1903 2385 1953 ohservationes
2413 1915 2553 1951 meas
2588 1900 2831 1951 coelestes
2866 1899 3051 1964 publici

313 1967 438 2028 iuris
479 1967 696 2023 faciam,
737 1970 868 2034 quod
903 1970 1098 2035 quidem
1134 1986 1223 2020 suo
1259 1978 1480 2035 tempore
1515 1983 1772 2035 praestare
1807 1988 1909 2023 non
1946 1973 2263 2030 detrectabo,
2302 1986 2415 2023 cum
2449 1970 2557 2030 his,
2594 1985 2727 2037 quae
2762 1977 2819 2021 tu
2854 1971 3051 2021 affati-

319 2037 541 2099 adducis,
582 2046 686 2089 tum
724 2041 832 2090 aliis
871 2041 932 2091 de
971 2042 1151 2092 causis.
1217 2040 1402 2091 Verum
1439 2050 1544 2093 tam
1581 2046 1680 2093 cito
1717 2046 1770 2095 id
1805 2044 2019 2103 efficere,
2060 2050 2327 2108 antequam
2364 2044 2597 2107 pleraque
2635 2057 2697 2093 ex
2730 2044 2811 2099 iis,
2848 2056 2979 2106 quae
3016 2054 3051 2091 a

317 2122 398 2157 me
437 2110 490 2157 in
527 2114 870 2161 astronomicis
906 2114 1192 2163 instaurata
1227 2122 1344 2163 sunt
1379 2120 1528 2178 atque
1563 2115 1905 2166 selectioribus
1940 2130 2003 2165 ex
2036 2115 2211 2165 iisdem
2246 2114 2666 2163 observationibus
2704 2112 2941 2169 fundata,
2994 2110 3049 2161 in

317 2180 482 2229 lucem
517 2181 808 2245 prodierint,
843 2198 944 2231 non
981 2184 1260 2235 consultum
1298 2184 1456 2241 duco;
1491 2199 1610 2235 nam
1635 2192 1835 2249 praetor
1860 2188 1963 2235 alia
1994 2186 2091 2237 hoc
2126 2187 2303 2249 ipsum.
2340 2185 2469 2249 quod
2504 2190 2561 2233 tu
2596 2184 2659 2233 de
2694 2182 3047 2247 hypothesibus

315 2253 442 2301 meis
479 2255 752 2316 praereptis
789 2264 842 2303 et
877 2255 940 2304 de
980 2254 1212 2319 Cypriani
1251 2252 1510 2317 (Leovitii)
1547 2256 1971 2320 Ephemeridibus‚
2010 2258 2121 2306 aliis
2156 2256 2321 2321 quoad
2354 2262 2549 2318 partem
2584 2255 2833 2305 attributis
2868 2260 2923 2303 et
2956 2253 3045 2305 de·

315 2324 556 2385 pravatis,
593 2326 761 2382 refers,
801 2331 956 2375 terret
991 2334 1142 2391 atque
1177 2327 1452 2377 dissuadet.
1509 2326 1806 2378 Obtinebitis
1852 2335 2022 2378 nmen
2068 2327 2335 2392 aliquando
2370 2328 2571 2377 favente
2608 2326 2813 2377 coelesti
2846 2326 3049 2375 numine

261 2406 279 2415 ‘
319 2407 384 2441 ea
397 2428 412 2450 ,
451 2407 580 2458 quae
621 2409 654 2445 a
687 2410 768 2445 me
803 2397 1024 2460 plurimis
1062 2399 1206 2447 annis
1241 2398 1294 2446 in
1331 2398 1624 2448 coelestibus
1661 2399 1905 2449 denotata
1938 2404 2055 2448 sunt
2068 2432 2083 2455 ,
2120 2412 2221 2447 non
2256 2396 2453 2461 quidem
2488 2404 2595 2447 tam
2629 2410 2817 2447 manca
2850 2403 2903 2445 et
2936 2409 3045 2445 mu-

317 2464 443 2521 tila,
481 2480 548 2515 ne
585 2466 750 2517 dicam
783 2468 1010 2525 incerta,
1047 2476 1194 2531 prout
1229 2482 1294 2519 ea
1327 2476 1468 2525 sunt,
1525 2483 1654 2534 quae
1688 2470 1913 2533 pauculis
1950 2470 2135 2521 chartis
2168 2467 2426 2518 mandavit
2460 2467 2727 2517 Wernerus
2774 2466 2853 2517 vel
2886 2468 3051 2529 potius

317 2534 432 2585 Joh.
473 2534 754 2599 schonerus
793 2534 937 2599 (nam
971 2539 1198 2589 Werneri
1233 2540 1496 2590 observata
1531 2540 1670 2589 nulla
1703 2541 1835 2597 vidi;
1874 2548 1931 2590 tu
1966 2542 2011 2589 si
2044 2554 2173 2604 quae
2208 2539 2365 2589 habes
2402 2535 2755 2600 communica),
2792 2552 2827 2587 a
2858 2536 3047 2603 Regio·

319 2613 558 2657 montano
597 2616 650 2658 et
687 2608 958 2659 Gualthero
993 2610 1190 2669 relicta.
1225 2611 1316 2661 sed
1353 2618 1536 2661 exacta
1569 2612 1758 2676 sibique
1797 2613 2101 2669 constantia,
2142 2616 2293 2675 atque
2328 2612 2381 2660 in
2420 2616 2569 2661 tanta
2596 2608 2747 2665 simul
2786 2608 2956 2672 copia,
2990 2614 3051 2659 ut

319 2678 400 2726 vix
435 2693 618 2743 magno
657 2681 868 2745 quodam
902 2681 1148 2731 volumine
1183 2683 1454 2747 constringi
1490 2688 1692 2747 queant.

461 2750 746 2816 Adjungam
782 2759 981 2815 praeter
1015 2752 1190 2803 librum
1227 2754 1678 2819 Epistolarnm,
1727 2754 1790 2805 de
1829 2768 1923 2819 quo
1959 2768 2135 2818 supra,
2173 2752 2559 2804 Mechanica
2591 2756 2765 2802 nostra
2796 2750 3043 2816 hucspe-

319 2822 532 2878 ctantia,
571 2838 700 2886 quae
734 2825 1082 2880 instrumenta,
1119 2826 1292 2889 quibus
1330 2826 1462 2877 ultra
1499 2824 1568 2874 20
1603 2841 1763 2876 annos
1799 2841 1919 2875 usus
1954 2841 2091 2882 sum,
2132 2825 2547 2888 complectuntur,
2586 2823 2627 2872 si
2664 2822 2919 2873 commode
2954 2822 3047 2872 tibi
3146 2825 3152 2834 '

317 2891 488 2960 Praga
525 2894 704 2944 adferri
741 2902 988 2958 poterunt.
1047 2895 1122 2946 Ex
1157 2897 1388 2960 Epistolis
1425 2905 1626 2960 praeter
1662 2898 1765 2949 alia
1799 2899 1933 2962 prius
1954 2899 2211 2946 insinuata
2242 2895 2527 2960 perspicies,
2566 2907 2631 2944 an
2648 2907 2745 2944 eae
2768 2900 2875 2944 tam
2906 2893 3047 2958 parvi

329 2967 570 3014 momenti
606 2972 756 3030 atque
791 2967 990 3016 inutiles
1027 2968 1127 3016 sint
1140 3002 1156 3025 ,
1192 2967 1344 3017 veluti
1380 2983 1502 3031 prae
1539 2970 1692 3019 animi
1726 2970 2023 3032 impotentia.
2056 2973 2356 3018 occaecatus
2390 2965 2474 3016 ille
2512 2979 2689 3014 censor
2720 2965 2853 3020 vult,
2890 2969 2945 3014 et
2978 2975 3049 3014 aa

327 3035 706 3086 laudatissimae
741 3039 1010 3088 memoriae
1044 3038 1360 3103 Landgravio
1395 3039 1658 3090 wilhelmo
1693 3040 1946 3104 quidpiam
1982 3040 2237 3104 derogent,
2274 3038 2427 3088 veluti
2460 3037 2595 3086 idem
2626 3035 2955 3120 impudenter,
2988 3039 3051 3086 ut

325 3106 426 3154 filio
463 3109 570 3167 ejus
606 3123 686 3158 me
723 3109 932 3158 invisum
977 3110 1208 3164 redderet
1221 3145 1236 3168 ,
1287 3117 1594 3160 commentus
1639 3118 1730 3161 est.
1808 3111 1883 3160 Ex
1917 3109 2226 3161 Machanicis
2276 3109 2509 3172 colliges,
2560 3114 2747 3170 quanto
2794 3106 3047 3156 molimine

325 3180 658 3229 astronomiae
694 3180 1165 3244 redintegrationem
1203 3194 1466 3245 aggressus
1504 3184 1613 3238 sim,
1649 3187 1935 3246 quantaque
1968 3183 2023 3230 in
2056 3181 2133 3230 his
2176 3193 2295 3230 usus
2326 3179 2589 3243 diligentia
2623 3179 2919 3244 quantisque
2952 3179 3045 3226 im·

323 3249 509 3310 pensis.
583 3249 810 3300 Invenies
849 3253 1000 3300 etiam
1035 3252 1218 3302 ibidem
1257 3253 1392 3302 circa
1423 3255 1742 3316 posteriorem
1779 3259 1973 3315 partem
2010 3253 2435 3316 consignationem
2474 3263 2667 3306 eorum,
2704 3263 2835 3314 quae
2868 3247 3045 3299 hacte-

321 3333 418 3368 nus
441 3320 494 3368 in
519 3318 612 3370 hoc
647 3335 832 3385 genere
869 3322 1140 3372 studiorum
1167 3323 1433 3380 exantlavi,
1471 3337 1696 3388 quaeque
1731 3325 1784 3372 in
1807 3329 2073 3386 posterum,
2114 3323 2368 3386 aspirante
2394 3321 2681 3371 coelestium
2706 3319 2897 3402 opifice.
2932 3333 3045 3383 per·

323 3390 546 3440 texenda
579 3397 790 3450 restant,
829 3398 936 3440 tum
971 3408 1162 3458 quoque
1199 3393 1368 3444 literas
1403 3395 1516 3443 illas
1553 3394 1792 3444 laudatae
1828 3395 2097 3444 memoriae
2120 3393 2187 3442 D.
2214 3393 2393 3444 Jacobi
2421 3391 2575 3442 Curtii
2602 3395 2657 3440 et
2679 3389 2891 3456 Msgnu,
2928 3403 3055 3455 qua-

323 3476 434 3510 rum
471 3468 628 3513 antea
662 3463 964 3514 mentionem
1003 3466 1115 3514 feci.
1171 3462 1420 3514 Misissem
1443 3465 1774 3515 illuminatum
1813 3461 1911 3525 (uti
1935 3461 2141 3522 vocant)
2178 3463 2447 3528 exemplar,
2484 3476 2578 3526 quo
2616 3462 2854 3524 promtius
2890 3462 3059 3512 omnia

327 3531 634 3584 discerneres
650 3569 664 3590 ‚
701 3533 791 3584 sed
828 3549 960 3584 nunc
997 3550 1095 3585 non
1133 3538 1364 3600 suppetit.

469 3603 604 3656 Hinc
641 3605 748 3654 adit
783 3605 953 3668 Tycho
989 3605 1310 3656 Prodromum
1349 3607 1546 3671 aliaque
1562 3641 1576 3663 ‚
1615 3620 1745 3670 quae
1781 3605 2015 3670 leguntur
2048 3618 2167 3669 pag.
2208 3600 2275 3652 ⁴⁶
2314 3609 2367 3652 et
2402 3599 2489 3650 47.
2780 3671 2791 3684 .

469 3673 530 3723 In
571 3675 937 3740 „Postscripto“
977 3677 1104 3728 haec
1141 3679 1308 3728 addit:
1359 3677 1412 3728 Si
1449 3694 1504 3728 se
1543 3679 1740 3728 occasio
1765 3677 2027 3727 commoda
2051 3675 2298 3733 obtulerit,
2335 3687 2473 3739 rogo,
2510 3681 2569 3723 ut
2592 3671 2913 3724 Maestlmum
2943 3685 3057 3722 meo

325 3746 528 3796 nomine
563 3761 771 3798 moneas
811 3747 872 3798 de
910 3747 1172 3812 eclipsibus
1211 3750 1274 3799 ab
1311 3749 1396 3798 illo
1433 3749 1704 3799 observatis
1761 3763 1875 3798 cum
1912 3748 2035 3798 meis
2092 3745 2403 3796 conferendis
2448 3745 2511 3794 ob
2544 3742 2927 3794 meridianorum
2948 3743 3057 3826 ‚dif-

323 3818 590 3868 i'ereutiam
627 3819 912 3870 eruendam.
967 3819 1102 3868 Dum
1143 3822 1274 3870 enim
1310 3821 1478 3884 relego
1515 3820 1790 3884 exemplum
1828 3819 2087 3869 literarum
2112 3818 2177 3868 ad
2206 3816 2527 3866 Maestlinum
2566 3811 2636 3879 (p.
2663 3809 2733 3863 4⁴
2758 3809 2875 3898 sq),
2914 3813 3057 3863 video

321 3902 404 3938 me
441 3887 588 3938 isthic
623 3891 925 3940 mentionem
961 3891 1138 3941 fecisse
1177 3891 1370 3954 eclipsis
1409 3891 1560 3950 Solis,
1601 3905 1729 3956 quae
1767 3891 1849 3940 die
1886 3888 1970 3938 25.
2000 3889 2140 3938 Febr.
2182 3890 2301 3938 anni
2339 3885 2425 3937 98.
2468 3887 2702 3952 contigit,
2738 3885 2865 3968 uin,-
2888 3885 3059 3934 nescio

320 3972 422 4022 qua
456 3961 668 4018 incuria,
707 3961 848 4025 digiti
885 3962 1100 4025 ecliptici
1139 3963 1440 4012 denotantur
1467 3959 1604 4024 10¹l4
1629 3997 1643 4020 ‚
1701 3964 1831 4012 forte
1868 3962 1997 4026 quod
2032 3975 2121 4024 per
2158 3959 2371 4022 aliquem
2408 3972 2471 4008 ex
2504 3959 2629 4008 meis
2664 3955 2915 4040 studiosis,
2954 3954 3057 4006 cal·

325 4030 492 4080 culum
517 4032 662 4080 nimis
699 4032 996 4084 festinanter
1035 4038 1382 4097 exsequentem
1397 4067 1414 4095 ,
1467 4035 1540 4083 sic
1575 4047 1835 4096 perperam
1869 4034 2059 4095 reperi;
2098 4047 2209 4082 cum
2246 4031 2405 4080 verior
2436 4030 2567 4079 ratio
2604 4043 2665 4078 ex
2699 4041 2823 4076 meis
2858 4026 3061 4083 tabulis,

323 4107 470 4163 prout
523 4103 738 4164 ipsemet
777 4110 956 4166 postea
1003 4104 1254 4169 disquisivi
1267 4137 1280 4158 .
1327 4103 1568 4168 praebeat
1603 4103 1784 4168 digitos
1824 4101 1921 4164 9¹l,
1942 4137 1957 4160 ,
2010 4115 2111 4167 qua
2148 4101 2298 4152 etiam
2334 4101 2619 4165 quantitate
2656 4097 2741 4149 Sol
2778 4097 2993 4180 deficere
3028 4111 3063 4148 a

323 4172 540 4234 quodam
594 4188 657 4222 ex
689 4176 813 4224 meis
851 4173 1154 4239 Uraniburgi
1191 4175 1338 4225 isthic
1375 4173 1456 4236 (ut
1493 4171 1526 4222 4
1563 4174 1871 4224 residuorum
1904 4175 2359 4230 instrumentorum,
2396 4185 2527 4237 quae
2561 4183 2683 4234 prae
2718 4168 3063 4234 magnitudine

323 4243 488 4292 efferri
527 4251 632 4292 tam
669 4245 768 4294 cito
803 4245 1094 4310 nequibant,
1135 4261 1306 4297 curam
1341 4241 1572 4306 haberet)
1611 4245 1788 4295 relicto
1828 4245 2049 4294 studioso
2086 4243 2419 4308 deprehensus
2456 4249 2550 4300 est,
2588 4247 2641 4291 et
2675 4247 2901 4324 tempora
2936 4239 3063 4288 alias

321 4328 412 4376 per
449 4315 694 4366 armillam
732 4319 1089 4380 aequatoriam,
1133 4315 1198 4366 18
1233 4317 1416 4381 pedum
1451 4319 1502 4366 in
1540 4317 1802 4374 diametro,
1842 4330 1875 4366 a
1908 4316 2147 4379 principio
2173 4329 2329 4378 usque
2356 4315 2421 4364 ad
2444 4313 2597 4362 finem
2636 4309 2755 4373 (fuit
2790 4325 2921 4360 emm
2954 4315 3063 4360 toto

321 4385 470 4434 isthic
509 4393 728 4449 tempore
765 4385 1018 4448 serenum)
1055 4402 1198 4438 meae
1236 4389 1536 4438 restitutioni
1575 4389 1794 4452 apprime
1834 4387 2161 4452 congruentia
2198 4385 2405 4435 coelitus
2452 4384 2695 4434 denotata
2740 4383 2899 4466 sunt,
2930 4394 3063 4446 quae

323 4462 470 4504 erant
507 4458 826 4519 ejuscemodi,
864 4465 922 4508 ut
958 4458 1224 4523 deliquium
1259 4461 1504 4523 inciperet
1539 4459 1684 4510 isthic
1721 4459 1772 4507 h.
1815 4455 1899 4506 10.
1942 4455 2039 4514 10¹,
2076 4457 2226 4506 finem
2262 4455 2471 4506 haberet
2506 4454 2559 4503 h.
2602 4452 2683 4502 12.
2714 4449 2817 4510 19⁴,
2853 4451 3062 4536 ideoque

321 4527 541 4576 medium
580 4529 816 4578 existeret
851 4529 900 4578 h.
943 4525 1026 4578 11.
1057 4529 1164 4578 121.
1239 4529 1384 4580 Haec
1442 4530 1507 4579 ad
1541 4527 1866 4580 Maestlinum
1886 4563 1900 4584 ,
1950 4527 2151 4592 quando
2198 4527 2267 4576 illi
2318 4527 2569 4590 scripseris
2586 4559 2601 4581 ,
2650 4523 2835 4573 referre
2882 4529 3067 4587 potens

321 4599 580 4662 ipsumque
617 4598 794 4665 rogare
831 4606 984 4664 atque
1023 4601 1221 4652 efficere
1241 4635 1256 4658 ,
1303 4607 1362 4650 ut
1397 4601 1460 4650 ab
1497 4602 1604 4664 ipso
1641 4601 1851 4664 eclipses
1866 4635 1881 4658 ,
1920 4605 2027 4648 tam
2063 4597 2288 4648 Lunares
2304 4633 2318 4658 ‚
2358 4611 2509 4662 quam
2548 4594 2745 4646 Solares
2760 4630 2775 4654 ,
2826 4599 3065 4660 quotquot

322 4669 569 4720 hactenus
607 4671 907 4728 observavit,
946 4687 1036 4735 per
1069 4677 1149 4730 te,
1187 4671 1426 4736 siquidem
1461 4671 1544 4720 ille
1581 4672 1702 4721 mihi
1738 4671 2007 4720 rescribere
2044 4670 2195 4727 nolit,
2234 4669 2504 4718 obtineam.
2810 4737 2823 4750 ⁶
2864 4737 2876 4750 ⁹

465 4739 650 4804 Reperi
684 4743 816 4792 inter
852 4743 1052 4794 chartas
1087 4756 1227 4792 meas
1267 4742 1546 4806 exemplum
1586 4742 1841 4792 literarum
1886 4739 1925 4790 C
1940 4755 1965 4790 r
1980 4753 2077 4790 am
2091 4741 2216 4797 eri,
2270 4740 2331 4789 de
2368 4753 2461 4804 quo
2497 4738 2631 4802 prius
2676 4749 2879 4786 memini
2889 4769 2908 4820 .’
2956 4737 3065 4800 jam

319 4813 532 4872 dudum,
589 4815 758 4863 nescio
793 4815 845 4863 in
881 4829 1003 4878 quos
1039 4829 1185 4871 usus,
1238 4814 1534 4877 descriptum
1547 4848 1564 4872 ,
1619 4812 1752 4878 quod
1802 4811 1943 4862 hisce
1981 4811 2110 4862 addo
2128 4847 2143 4870 ,
2198 4815 2251 4860 et
2298 4810 2439 4859 simul
2498 4807 2771 4871 exemplum
2826 4806 3064 4871 epistolae

322 4883 582 4948 cujusdam
619 4885 690 4934 M.
729 4885 974 4935 ,Iohannis
1011 4884 1426 4940 Christierni,
1472 4883 1636 4942 Dani,
1689 4897 1825 4932 nunc
1861 4882 2094 4948 Lugduni
2130 4883 2433 4933 Batavorum
2472 4879 2743 4929 studiorum
2780 4892 2939 4930 causa
2974 4878 3060 4928 de·

464 4970 644 5020 xepieri
671 4973 812 5022 opere
837 4971 872 5014 1.
2558 4967 2623 5020 15
