3634 5575
1589 336 1762 381 eom
1796 329 1993 383 ursum.
3003 320 3149 395 26¹7

423 484 648 549 circulo
693 481 846 562 DG,
891 487 1022 551 sive
1065 487 1128 549 in
1173 488 1506 566 angustia-i
1551 488 1670 551 ΚΒ
1713 498 2047 551 moveatur.
2138 488 2223 551 Et
2268 486 2353 550 sit
2394 489 2455 549 H
2500 486 2681 551 stella
2738 488 2797 550 in
2846 504 3137 567 apogaeo,
3231 539 3239 552 .

425 574 542 636 erit
585 575 794 655 itaque
831 578 1048 657 Juncta
1089 575 1238 637 Soli.
1334 576 1760 639 Transferatur
1805 596 2141 656 apogaeum
2188 576 2437 657 ejusque
2493 579 2655 641 linea
2692 577 2830 651 FH,
2884 584 3156 639 centrum

427 684 514 727 sc.
563 664 884 727 eccentrici
930 666 1020 738 N,
1086 684 1162 726 ex
1207 683 1279 726 eo
1327 665 1460 727 loco
1507 666 1566 727 in
1613 666 1699 739 E,
1759 666 1959 747 sitque
2017 667 2185 728 locus
2232 666 2488 747 apogaei
2532 667 2595 727 in
2642 666 2702 728 A
2756 666 2973 727 iterum
3022 684 3155 727 cum

429 752 490 814 G
537 752 634 815 vel
679 752 734 815 L
763 751 924 816 Sole.
1018 752 1220 817 Stella
1263 772 1405 815 vero
1453 762 1770 815 moveatur
1817 776 1857 817 a
1904 756 2063 817 linea
2110 755 2364 834 apogaei
2413 756 2471 817 in
2514 763 2749 834 partem
2788 752 3153 815 contrariam

427 846 596 903 motu
641 842 1147 915 commutationis,
1197 861 1273 903 ex
1317 842 1380 905 A
1425 862 1512 904 sc.
1561 844 1621 904 in
1668 842 1741 904 B.
1839 844 2059 917 Patet,
2110 844 2265 923 quod
2315 843 2639 923 quotannis
2686 844 2811 903 fere
2859 843 3049 903 semel
3092 842 3155 903 in

429 928 780 1009 perigaeum
826 930 1070 1003 incidat,
1122 931 1240 991 etsi
1288 949 1404 991 non
1453 932 1530 991 ad
1569 934 1883 1011 oppositas
1912 940 2123 1011 partes
2154 932 2384 993 zodiaci
2416 933 2657 993 evadat.
2752 930 2891 1002 Qua
2916 930 3153 993 ratione

397 1018 516 1092 ·fit‚
563 1027 634 1081 ut
680 1020 758 1080 ad
806 1037 1116 1081 accessum
1163 1018 1328 1081 Solis
1377 1021 1454 1081 ad
1502 1039 1568 1081 se
1615 1021 1871 1082 tollatur
1917 1022 1973 1082 in
2024 1022 2231 1091 altum,
2282 1040 2416 1082 cum
2460 1020 2795 1083 decedente
2822 1018 2967 1081 Sole
3014 1038 3152 1081 sese

431 1106 607 1168 simul
653 1106 958 1171 demittat.
1049 1107 1285 1170 Eadem
1331 1126 1473 1170 vero
1502 1109 1802 1190 Tychonis
1847 1128 2079 1189 quoque
2118 1110 2487 1189 hypotheses
2534 1109 2777 1171 habent.
2870 1106 2975 1169 Sic
3020 1126 3153 1169 cum

431 1196 794 1275 Apollonius
841 1196 990 1259 dicit
1032 1196 1090 1257 D
1136 1198 1232 1257 vel
1279 1197 1366 1271 K,
1412 1195 1470 1257 G
1515 1198 1613 1258 vel
1643 1198 1698 1258 L
1743 1196 1967 1271 Solem,
2016 1205 2083 1257 et
2127 1198 2214 1270 N,
2253 1196 2307 1259 Ε
2346 1205 2617 1259 centrum
2661 1196 2985 1258 eccentrici
3018 1214 3156 1257 esse

360 1338 370 1347 ,
433 1284 492 1346 iu
549 1285 762 1347 eadem
817 1284 1004 1356 linea,
1073 1285 1278 1365 Tycho
1327 1285 1502 1357 dicit,
1554 1286 1642 1357 N,
1687 1284 1742 1346 E
1787 1295 2059 1347 centrum
2108 1285 2425 1347 eccentrici
2484 1304 2621 1347 esse
2684 1286 2879 1364 ipsum
2928 1284 3155 1346 Solem.

431 1371 538 1435 Sic
583 1392 718 1435 cum
763 1374 915 1435 haec
961 1373 1274 1452 Apollonii
1319 1373 1628 1435 sententia
1672 1374 1869 1437 locum
1916 1374 2095 1437 aliter
2140 1376 2363 1437 habere
2410 1394 2525 1435 non
2572 1374 2789 1453 possit,
2838 1372 2953 1434 nisi
2985 1373 3158 1451 justa

434 1461 516 1521 sit
561 1462 875 1545 proportio
923 1462 1028 1523 FE
1075 1460 1560 1523 eccentricitatis
1600 1463 1677 1524 ad
1723 1462 1839 1525 ΕΔ
1886 1462 2121 1524 radium
2168 1464 2429 1525 eccentri
2480 1464 2689 1536 (aliter
2734 1462 2907 1540 justa
2950 1468 3155 1523 retro·-

435 1550 858 1629 gradationum
903 1550 1216 1629 quantitas
1263 1570 1378 1613 non
1427 1551 1839 1624 conficietur),
1894 1552 2003 1613 fiat
2048 1551 2253 1630 utique
2302 1553 2359 1613 in
2408 1552 2595 1613 stella
2634 1550 2891 1625 Martis,
2940 1557 3008 1612 ut
3051 1549 3159 1611 ΕΡ

437 1639 810 1701 eccentricus
871 1645 1044 1701 secet
1087 1637 1200 1709 FQ
1259 1639 1544 1701 circulum
1599 1660 1638 1700 a
1697 1647 1907 1701 centro
1964 1642 2283 1701 eccentrici
2336 1640 2740 1720 descriptum:
2810 1639 2873 1699 id
2920 1638 3159 1719 quidem

435 1748 512 1791 ex
557 1726 906 1807 anteposita
951 1728 1364 1807 suppositione
1395 1726 1702 1807 Apollonii
1745 1728 1998 1789 firmiter
2034 1728 2373 1791 deducitur.
2466 1727 2621 1791 Cum
2658 1727 2817 1789 enim
2842 1727 2973 1789 ΒΤ
2988 1733 3161 1789 recta

435 1818 616 1879 ducta
662 1817 744 1878 sit
790 1824 968 1879 extra
1015 1823 1286 1877 centrum
1331 1816 1384 1876 E
1449 1824 1514 1877 et
1560 1817 1684 1878 alia
1727 1816 1841 1879 AP
1893 1834 2008 1906 per
2058 1826 2329 1880 centrum
2376 1818 2461 1893 Ε,
2528 1834 2713 1897 quare
2761 1816 2875 1878 ΑΡ
2920 1814 3160 1895 longior

435 1906 550 1967 erit
615 1924 794 1985 quam
842 1905 970 1967 BT.
1062 1904 1182 1966 Est
1227 1914 1431 1966 autem
1479 1905 1592 1965 ΑΡ
1641 1904 1839 1967 divisa
1894 1894 2171 1967 bifariam
2219 1907 2279 1968 in
2326 1907 2381 1967 Ε
2428 1914 2667 1978 centro,
2734 1913 2799 1967 et
2842 1903 2951 1965 BT
2994 1904 3053 1965 in
3102 1898 3159 1965 Ο
3252 1932 3257 1942 ·

437 2013 514 2055 ex
564 1994 914 2076 hypothesi,
965 2012 1148 2073 quare
1193 2012 1304 2073 per
1349 2012 1720 2059 communem
1767 1994 2221 2073 conceptionem
2270 1994 2579 2057 dimidium
2622 1994 2731 2054 ΕΡ
2774 1992 3019 2055 dimidio
3050 1989 3161 2051 OT

441 2101 674 2163 quoque
733 2083 932 2161 majus
993 2089 1110 2143 est.
1207 2083 1521 2162 Amplius,
1587 2101 1722 2143 cum
1787 2103 1827 2143 a
1883 2092 2105 2161 puncto
2151 2084 2203 2145 F
2258 2092 2433 2145 extra
2488 2090 2753 2144 centrum
2801 2080 3008 2143 circuli
3054 2076 3163 2141 GP

436 2172 731 2233 ducantur
776 2171 985 2244 binae,
1055 2190 1176 2233 una
1219 2190 1296 2233 ex
1341 2180 1550 2233 centro
1595 2170 1844 2233 veniens
1890 2171 2018 2246 FP,
2068 2173 2263 2235 altera
2308 2191 2485 2233 secus
2530 2170 2662 2244 FT,
2710 2170 3049 2232 incidentes
3096 2166 3157 2230 in

437 2259 988 2323 circumferentiam
1025 2258 1163 2333 PT3
1211 2260 1332 2321 erit
1375 2260 1479 2321 FT
1526 2258 1720 2339 major
1767 2278 1948 2339 quam
1984 2260 2105 2322 FP.
2196 2260 2337 2323 Jam
2384 2278 2569 2339 snpra
2614 2256 2855 2320 dixerat
2896 2256 3157 2336 Apollo·-

435 2348 570 2409 nius
617 2347 729 2410 OT
791 2348 880 2411 sic
928 2366 1064 2409 esse
1130 2348 1208 2409 ad
1255 2347 1388 2422 TF,
1455 2355 1523 2411 ut
1576 2348 1874 2410 velocitas
1930 2349 2121 2411 centri
2179 2348 2498 2411 eccentrici
2566 2346 2847 2419 (Martis)
2900 2344 3017 2409 NE
3082 2344 3159 2405 ad

435 2436 819 2499 velocitatem
881 2436 1252 2499 stellae-seu
1317 2444 1544 2499 motum
1579 2436 2067 2499 commutationis
2114 2438 2228 2501 AB
2289 2438 2346 2499 h.
2396 2456 2450 2497 e.
2502 2443 2569 2497 ut
2616 2430 2701 2499 59
2748 2436 2827 2496 ad
2874 2431 2963 2497 28
3009 2433 3155 2495 fere.

439 2522 590 2587 Cum
645 2526 830 2605 igitur
885 2524 1157 2604 ejusdem
1219 2524 1406 2587 totius
1455 2526 1532 2587 ad
1583 2526 1873 2605 majorem
1930 2544 2007 2587 ex
2052 2524 2093 2587 2
2138 2526 2413 2607 partibus
2470 2524 2665 2587 minor
2712 2523 2798 2584 sit
2850 2522 3157 2601 proportio

437 2632 617 2693 quam
673 2614 752 2675 ad
795 2614 1112 2687 minorem,
1182 2613 1298 2675 erit
1361 2615 1550 2693 major
1601 2614 1913 2695 proportio
1962 2612 2075 2676 OT
2119 2616 2196 2677 ad
2241 2614 2347 2677 FP
2410 2632 2590 2695 quam
2636 2610 2725 2676 59
2781 2613 2861 2673 ad
2906 2608 3029 2684 283
3096 2619 3159 2670 et

438 2721 692 2777 rursum,
741 2720 874 2764 cnm
925 2720 1000 2763 ex
1051 2702 1284 2764 duabus
1341 2704 1668 2783 majoribus
1727 2722 1881 2782 quae
1932 2702 2169 2783 longior
2224 2710 2323 2765 est
2378 2702 2671 2781 majorem
2714 2698 3159 2781 proportionem

436 2791 666 2853 habeat
713 2793 790 2853 ad
829 2792 1138 2864 minorem,
1187 2811 1369 2872 quam
1416 2812 1567 2873 quae
1616 2793 1894 2866 brevior3
1959 2793 2155 2873 major
2200 2794 2383 2872 igitur
2428 2791 2549 2852 erit
2581 2789 2889 2870 proportio
2926 2787 3035 2850 ΕΡ
3080 2786 3157 2848 ad

438 2880 545 2943 PF
589 2900 768 2962 quam
815 2879 929 2943 OT
973 2880 1051 2941 ad
1098 2881 1220 2943 PF.
1313 2881 1490 2944 Prius
1533 2901 1678 2944 vero
1725 2889 1792 2942 et
1837 2879 1996 2943 OT:
2030 2883 2131 2944 PF
2160 2883 2237 2956 >
2272 2877 2359 2944 59
2394 2901 2407 2942 τ
2442 2878 2547 2950 28,
2594 2880 2779 2942 multo
2808 2877 2991 2957 igitur
3020 2895 3153 2938 ma-

431 2969 530 3049 jor
585 2976 684 3031 est
744 2969 1052 3050 proportio
1109 2969 1217 3030 ΕΡ
1249 2968 1399 3031 :PF
1461 2988 1642 3051 quam
1697 2965 1971 3034 59:28.
2066 2969 2335 3051 Cumque
2394 2965 2477 3033 59
2512 2963 2647 3030 :28
2698 2965 3011 3048 proportio
3076 2965 3161 3025 sit

439 3059 632 3137 major
677 3059 878 3136 dupla,
925 3057 1120 3120 tribus
1163 3058 1352 3136 igitur
1397 3059 1734 3121 nominibus
1780 3057 1888 3119 ΕΡ
1921 3079 1935 3120 ι
1968 3060 2073 3122 PF
2116 3060 2311 3138 major
2355 3055 2741 3138 proportione
2788 3054 2991 3134 dupla.
3088 3051 3156 3114 Si

437 3147 544 3210 ΕΡ
587 3147 726 3227 plus
775 3154 874 3209 est
917 3165 1098 3228 quam
1145 3146 1388 3226 duplum
1418 3149 1535 3221 PF,
1587 3167 1730 3227 ergo
1759 3147 1863 3208 PF
1910 3149 2105 3211 minor
2132 3157 2229 3209 est
2274 3167 2453 3227 quam
2484 3145 2790 3208 dimidium
2814 3141 2923 3205 ΕΡ
2968 3143 3155 3204 semi-

439 3235 718 3298 diametri
781 3235 1060 3299 eccentri.
1159 3235 1390 3297 Ablata
1447 3237 1630 3314 igitur
1673 3237 1778 3298 PF
1839 3235 2031 3299 minor
2092 3237 2339 3299 dimidia
2400 3234 2689 3315 relinquit
2730 3233 2836 3296 FE
2905 3231 3005 3292 vel
3048 3232 3099 3293 F
3101 3229 3161 3302 Q

441 3325 756 3404 aequalem
811 3326 1104 3404 majorem
1163 3323 1412 3386 dimidia
1472 3332 1666 3404 parte.
1759 3326 1975 3405 ltaque
2020 3326 2125 3386 FP
2186 3325 2481 3386 distantia
2542 3322 2845 3403 per-igaea
2890 3341 2929 3384 a
2972 3319 3163 3383 Terra

441 3413 636 3476 minor
699 3421 798 3476 est
853 3412 966 3484 FQ
1031 3411 1480 3476 semidiametro
1545 3413 1784 3486 circuli,
1852 3413 1952 3492 qui
2018 3421 2285 3476 centrum
2332 3412 2655 3474 eccentrici
2712 3411 2897 3472 vehit.
2989 3409 3161 3472 Idem

441 3509 644 3576 autem
709 3503 934 3565 asserit
987 3501 1192 3582 Tycho
1257 3502 1332 3562 de
1389 3501 1612 3563 circu'lo
1659 3509 1713 3572 ὅ
1767 3509 2017 3563 secante
2064 3501 2352 3563 circulum
2402 3499 2505 3577 Θ.
2598 3500 2695 3562 Ex
2750 3499 2916 3562 hisce
2976 3498 3162 3577 igitur

441 3599 702 3671 apparet
749 3612 840 3664 ea,
893 3609 1070 3671 quam
1118 3589 1264 3667 dixi,
1313 3591 1594 3670 cognatio
1641 3590 2061 3672 hypothesium
2090 3590 2387 3672 Tychonis
2432 3608 2565 3651 cum
2613 3585 2977 3668 geometrico
3012 3605 3158 3667 pro-

439 3681 706 3744 blemate
751 3679 1078 3760 Apollonii.

617 3769 710 3832 At
755 3789 831 3830 ex
875 3769 972 3830 his
1017 3775 1220 3830 tamen
1258 3768 1516 3829 nondum
1565 3765 1835 3847 sequitur
1878 3766 1969 3840 id,
2028 3765 2185 3845 quod
2232 3766 2293 3827 in
2339 3783 2525 3828 causa
2569 3773 2887 3828 versatur:
2954 3761 3155 3841 Apol-

441 3859 666 3920 lonium
704 3858 1074 3941 hypotheses
1121 3855 1386 3918 edidisse
1418 3856 1855 3918 astronomicas
1904 3855 2173 3935 legitime
2220 3863 2285 3917 et
2312 3855 2547 3934 proprie
2578 3855 2669 3916 sic
2695 3855 2915 3926 dictas,
2960 3850 3154 3913 multo

443 3947 638 4010 ininus
685 3967 830 4009 vero
875 3946 966 4020 id,
1015 3945 1171 4026 quod
1209 3946 1338 4007 sine
1385 3945 1544 4008 omni
1591 3945 1999 4006 haesitatione
2047 3945 2455 4007 affirmaverat
2500 3945 2719 4016 Ursus,
2770 3939 3157 4021 Apollonium

445 4037 714 4098 secunda
759 4035 1180 4098 immutatione
1210 4034 1806 4096 Aristarchianarnm
1854 4034 2038 4108 facta,
2087 4034 2243 4095 hanc
2294 4035 2545 4095 formam
2590 4029 2947 4136 systematis
2984 4044 3160 4091 mun-

445 4124 608 4198 dani,
658 4144 808 4205 quae
853 4123 1032 4186 hodie
1083 4122 1348 4206 Tychoui
1393 4123 1618 4202 placet,
1665 4123 2060 4201 expressisse.
2154 4121 2421 4204 Rrimum
2470 4121 2626 4183 enim
2660 4119 2833 4183 initio
2878 4136 2999 4180 non
3044 4116 3163 4178 fuit

443 4213 805 4294 Apollonius
851 4220 1232 4274 astronomus
1275 4212 1684 4290 professione,
1733 4212 1845 4272 sed
1882 4218 2227 4313 geometra,
2278 4211 2551 4292 quodque
2598 4205 3043 4272 demonstrant
3086 4223 3163 4266 ex

445 4301 818 4364 astronomia
861 4307 1300 4363 transsumtum
1341 4300 1682 4380 problema,
1741 4299 1802 4361 id
1848 4319 1967 4362 non
2014 4299 2175 4379 ipse,
2233 4307 2301 4360 ut
2346 4298 2679 4362 astronomi
2724 4296 2975 4376 requirit
3018 4293 3159 4356 offl-

447 4391 622 4466 cium,
673 4391 752 4452 ad
799 4409 969 4452 usum
1016 4387 1322 4463 adhibuit,
1389 4396 1459 4451 ut
1511 4388 1628 4449 hac
1674 4397 1949 4450 assumta
2014 4388 2336 4470 hypothesi
2390 4389 2677 4467 planetae
2718 4378 2905 4448 ullius
2960 4391 3160 4446 motus

443 4497 522 4542 ex
581 4478 1103 4542 observationibus
1169 4477 1494 4540 deduceret
1549 4485 1612 4537 et
1656 4477 2127 4552 demonstraret,
2188 4477 2295 4537 sed
2360 4475 2935 4538 demonstrationem
2997 4489 3159 4532 mere

447 4569 874 4647 geometricam
911 4569 988 4630 ad
1037 4573 1443 4639 astronomos,
1485 4572 1772 4644 tanquam
1817 4565 2072 4644 propola
2116 4565 2325 4627 clavos
2372 4572 2479 4626 aut
2524 4563 2783 4626 securim
2828 4563 2909 4624 ad
2956 4559 3157 4624 archi

449 4663 646 4718 tectos
693 4655 918 4732 attulit,
971 4657 1023 4720 si
1071 4655 1204 4736 quis
1253 4662 1438 4726 esset,
1485 4654 1653 4731 cujus
1682 4652 1889 4716 usibus
1936 4654 2060 4715 ista
2088 4654 2405 4716 servirent.
2498 4652 2753 4726 Deinde,
2802 4669 2935 4713 cum
2961 4651 3160 4732 hypo-

447 4745 657 4806 theses
703 4745 1140 4807 astronomicas
1185 4761 1370 4821 supra
1416 4761 1548 4806 cum
1596 4740 1754 4804 Urso
1803 4742 2185 4806 definiremus
2242 4749 2471 4804 certam
2528 4741 2791 4820 aliquam
2836 4741 2911 4802 de
2955 4736 3159 4802 mundi

449 4835 641 4900 forma
701 4850 1128 4920 corporumque
1193 4831 1544 4900 coelestium
1611 4829 2043 4920 dispositione.
2074 4830 2569 4918 conceptionem:
2638 4829 2947 4916 Apollonii
3007 4828 3160 4892 haec
