3634 5575
572 391 699 460 164
832 442 841 448 ,
1594 387 1817 452 Mysum
1855 385 2253 454 cosmographici

1628 599 1870 700 Caput
1919 597 2202 677 XVIII.

622 762 739 824 De
774 759 1104 823 discordia
1138 763 1729 838 προσθαφαιρεσεων
1764 777 1845 820 ex
1881 759 2250 838 corporibus
2285 777 2328 817 a
2370 753 2826 837 Oopemicam’s
2859 755 2930 820 in
2963 775 3208 838 ρεπεν-ε,

1386 855 1445 908 et
1490 845 1570 906 de
1614 847 2038 907 astronomiae
2080 843 2443 908 subtilitate.

732 987 935 1067 Supra
978 1007 1109 1068 cap.
1167 983 1265 1048 14.
1316 994 1381 1047 et
1432 983 1531 1048 15.
1594 1005 1731 1047 cum
1778 986 2034 1066 alicujus
2079 1003 2265 1064 prope
2314 982 2606 1048 falsitatis
2653 983 2850 1046 teneri
2893 984 3134 1046 viderer
3179 983 3284 1045 in-

553 1078 706 1140 dicio
762 1076 1225 1148 distantiarum,
1296 1093 1445 1153 quas
1496 1072 1868 1155 Copernicus
1921 1074 2196 1135 diversas
2262 1075 2340 1135 ab
2406 1072 2502 1134 his
2557 1073 2908 1152 figuralibus
2965 1071 3282 1152 prodiditz

552 1164 879 1247 provocavi
924 1164 1003 1225 ad
1048 1166 1611 1242 προσθαφαιρεσεες
1668 1161 1980 1242 cineratos:
2048 1181 2239 1243 neque
2301 1161 2858 1224 condemnationem
2915 1162 3286 1241 deprecatus

554 1273 714 1325 sum,
771 1253 824 1313 si
870 1271 1041 1313 meae
1092 1272 1129 1312 a
1177 1248 1611 1330 Cepernicanis
1659 1251 2034 1330 aliquantum
2079 1251 2458 1312 recederent.
2547 1248 2741 1328 Atqui
2793 1257 3118 1329 postquam
3163 1248 3282 1312 sub

552 1344 729 1404 finem
780 1338 883 1402 15.
934 1339 1153 1420 capitis
1200 1357 1375 1401 arcus
1432 1340 1661 1401 similes
1721 1343 2322 1419 προσθαφαιροσεσιτ
2377 1357 2450 1400 ex
2509 1338 2994 1417 elongationibus
3050 1358 3089 1399 a
3135 1337 3286 1400 Sole

553 1431 741 1492 veluti
788 1436 985 1490 testes
1034 1447 1237 1490 coram
1288 1429 1398 1488 hoc
1447 1428 1677 1507 judicio
1734 1428 1909 1489 stiti:
1976 1428 2092 1489 visi
2157 1435 2300 1489 sunt
2363 1427 2452 1489 illi
2517 1435 2732 1488 contra
2793 1445 2890 1489 me
2955 1427 3282 1506 deponere.

473 1586 491 1604 ς
554 1519 774 1581 Nullus
832 1517 997 1578 'enim
1061 1517 1441 1595 planetarum
1508 1515 1655 1592 fuit,
1724 1517 1824 1596 qui
1890 1517 2182 1578 tributum
2234 1537 2272 1576 a
2319 1514 2658 1596 Oopernico
2715 1533 2919 1577 arcum
2965 1515 3282 1578 retineret.

556 1606 821 1669 Saturno
870 1605 1066 1666 ademi
1114 1601 1243 1678 41¹,
1290 1603 1429 1666 Jovi
1462 1601 1545 1679 θ’,
1595 1604 1783 1666 Marti
1831 1605 2084 1684 apposui
2133 1601 2260 1680 30⁴,
2311 1604 2538 1666 Veneri
2586 1622 2728 1665 vero
2773 1605 3032 1666 immane
3081 1621 3284 1684 quan-

556 1703 684 1757 tum
733 1693 923 1755 demsi
971 1689 1052 1755 2⁰
1086 1690 1207 1768 18¹,
1258 1701 1323 1754 et
1348 1691 1649 1754 Mercurio
1686 1689 1813 1756 61¹.
1878 1693 2337 1754 Existimabam
2379 1693 2564 1772 igitur
2611 1692 2709 1772 qui
2757 1693 3032 1754 exactius
3077 1691 3287 1754 omnia

552 1783 905 1845 'examinare
964 1782 1194 1854 volunt,
1260 1780 1397 1861 quia
1452 1801 1567 1843 non
1626 1781 1704 1842 ad
1758 1801 2015 1861 unguem
2073 1782 2413 1849 consentiat
2467 1782 2735 1843 calculus
2779 1799 3094 1860 corporum
3139 1798 3282 1843 cnm

556 1871 803 1953 placitis
853 1869 1168 1948 Copernici
1218 1889 1467 1949 cumque
1516 1871 1650 1949 ejus·
1706 1870 1997 1944 numeris,
2060 1888 2296 1932 omnem
2351 1888 2596 1950 operam
2651 1889 2690 1932 a
2733 1889 2829 1932 me
2875 1871 3074 1932 lusam
3115 1888 3283 1932 esse.

559 1958 739 2031 Quod
783 1960 900 2020 nisi
948 1967 1161 2020 contra
1208 1977 1518 2038 excepero,
1569 1965 1808 2036 meapte
1857 1959 2162 2020 sententia
2189 1977 2435 2021 causam
2473 1957 2812 2040 perdidero.
2865 1957 2964 2020 Et
3009 1957 3286 2040 physicis

558 2049 798 2129 quidem
825 2047 955 2108 sive
984 2047 1456 2126 cosmographis,
1508 2048 1745 2127 qualem
1790 2047 1904 2109 boc
1951 2046 2156 2109 libello
2201 2065 2522 2128 personam
2559 2065 2672 2126 ego
2711 2047 3004 2121 sustineo,
3052 2047 3286 2110 nullam

558 2137 651 2198 de.
681 2136 795 2197 hac
843 2135 1186 2197 differentia
1230 2136 1526 2196 rationem
1573 2135 1785 2198 debeo.
1877 2136 2035 2198 Nam
2085 2136 2200 2198 etsi
2245 2136 2334 2199 illi
2392 2143 2632 2198 suorum
2689 2135 3047 2214 placitorum
3091 2153 3284 2214 argu·-

560 2233 767 2287 menta
812 2230 1163 2287 mutuantur
1208 2224 1287 2286 ab
1332 2224 1728 2296 astronomis,
1794 2243 1869 2286 ea
1913 2233 2116 2286 tamen
2163 2243 2280 2286 nou
2327 2226 2419 2287 ita
2473 2223 2776 2286 subtiliter
2827 2231 2898 2284 ut
2947 2223 3285 2286 astronomi

562 2313 643 2376 ad
690 2313 955 2374 calculos
1000 2320 1327 2375 revocant:
1388 2331 1499 2374 nec
1555 2312 1707 2372 adeo
1768 2321 1910 2374 sunt
1955 2312 2340 2393 perspicaces
2386 2321 2494 2375 aut
2537 2313 2788 2387 morosi,
2851 2320 2922 2374 ut
2963 2312 3078 2374 hac
3122 2312 3284 2374 levi-

558 2404 696 2465 cula
742 2401 1087 2464 differentia
1130 2409 1507 2463 moveantur.
1602 2399 1808 2472 Quare
1859 2420 2104 2463 causam
2150 2421 2344 2464 meam
2407 2419 2608 2464 coram
2665 2400 3118 2482 cosmographis
3165 2401 3282 2463 ob·-

554 2490 728 2553 tinui.
1018 2497 1041 2520 ‘

734 2579 1237 2641 Astronomorum
1284 2595 1427 2640 vero
1466 2576 1680 2656 vulgus
1718 2577 1834 2639 etsi
1877 2577 2013 2656 jure
2051 2586 2274 2652 metue,
2327 2582 2530 2640 tamen
2569 2597 2700 2640 cum
2739 2577 2968 2658 judicio
3016 2575 3284 2638 artifices

557 2687 844 2750 praeesse
889 2685 1003 2747 par
1048 2666 1160 2741 sit,
1218 2685 1333 2727 non
1382 2667 1666 2746 despero,
1724 2675 2176 2750 neque‘contra
2220 2667 2394 2740 illud,
2435 2666 2791 2729 ·victoriam.
2887 2668 2982 2728 Ac
3025 2666 3282 2745 primum

556 2759 725 2839 ipsos
771 2756 925 2820 bene
973 2755 1048 2817 de
1098 2755 1328 2817 calculo
1378 2773 1623 2835 sperare
1672 2755 1879 2837 jubeo.
1974 2756 2132 2819 Nam
2189 2755 2308 2817 etsi
2363 2755 2660 2819 interdum
2715 2755 3140 2837 grandiuscula
3185 2761 3286 2816 est

558 2845 918 2920 differentia,
966 2843 1349 2905 meminerint
1394 2854 1619 2919 tamen,
1668 2863 1944 2905 numeros
1985 2854 2302 2925 excerptos
2339 2864 2416 2905 ex
2461 2844 2610 2907 locis
2657 2843 2844 2907 totius
2891 2844 3097 2906 circuli
3143 2844 3282 2905 evi-

560 2933 930 2997 dentissimis
980 2938 1161 3013 atque
1206 2952 1283 2993 ex
1322 2952 1611 2995 concursu
1658 2932 1920 2995 omnium
1969 2933 2488 3014 inaequalitatum.
2556 2934 2687 2997 Nec
2734 2934 2889 2995 enim
2932 2951 3044 3013 per
3089 2940 3282 2995 totum

562 3022 1071 3098 circulumtanta
1116 3030 1213 3083 est
1260 3021 1563 3083 discordia
1611 3022 1876 3084 locorum
1923 3040 2000 3083 ex
2046 3022 2392 3101 corporibus
2440 3030 2504 3084 et
2541 3042 2616 3085 ex
2645 3020 2980 3103 Copernico
3017 3022 3282 3101 planetis

562 3112 1031 3190 assignatorum,
1082 3130 1191 3173 nec
1240 3111 1510 3190 aequalis
1560 3111 1743 3173 etiam
1790 3112 1850 3172 in
1901 3111 2173 3175 omnibus
2219 3112 2711 3173 revolutionibus.
2779 3113 2983 3191 Atque
3032 3129 3144 3189 ego
3191 3110 3284 3172 sic

560 3198 862 3276 existimo,
913 3199 1031 3260 etsi
1078 3198 1455 3260 certissimae
1504 3207 1713 3261 essent
1756 3199 2146 3275 Prutenicae,
2197 3209 2378 3279 atque
2423 3201 2738 3263 verissime
2781 3218 2892 3280 per
2937 3200 3094 3261 hanc
3137 3218 3283 3261 cor-

558 3308 769 3369 porum
816 3287 1339 3365 interpositionem
1386 3306 1619 3349 errores
1668 3288 1771 3349 isti
1830 3289 2352 3350 committerentur
2371 3336 2386 3361 ,
2456 3308 2572 3351 non
2637 3306 2820 3369 posse
2881 3296 3090 3350 tamen
3139 3287 3282 3368 jure

560 3376 741 3455 abjici
788 3385 915 3438 tam
962 3376 1313 3437 concinnum
1334 3374 1719 3457 -ἐπιχειρημα,
1764 3386 2109 3456 propterea,
2161 3378 2317 3457 quod
2363 3395 2532 3439 error
2575 3378 2678 3439 ille
2713 3378 2774 3439 in
2803 3376 3066 3439 minimis
3095 3384 3282 3440 esset.

560 3466 746 3545 Atqui
798 3484 913 3525 non
962 3473 1201 3526 tantum
1251 3466 1542 3527 incertum
1591 3473 1719 3541 est,
1769 3474 2036 3527 utrorum
2083 3466 2234 3527 vitio
2281 3464 2623 3528 differentia
2669 3466 2820 3528 haec
2867 3466 3125 3541 existat,
3175 3464 3288 3527 sed

560 3562 773 3615 contra
818 3572 1039 3633 magna
1085 3554 1459 3633 suspicio¹et
1518 3554 1710 3615 multa
1767 3562 2154 3635 argumenta,
2219 3556 2512 3617 calculum
2569 3553 2764 3635 ipsum
2819 3563 2882 3615 et
2926 3554 3286 3617 Pruteuicas

560 3642 803 3704 tabulas
850 3642 907 3702 in
958 3643 1135 3722 culpa
1181 3643 1449 3703 versari:
1520 3642 1670 3703 adeo
1728 3651 1797 3704 ut
1843 3662 2062 3724 magna
2109 3642 2456 3721 conjectura
2502 3652 2713 3706 contra
2765 3663 2860 3705 me
2918 3644 3168 3718 fuisset,
3230 3637 3287 3704 si

559 3749 691 3792 cum
740 3731 1001 3793 numeris
1052 3730 1369 3809 Gopernici
1416 3732 1658 3810 penitus
1707 3732 2169 3793 consensissem.
2201 3734 2258 3806 ⁸)

736 3818 961 3881 Eorum
1008 3830 1211 3880 autem
1258 3830 1745 3897 argumentorum
1784 3820 1896 3880 hoc
1933 3820 2184 3899 primum
2224 3829 2376 3895 esto,
2430 3822 2588 3900 quod
2621 3820 2978 3883 Prutenicus
3015 3820 3284 3884 calculus

564 3927 679 3969 non
726 3926 864 3969 raro
910 3907 970 3968 in
1018 3908 1373 3986 colligendis
1417 3908 1799 3987 planetarum
1848 3909 1998 3971 locis
2048 3911 2292 3971 fallitur.
2385 3911 2585 3971 Multa
2631 3910 2869 3991 quidem
2915 3909 3288 3973 restauravit

564 3996 733 4057 nobis
766 3994 1137 4075 Cepernicus
1174 3999 1234 4057 in
1282 3997 1554 4077 collapsa
1592 4004 1856 4059 motuum
1895 3998 2170 4073 scientia,
2219 3998 2522 4079 multoque
2553 4007 2781 4071 nostra,
2829 4016 3005 4079 quam
3041 4008 3286 4079 patrum

566 4084 887 4159 memoria,
944 4084 1293 4164 puriorest
1338 4086 1730 4147 astronomia.
1828 4086 2240 4149 Veruntamen
2289 4087 2356 4147 si'
2387 4106 2512 4149 rem
2559 4087 2755 4167 ipsam
2800 4088 3042 4167 penitus
3086 4087 3282 4167 inspi-

562 4173 814 4246 ciamus,
864 4172 1043 4233 fateri
1074 4173 1280 4254 utique
1310 4192 1609 4254 cogemur,
1660 4193 1768 4235 nos
1816 4173 1893 4235 ab
1939 4175 2048 4260 illa
2089 4176 2273 4237 beata
2309 4185 2374 4237 et
2409 4175 2660 4255 optabili
2705 4176 3076 4255 perfectione
3123 4176 3284 4238 haud

562 4262 751 4323 multo
798 4262 1041 4340 propius
1100 4262 1356 4337 abesse,
1389 4276 1601 4342 'quam
1660 4262 1737 4322 ab
1794 4263 2086 4325 hodierna
2139 4272 2316 4325 vetus
2364 4265 2542 4328 abest
2585 4265 2977 4339 astronomia.
3069 4264 3286 4343 Longa

558 4351 661 4411 via
726 4359 858 4424 est,
926 4357 990 4413 et
1052 4352 1258 4412 variae
1323 4349 1608 4431 ambages
1666 4350 1743 4411 ad
1799 4352 1956 4411 hanc
2000 4354 2342 4415 veritatem.
2437 4354 2856 4415 Monstrarunt
2899 4354 3066 4416 illam
3111 4352 3284 4414 nobis

562 4447 834 4515 vetereS‚
880 4438 1138 4520 ingressi
1186 4447 1329 4501 sunt
1372 4440 1635 4518 majores
1683 4440 1907 4512 nostri,
1957 4460 2064 4503 nos
2113 4442 2250 4503 illos
2299 4444 2730 4503 antevertimus
2787 4450 2856 4504 et
2897 4444 3090 4523 gradu
3133 4460 3282 4522 pro-

562 4528 717 4606 piori
764 4526 1181 4603 consistimus,
1244 4528 1353 4589 sed
1409 4532 1631 4589 metam
1688 4528 1946 4589 nondum
2005 4530 2333 4609 attigimus.
2426 4532 2562 4593 Non
2612 4551 2724 4611 ego
2770 4532 2922 4593 haec
2968 4532 3026 4593 in
3077 4538 3282 4593 astro-

566 4616 801 4678 nomiae
850 4625 1211 4680 contemtum
1262 4616 1415 4678 dicO.
1490 4616 1610 4678 Est
1656 4616 1861 4696 aliqua
1907 4619 2144 4697 prodire
2189 4628 2388 4693 tenus,
2437 4620 2490 4681 si
2535 4638 2652 4681 non
2699 4621 2878 4683 datur
2923 4621 3124 4683 ultra:
3173 4619 3283 4681 sed

566 4704 731 4778 ideo,
789 4725 862 4766 ne
912 4705 1045 4786 quis
1092 4714 1319 4769 temere
1365 4705 1610 4786 gravius
1658 4705 1796 4785 quid
1843 4705 1901 4766 in
1950 4709 2105 4770 hanc
2153 4708 2513 4771 discordiam
2561 4717 2825 4783 statuat,
2891 4717 2955 4771 et
3001 4710 3142 4771 dum
3185 4728 3284 4770 me

565 4792 725 4872 petit
770 4800 833 4854 et
877 4794 1025 4855 haec
1064 4792 1103 4858 5
1144 4812 1423 4875 corpora,
1472 4794 1534 4855 in
1580 4794 1718 4873 ipsa
1762 4794 2154 4859 fundamenta
2200 4798 2604 4859 astronomiae
2649 4798 2922 4861 insultet.
3001 4799 3101 4861 Ad
3147 4816 3284 4859 om-

562 4880 725 4945 nium
772 4882 1065 4945 artificum
1113 4883 1569 4947 observationes
1622 4900 1920 4963 provoco:
1979 4904 2054 4947 ex
2111 4886 2326 4967 quibus
2379 4886 2586 4950 videre
2632 4894 2755 4965 est,
2815 4894 3044 4983 quanta
3097 4904 3284 4969 saepe
