3634 5575
594 344 723 411 342
1444 346 1647 397 Literae
1682 346 1887 411 Kepieri
1925 344 2224 408 aliorumque
2256 351 2464 395 mutuae

594 522 707 557 cum
742 510 796 557 et
830 501 1128 557 Mercuriale
1163 505 1359 565 tribuit,
1409 506 1595 555 aerium
1630 504 1752 554 illud
1790 508 1843 554 et
1877 502 2262 554 subtilissimum.
2339 504 2446 568 Ego
2483 504 2574 553 sub
2613 504 2752 555 coelo
2791 518 2958 555 crasso
2993 504 3089 555 hoe
3125 504 3338 555 Frisios

592 582 877 640 conceptus,
918 582 969 625 et
1004 582 1153 626 natus
1188 576 1575 641 phlegmaticus,
1608 571 1822 625 'nonnisi
1860 589 2032 625 crassa
2067 575 2260 625 olfacio.
2338 575 2531 635 Quare.
2588 590 2654 627 ne
2689 582 2742 627 te
2789 582 3025 627 moveant
3058 576 3330 640 quae-fio-

593 663 683 699 nes
716 662 862 697 meae
896 647 1141 697 interdum
1180 650 1457 704 institutae,
1498 648 1763 697 admonere
1799 646 1948 696 volui.

737 719 819 767 Ad
852 719 980 768 haec
1016 720 1183 769 omnia
1218 720 1363 769 simul
1399 714 1651 782 respondit
1686 717 2001 781 Keplerus
2040 716 2087 765 d.
2129 713 2176 765 7.
2218 714 2535 766 Feb.=1604.
2575 717 2707 767 hune
2747 718 2796 766 in
2835 717 3059 767 modum:

769 876 1057 939 Delector
1103 876 1439 957 plurimum,
1490 876 1853 943 amicissime
1882 876 2142 951 Fabrici,
2193 874 2528 937 festivitate
2569 884 2702 947 tua,
2751 876 2850 955 qui
2900 876 3152 955 primum
3193 875 3326 938 im-

597 973 909 1047 portunus,
958 984 1093 1027 cum
1140 965 1287 1026 nihil
1334 965 1643 1029 literarum
1690 966 2014 1045 impetrare
2061 963 2382 1039 videreriS,
2443 966 2680 1025 demum
2727 966 2806 1026 ad
2854 965 3332 1043 deprecationes

599 1054 1047 1117 oblocutionum
1114 1060 1382 1129 tuarum,
1450 1064 1511 1116 et
1558 1056 1805 1117 tandem
1873 1055 1948 1115 ad
1997 1054 2335 1115 contrarias
2395 1053 2858 1115 refutationibus
2907 1053 3328 1127 laudationeS,

600 1150 681 1219 et,
731 1144 786 1205 si
832 1142 992 1213 licet,
1043 1142 1500 1204 adsentationes
1550 1162 1875 1205 conversus
1926 1163 2011 1203 ee.
2105 1142 2237 1220 Ego
2285 1161 2446 1215 vero,
2499 1160 2613 1202 nou
2646 1142 3019 1220 exspectatis
3059 1142 3152 1203 his
3191 1142 3332 1203 tuis

600 1233 833 1294 artibus
882 1233 987 1305 (ne
1034 1251 1128 1293 me
1186 1231 1500 1294 blanditiis
1546 1232 1669 1296 tuis
1729 1239 2089 1293 commotum
2134 1230 2510 1304 existimes),
2579 1249 2784 1291 meuse
2833 1232 3113 1309 Augusto
3177 1231 3327 1309 epi-

600 1321 851 1394 stolam,
917 1319 1122 1383 verius
1170 1320 1413 1391 librum,
1482 1322 1559 1383 ad
1606 1330 1667 1383 te
1716 1321 1880 1395 misi,
1945 1321 2152 1381 decem
2197 1320 2276 1380 ad
2325 1320 2628 1381 minimum
2675 1317 3047 1399 paginarum.
3143 1316 3332 1389 Quas

600 1410 687 1471 tui
734 1408 831 1469 hic
880 1408 1187 1483 addidere,
1240 1428 1447 1471 omnes
1494 1411 1766 1472 redditas
1812 1408 2118 1487 intelligo}
2165 1408 2484 1487 plurimum
2529 1408 2732 1485 itaque
2764 1407 2964 1481 miror,
3015 1406 3124 1468 tibi
3157 1426 3322 1469 non-

602 1499 740 1561 dum
787 1498 1028 1560 lectam.
1124 1498 1332 1559 Potuit
1397 1498 1508 1561 hoc
1566 1499 1678 1561 tibi
1724 1498 2054 1560 communis
2116 1504 2323 1557 noster
2364 1497 2814 1575 Ἀγαθοόαιμων
2857 1496 3148 1557 Francius
3217 1496 3334 1556 in-

606 1586 833 1647 dicare.
924 1585 1020 1649 Ex
1076 1604 1145 1646 eo
1202 1595 1471 1665 tempore
1528 1587 1783 1667 quinque
1842 1588 2000 1649 aliae
2049 1587 2159 1647 abs
2219 1594 2278 1647 te
2337 1584 2478 1647 mihi
2539 1584 2748 1645 literae
2815 1592 2958 1647 sunt
3010 1584 3320 1659 redditae,

599 1694 748 1755 quas
795 1673 1095 1753 scripsisti
1148 1672 1287 1747 18.,
1336 1672 1442 1738 24.
1491 1676 1659 1751 Jun.,
1716 1673 1815 1736 11.
1867 1674 2059 1752 Aug„
2107 1672 2247 1749 22„
2297 1671 2402 1737 26.
2443 1674 2585 1735 Dec.
2670 1676 2738 1741 (v.
2779 1677 2867 1741 st.)

742 1761 885 1812 Haec
926 1761 1189 1824 Keplerus.
1264 1762 1395 1815 ffinc
1432 1764 1613 1813 transit
1648 1764 1715 1813 ad
1742 1761 2017 1813 Comment-
2047 1762 2226 1812 Martis
2266 1763 2695 1826 dubitationesque
2712 1795 2727 1818 ,
2745 1817 2747 1819 ³
2765 1775 2890 1825 quas
2923 1762 3180 1825 proposuit
3217 1760 3326 1811 Fa·

598 1834 777 1883 bricius
812 1834 867 1881 in
902 1832 1055 1883 literis
1089 1834 1346 1897 prioribus,
1384 1850 1525 1899 quas,
1562 1840 1619 1884 ut
1642 1849 1792 1899 supra
1816 1834 2042 1890 diximus,
2081 1834 2427 1899 adjungendas
2451 1834 2733 1883 censuimus
2770 1833 2902 1883 dicto
2927 1832 3134 1896 Kepleri
3153 1832 3326 1895 operi,

602 1910 671 1963 et,
709 1904 775 1955 ad
810 1904 980 1954 literas
1016 1904 1065 1963 d.
1105 1903 1189 1953 22.
1229 1905 1354 1955 Dec.
1392 1907 1561 1957 ordine
1598 1920 1840 1971 pergens,
1881 1905 2050 1956 addit:
2717 1929 2723 1937 ¹

774 1976 891 2038 Hic
928 1976 1251 2039 meministi
1281 1978 1471 2055 primo
1514 1978 1852 2050 literarum,
1901 1996 2052 2056 quas
2101 1985 2242 2037 aute
2275 1995 2492 2037 annum
2533 1964 2766 2053 scrip'si,
2817 1983 2881 2035 et
2921 1975 3132 2035 statim
3161 1974 3324 2035 sub-

590 2064 828 2146 jungis:
866 2064 963 2139 „in
994 2065 1221 2127 ultimis
1254 2066 1463 2127 literiS.
1476 2066 1507 2094 “
1586 2065 1750 2143 Ergo
1782 2066 2089 2145 accepisti,
2123 2084 2274 2144 quas
2305 2061 2368 2127 4.
2399 2054 2521 2125 .Ῑιι1.
2559 2065 2820 2143 scriptas
2841 2063 3120 2143 Augusto
3155 2062 3322 2123 misi.

522 2216 529 2221 Ι
738 2152 981 2217 Reliqua,
1033 2168 1163 2217 quae
1196 2155 1249 2203 iu
1284 2155 1361 2207 his
1398 2155 1552 2205 literis
1589 2154 1836 2217 Keplerus
1874 2154 1978 2219 egit
2013 2168 2126 2203 cum
2164 2153 2388 2203 Fabricio
2429 2152 2727 2217 astrologica
2773 2152 3084 2215 similiaque
3138 2150 3329 2201 eadem

606 2238 705 2289 qua
751 2225 885 2288 prius
922 2224 1112 2274 ratione
1161 2227 1482 2290 proponenda
1533 2240 1814 2281 censemus,
1872 2226 2250 2289 praemittentes
2299 2225 2510 2274 Fabricii
2548 2224 2864 2288 quaestiones
2911 2222 3188 2286 additisque
3241 2235 3324 2271 re·

600 2294 941 2359 sponsionibus
979 2294 1201 2359 Kepleri.

742 2363 1564 2429 Fabricius(4.Jul.1603):
1616 2364 1743 2417 Mire
1799 2382 1879 2415 me
1935 2366 2078 2431 angit
2128 2367 2322 2415 instans
2378 2365 2582 2415 directio
2627 2363 2752 2415 Solis
2807 2364 2875 2414 ad
2915 2363 3096 2415 Marus
3143 2376 3330 2445 corpus

601 2438 652 2487 in
702 2451 817 2487 moa
864 2438 1037 2501 genesi
1091 2435 1247 2487 1564.
1300 2435 1348 2487 9.
1397 2436 1549 2487 Mart.
1605 2438 1656 2487 h.
1710 2436 1755 2485 5
1810 2444 1991 2487 matut.
2049 2436 2336 2487 Ascendens
2385 2433 2491 2483 21υ
2529 2443 2648 2485 ⁴⁶⁶·-
2726 2435 2896 2487 Sentio
2945 2430 3202 2499 praeludia
3270 2435 3325 2482 in

601 2510 710 2571 ipsa
744 2508 947 2558 fortuna
998 2515 1051 2559 et
1100 2510 1477 2559 conversatione
1527 2509 1795 2559 hominum.
1886 2508 2088 2570 Quaeso
2137 2508 2257 2557 mihi
2303 2514 2442 2557 tuum
2489 2508 2730 2570 judicium
2783 2508 2973 2557 sincere
3026 2505 3323 2570 perscribas.

606 2578 826 2638 Quisque
876 2580 928 2627 in
980 2594 1073 2630 sua
1118 2594 1275 2631 causa
1322 2595 1497 2631 coecus
1546 2587 1623 2630 est
1667 2588 1866 2643 propter
1902 2578 2128 2629 affectus.
2202 2572 2276 2639 Δ
2311 2578 2358 2639 ἹΙ,
2399 2575 2462 2638 Θ
2502 2578 2533 2640 ij
2572 2593 2636 2628 au
2680 2593 2767 2641 pro
2802 2570 2875 2645 U
2923 2579 2991 2627 sit
3024 2574 3320 2626 habendus?

604 2649 685 2699 Sic
722 2642 793 2715 [J
830 2648 879 2709 d*
920 2650 999 2699 rix
1037 2648 1093 2711 >k
1132 2658 1341 2715 aequat,
1399 2657 1451 2702 et
1484 2658 1655 2701 tamen
1692 2651 1811 2700 mihi
1847 2658 2056 2701 mortem
2093 2650 2194 2700 fere
2234 2650 2489 2699 constituit
2534 2663 2665 2698 anno
2705 2646 2754 2697 9.
2783 2650 2983 2699 aetatis.
3057 2646 3132 2696 Ex
3157 2643 3222 2707 Q
3255 2648 3324 2696 ad

598 2713 671 2785 ί]
702 2720 734 2781 Β
772 2719 892 2770 nihil
929 2723 1077 2779 sensi,
1115 2722 1202 2771 sed
1239 2728 1496 2785 apostema
1531 2728 1728 2772 tantum
1763 2724 1814 2771 in
1853 2722 2084 2778 natibus,
2145 2728 2198 2770 et
2237 2734 2406 2771 casum
2445 2721 2508 2770 ab
2552 2720 2682 2770 alto.
2723 2722 2832 2770 siue
2865 2720 3088 2770 laesione
3123 2725 3316 2768 tamen.

600 2794 861 2844 Amicitias
914 2807 1205 2860 magnorum
1254 2795 1429 2851 habui,
1484 2794 1575 2844 sed
1612 2795 1795 2859 absque
1850 2809 1902 2842 m
2003 2807 2038 2844 a
2086 2794 2330 2849 utilitate,
2353 2793 2559 2842 levium
2615 2808 2726 2842 vero
2773 2792 3025 2842 hominum
3079 2790 3318 2840 invidiam
3389 2837 3394 2842 .

602 2871 657 2911 et
692 2864 1104 2923 obtrectationes,
1159 2865 1291 2915 nullo
1328 2879 1440 2915 meo
1476 2866 1668 2921 merito,
1705 2871 1904 2930 propter
2031 2865 2085 2915 iu
2121 2863 2232 2915 XII.
2306 2865 2388 2914 Ad
2423 2864 2589 2914 studia
2621 2863 2730 2928 plns
2766 2879 2915 2930 quam
2949 2862 3181 2912 valetudo
3217 2861 3324 2911 fert

602 2948 889 2998 propensus.

782 3006 1181 3084 Keplerus:
1230 3005 1323 3066 De
1373 3006 1703 3068 directione
1754 3003 1834 3082 Q
1885 3007 1963 3068 ad
2011 3026 2226 3086 corpus
2257 3013 2308 3076 d
2355 3025 2487 3068 meo
2525 3006 2754 3085 judicio
2803 3024 2917 3066 non
2968 3005 3151 3066 debes
3181 3023 3319 3063 esse

611 3094 907 3156 sollicitus
955 3095 1068 3156 hoc
1116 3103 1417 3174 tempore3
1464 3114 1603 3156 nam
1650 3095 1753 3156 vix
1802 3114 2022 3158 aunum
2070 3093 2172 3159 74.
2221 3095 2489 3176 attingit.
2579 3094 2740 3156 Ecce
2789 3113 2984 3155 meum
3023 3091 3315 3172 dirigendi

608 3183 885 3244 modum:

782 3278 833 3340 (ς
879 3278 976 3332 est
1019 3271 1081 3332 in
1134 3263 1343 3353 127,ο
1387 3277 1477 3345 Π.
1576 3268 1656 3348 Θ
1706 3266 1811 3335 24.
1863 3271 2014 3350 Maji
2063 3260 2218 3334 anno
2267 3268 2370 3334 64.
2420 3272 2586 3333 venit
2633 3270 2692 3332 iu
2749 3264 2958 3352 12Ἰ,ο
3001 3274 3100 3342 Π,
3170 3287 3314 3346 ergo

610 3361 738 3422 dies
787 3356 872 3422 76
929 3360 1271 3439 significant
1326 3363 1581 3424 totidem
1631 3379 1842 3422 annos
1935 3361 2052 3423 Est
2103 3358 2182 3439 Θ
2233 3379 2388 3422 anuo
2451 3356 2630 3422 1604
2681 3358 2738 3420 in
2789 3353 2878 3422 8⁰
2923 3359 3010 3441 ὅ,
3061 3358 3158 3418 ubi
3198 3357 3314 3419 fuit

618 3447 711 3512 18
761 3448 909 3528 Apr.
956 3455 1099 3530 post
1145 3447 1273 3510 dies
1301 3447 1409 3512 40.
1504 3451 1860 3514 Ascendens
1899 3460 2102 3513 tamen
2145 3451 2330 3530 (quod
2360 3451 2522 3512 circa
2570 3456 2626 3518 >k
2653 3444 2694 3526 15
2741 3449 3030 3521 versans)
3075 3447 3314 3508 melan-

606 3538 884 3612 choliam,
934 3538 1215 3612 studium,
1265 3558 1487 3613 cur,am
1540 3539 1912 3619 diligentiam
1962 3548 2165 3619 auget.
2260 3539 2348 3600 Tu
2387 3556 2528 3602 vero
2579 3539 2730 3600 bene
2777 3556 2957 3640 spera
3003 3537 3076 3596 de
3125 3542 3180 3604 >k
3213 3533 3316 3612 Q,

582 3635 661 3698 ·*
690 3627 751 3702 74
798 3627 855 3690 in
904 3623 1039 3689 28⁰
1084 3627 1168 3701 ὅ;
1197 3626 1377 3688 intra
1424 3628 1725 3690 biennium
1772 3628 2022 3692 divitem
2068 3629 2349 3701 efficient,
2401 3628 2716 3690 dummodo
2747 3626 2912 3706 prius
2950 3643 3108 3686 anno
3148 3619 3314 3687 1606

612 3714 928 3778 transierit
974 3709 1115 3792 [lb
1160 3731 1271 3795 per
1320 3713 1399 3793 Q
1440 3717 1654 3778 locum.
1748 3717 1961 3778 Trinos
2009 3718 2065 3779 in
2100 3714 2178 3794 Q
2230 3718 2372 3788 et)
2423 3735 2541 3777 nou
2587 3735 2696 3796 pro
2726 3714 3055 3808 quadratis
3103 3713 3314 3782 habeo,

612 3803 753 3884 quia
799 3823 908 3865 nec
957 3804 1148 3882 dirigo
1196 3803 1333 3865 illos
1381 3825 1486 3884 per
1532 3813 1936 3885 aequatorem.
2031 3805 2354 3867 Amicitias
2385 3792 2734 3885 magnorum'
2777 3803 2886 3864 tibi
2927 3803 3161 3863 sincero
3199 3801 3310 3861 ho-

607 3892 753 3956 mini
807 3891 935 3954 sine
984 3891 1247 3954 utilitate
1305 3893 1664 3973 contigisse,
1734 3893 1882 3957 nihil
1929 3903 2026 3957 est
2069 3897 2296 3958 ιιιίιιιιιι
2348 3903 2452 3954 aut
2498 3893 2795 3968 insoleus;
2858 3899 3160 3973 quaerunt
3205 3909 3316 3950 sua

606 3982 847 4062 gaudia,
896 3999 1013 4042 nou
1062 3989 1169 4042 tua
1215 3984 1547 4044 commoda.
1642 3984 2020 4062 Impossibile
2071 3993 2184 4058 est,
2235 3993 2304 4047 ut
2347 3983 2550 4062 magui
2599 3983 2724 4044 siut
2787 3989 2852 4042 et
2897 3999 3118 4060 parvos
3167 3977 3318 4040 sub-

612 4071 813 4132 levent
858 4088 1095 4144 omnes3
1143 4073 1347 4148 magni
1396 4071 1651 4133 hominis
1682 4091 1936 4152 magnus
1975 4075 2176 4135 hiatus
2207 4073 2349 4136 orie.
2445 4071 2944 4140 obtrectationes
2975 4087 3092 4130 nou
3133 4067 3314 4128 debes
3345 4126 3348 4132 .

608 4160 901 4239 refugere,
952 4158 1002 4219 si
1052 4158 1283 4219 deliciis
1331 4161 1549 4222 artium
1596 4161 1836 4223 minime
1864 4163 2240 4242 popularium
2271 4161 2527 4224 frueris:
2578 4179 2749 4222 nemo
2786 4159 3138 4238 praeclarus
3167 4157 3313 4217 haec

606 4267 724 4310 nou
771 4247 1020 4328 patitur.
1116 4247 1285 4309 Haec
1347 4268 1461 4311 nou
1521 4259 1663 4312 sunt
1713 4251 2006 4330 insignia,
2073 4271 2182 4313 nec
2237 4251 2510 4329 indigent
2571 4248 3006 4330 significatione
3055 4245 3310 4323 geneth-

606 4337 799 4410 liaca3
864 4337 1089 4416 passim
1146 4337 1245 4398 vel
1292 4337 1421 4399 sine
1462 4339 1629 4401 coelo
1678 4341 2054 4420 proveniunt.
2151 4339 2426 4402 Studium
2487 4347 2550 4400 et
2597 4339 2968 4400 anxietatem
3015 4335 3186 4398 addit
3235 4331 3310 4410 Q

606 4427 665 4487 in
712 4430 785 4496 Δ
814 4421 855 4504 Β
923 4432 987 4486 et
1033 4427 1094 4502 0²
1137 4427 1446 4507 utriusque
1506 4428 1895 4508 superiorum.
1992 4429 2301 4509 Ingenium
2371 4429 2548 4490 facile
2615 4447 2690 4489 ex
2747 4430 2790 4504 ζὲ
2855 4444 2986 4486 cum
3054 4424 3104 4496 Q
3171 4442 3314 4486 con-

598 4514 949 4596 junctione3
999 4521 1066 4576 at
1110 4534 1226 4576 non
1274 4515 1363 4576 ita
1411 4535 1568 4578 acre.
1661 4517 1859 4580 Bilem
1905 4527 2107 4580 tamen
2155 4511 2496 4580 nonnullam
2525 4519 2576 4589 3}
2625 4517 2686 4578 in
2737 4519 2808 4584 Δ
2847 4522 2918 4584 d.
3012 4513 3313 4575 Dixissem

612 4611 674 4666 te
721 4603 1169 4683 voluptuarium
1218 4625 1293 4666 ex
1341 4605 1401 4680 0‘
1431 4603 1480 4678 Q
1530 4615 1593 4668 et
1636 4608 1716 4684 §3
1764 4607 1930 4670 disco
1979 4608 2160 4687 igitur
2226 4608 2386 4686 apud
2444 4614 2503 4668 te
2553 4607 2842 4685 derogare
2892 4603 3028 4664 huic
3077 4604 3314 4664 decreto

606 4697 679 4762 Δ
708 4688 750 4769 l}
799 4700 863 4752 et
910 4689 1023 4770 Q,
1081 4701 1145 4755 et
1190 4694 1557 4756 laboriosum
1602 4695 1986 4758 nihilominus
2054 4697 2312 4758 efficere.
2410 4693 2848 4758 Credulitatem
2895 4697 2968 4762 Δ
2999 4691 3078 4770 Θ
3130 4699 3193 4752 et
3236 4689 3310 4764 21,

558 4851 563 4856 ,
597 4779 889 4859 judicium
918 4787 1118 4844 tamen
1166 4787 1238 4852 Δ
1270 4780 1350 4860 Θ
1401 4790 1464 4845 et
1508 4780 1579 4861 Β,
1629 4793 1691 4845 et
1730 4785 1922 4861 juncti
1955 4795 2205 4866 uterque
2235 4784 2745 4864 superstitiosum.
2821 4784 2890 4844 Iu
2922 4782 3016 4843 his
3047 4780 3310 4862 aspecti-

609 4871 833 4932 bus‘et
877 4871 999 4933 situ
1044 4873 1095 4942 ζ»)
1148 4871 1290 4934 mihi
1340 4873 1516 4946 valde
1566 4872 1778 4935 similis
1827 4893 1913 4937 es.
2009 4874 2344 4955 Utrique)
2397 4873 2456 4933 in
2497 4873 2638 4934 XII.
2688 4873 2746 4934 iu
2793 4875 2865 4941 Δ
2903 4879 2982 4949 d,
3040 4873 3185 4935 mihi
3235 4866 3311 4947 Q
