3634 5575
1383 391 1395 400 ·
1485 383 1550 435 ‹10
1583 385 1732 436 aba·
1769 386 2093 454 magica.
2412 417 2417 422 ·
2714 345 2725 350 ’
3018 387 3149 458 309

435 550 600 619 rant,
667 561 787 623 qua
831 543 892 607 vi
937 543 1192 606 infantis
1237 543 1482 624 genesis
1535 546 1745 624 genesi
1805 547 2081 624 parentis
2138 547 2209 610 fit
2240 546 2501 624 similis,
2570 566 2689 627 qua
2752 549 2812 610 vi
2865 557 3149 628 aspectus

433 635 812 713 planetarum
859 633 1184 696 secundum
1231 634 1482 712 figuram
1531 633 2059 696 demonstrabilem
2110 637 2187 699 ab
2230 637 2445 700 animis
2484 645 2548 700 et
2584 637 2791 699 formis
2840 637 3147 713 sentitur).

433 723 524 786 At
569 721 728 802 quod
783 739 902 784 non
967 720 1330 801 ingreditur,
1399 741 1516 784 uon
1561 731 1766 786 movet
1779 743 1798 797 ;
1876 743 2057 804 quare
2105 723 2215 788 nec
2273 745 2405 788 cum
2448 727 2733 806 planetae
2781 721 2947 805 51⁸1,
2978 721 3006 760 ⁶
3050 728 3144 790 di-

433 819 619 884 stant,
649 810 1000 874 ‘movebunt
1043 818 1354 884 naturam3
1402 828 1520 872 non
1567 811 1724 874 enim
1771 820 1869 874 est
1913 813 2263 876 harmonica
2309 815 2634 890 distantia,
2684 833 2819 878 cum
2862 833 3147 894 praeser-

433 901 542 963 tim
587 899 1010 978 septangnlum
1055 917 1168 962 nec
1212 901 1488 980 regulare
1537 917 1754 979 corpus
1801 903 2157 978 conformat,
2204 921 2315 965 nec
2343 903 2677 983 planitiem,
2728 923 2815 966 sc.
2846 905 3141 984 nuspiam,

435 1007 618 1071 quare
663 1007 776 1050 nec
821 988 882 1048 in
929 988 1116 1050 radiis
1163 989 1564 1068 planetarum,
1613 1007 1722 1053 nec
1767 989 1829 1052 in
1876 990 2061 1056 sonis.
2152 993 2321 1054 Haec
2364 992 2551 1072 igitur
2595 992 2745 1055 bene
2774 993 2956 1055 velim
2994 1013 3143 1056 con-

435 1078 682 1142 sideres.
777 1075 910 1156 Ego
959 1087 1242 1156 aspectus
1290 1078 1400 1139 hos
1447 1085 1594 1157 puto
1639 1097 1736 1140 me
1783 1079 1989 1140 videre
2036 1081 2277 1142 fortiter
2322 1089 2596 1161 agenteS,
2642 1081 2751 1143 sed
2798 1081 2892 1142 vis
2938 1098 3145 1146 eorum

435 1165 818 1230 aestimanda
863 1173 962 1228 est
1005 1185 1082 1228 ex
1128 1167 1362 1228 ratione
1409 1167 1971 1230 demonstrationis.
2034 1169 2195 1232 latus
2242 1189 2369 1231 sex
2386 1169 2637 1250 anguli
2682 1169 2878 1251 ipsum
2924 1188 3032 1250 per
3076 1189 3143 1234 se

435 1265 532 1318 est
575 1249 772 1336 ἑητω,
819 1273 960 1316 nam
1005 1256 1258 1335 aequale
1306 1264 1404 1318 est
1448 1255 1933 1330 semidiametro,
1982 1258 2334 1337 quadrati
2382 1258 2593 1321 lateris
2641 1260 3001 1341 quadratum
3046 1266 3144 1322 est

393 1369 398 1372 ·
435 1342 630 1424 (imm,
679 1363 819 1406 nam
867 1343 1178 1406 dimidium
1223 1352 1320 1407 est
1367 1345 1646 1424 quadrati
1693 1344 2006 1420 diametri3
2054 1346 2334 1426 trigoni
2379 1348 2591 1410 lateris
2638 1347 2999 1428 quadratum
3046 1354 3145 1411 est

436 1435 514 1496 ad
561 1432 920 1514 quadratum
967 1433 1246 1497 diametri
1291 1441 1360 1495 ut
1407 1431 1446 1496 3
1496 1434 1576 1495 ad
1622 1430 1694 1508 4,·
1759 1435 2180 1512 conjunctio
2230 1443 2329 1498 est
2371 1436 2431 1498 in
2479 1435 2863 1516 geometricis
2908 1437 3145 1518 integer

435 1520 692 1584 circulus
739 1541 844 1583 seu
891 1531 1198 1602 punctum,
1245 1541 1354 1584 seu
1399 1522 1648 1585 nullitas
1696 1525 1898 1603 anguli
1946 1525 2282 1600 radiorum?
2316 1525 2375 1586 h.
2425 1543 2478 1586 e.
2529 1525 2932 1586 coincidentia
2944 1543 2963 1599 3
3013 1544 3139 1605 op·-

435 1610 712 1691 positio
759 1611 892 1692 ipsa
939 1611 1234 1674 diameter
1280 1620 1407 1687 est,
1473 1631 1644 1674 mera
1704 1611 1999 1674 identitas
2060 1632 2167 1674 seu
2225 1633 2597 1689 μονοφωνιας
2670 1613 3019 1692 quintilis
3080 1621 3146 1676 et

437 1699 874 1780 biquintilis
922 1701 1220 1780 quadrata
1258 1701 1469 1782 juncta
1514 1709 1657 1763 sunt
1703 1701 1779 1762 ad
1829 1701 2189 1782 quadratum
2235 1702 2511 1765 diametri
2556 1709 2627 1763 ut
2672 1699 2711 1764 5
2762 1701 2840 1764 ad
2885 1698 2950 1765 4.
3026 1702 3143 1765 Di-

439 1789 570 1850 visa
615 1807 732 1849 non
779 1788 855 1850 ad
903 1789 1176 1865 invicem,-
1227 1809 1334 1852 nec
1381 1790 1458 1852 ad
1506 1791 1865 1871 quadratum
1912 1791 2211 1866 diametri,
2258 1799 2326 1854 ut
2362 1809 2643 1854 numerus
2689 1791 2767 1852 ad
2813 1788 3142 1866 numerum,

437 1879 550 1939 hoc
631 1877 834 1958 itaque
907 1878 1144 1940 nomine
1209 1887 1349 1942 sunt
1419 1880 1552 1941 loco
1614 1879 1973 1958 posteriore.
2075 1880 2233 1942 Vide
2306 1881 2653 1942 methodum
2714 1879 3143 1962 polygonorum

409 1965 756 2040 .(Adriani)
801 1965 1080 2030 Romani.
1175 1968 1305 2030 Nec
1351 1967 1508 2031 enim
1552 1967 1746 2048 prima
1801 1987 1910 2030 nec
1958 1968 2253 2046 secunda,
2322 1971 2431 2032 sed
2476 1969 2661 2031 tertia
2706 1968 2939 2030 demum
2987 1987 3139 2049 qua-

440 2057 618 2118 drata
659 2055 722 2116 in
769 2057 1030 2119 numeris
1078 2064 1426 2138 aequantur.
1517 2055 1804 2119 Potentia
1861 2056 2391 2138 quinquangularis
2446 2057 2659 2120 lateris
2720 2056 2993 2136 aequalis
3048 2063 3146 2118 est

437 2143 748 2224 potentiae
830 2145 1258 2208 semidiametri
1345 2154 1410 2208 et
1481 2146 1791 2224 potentiae
1878 2146 2089 2206 lateris
2166 2145 2628 2227 decangulariS,
2728 2145 2885 2226 quod
2959 2144 3142 2207 habet

439 2251 610 2295 suam
676 2233 1233 2297 determinationem
1303 2235 1362 2296 in
1409 2234 1601 2314 gradu
1644 2241 1897 2296 remoto.
1994 2233 2149 2296 Illud
2206 2235 2561 2324 quadratum
2610 2233 2693 2296 sit
2749 2233 2908 2309 AB,
2978 2234 3145 2314 cujus

429 2323 560 2402 jam
605 2313 766 2384 latus
811 2321 935 2386 AC
983 2324 1190 2405 nequit
1236 2322 1485 2402 exprimi
1533 2341 1792 2386 numero,
1882 2321 1974 2384 Ab
2020 2322 2135 2384 boc
2552 2369 2644 2420 m,
2671 2365 2717 2410 2

439 2411 750 2492 quadrato,
801 2412 970 2491 cujus
1017 2413 1292 2492 cognitus
1340 2420 1438 2474 est
1481 2431 1788 2487 numerus,
1853 2411 2135 2474 eximitur
2219 2472 2231 2494 ὲ
2778 2433 2825 2484 E

437 2500 794 2579 quadratum
860 2501 1051 2578 aliud,
1121 2502 1280 2582 quod
1334 2501 1528 2580 ipsum
1593 2519 1728 2563 cum
1785 2519 1893 2562 suo
1941 2501 2134 2562 latere

437 2596 640 2668 potest
685 2588 938 2668 exprimi
969 2608 1232 2662 numero,
1279 2591 1428 2653 AD.
1506 2587 1766 2652 Secatur
1792 2589 1976 2670 igitur
2003 2587 2133 2651 Ac

437 2678 498 2740 iu
541 2677 598 2740 E
643 2677 880 2740 ratione
927 2679 1202 2758 cognita3
1269 2697 1378 2740 nec
1444 2685 1646 2740 tamen
1713 2695 1956 2740 numero
2020 2696 2133 2738 ex-

435 2767 608 2847 primi
655 2773 859 2848 potest
887 2765 1026 2843 Ec,
1069 2786 1202 2831 cum
1247 2763 1422 2847 ῥητον
1448 2766 1574 2829 AE
1623 2767 1699 2829 ab
1745 2763 1983 2849 ἅρῤητῳ
2011 2763 2134 2830 AC

437 2857 704 2919 ablatum
731 2856 1034 2938 relinquat
1077 2854 1335 2938 ἀρῤητω
1359 2856 1500 2919 ΕΟ.
1571 2855 1655 2917 Et
1683 2856 1826 2936 quia
1860 2854 1999 2930 EO,
2035 2854 2139 2938 ἆῤ·

437 2941 647 3027 ῥητω,
713 2944 770 3006 in
817 2965 886 3007 se
932 2946 1127 3024 ipsum
1174 2947 1417 3009 ductum
1456 2944 1604 3008 facit
1641 2944 1806 3019 DB,
1861 2943 2044 3026 igitur
2074 2950 2139 3007 et

434 3035 563 3096 DB
612 3028 886 3114 ἀρῤητω.
979 3034 1078 3096 Ex
1133 3054 1246 3115 quo
1304 3042 1366 3097 et
1421 3034 1540 3097 alio
1598 3030 1754 3113 ρητῳ
1816 3034 2133 3116 quadrato,
2205 3037 2243 3093 J

436 3143 493 3186 n.
545 3123 1002 3198 semidiametri,
1069 3124 1442 3203 componitur
1501 3124 1859 3204 quadratum
1922 3123 2136 3185 lateris

436 3210 882 3293 quinquanguli.
976 3213 1106 3274 Hoc
1161 3213 1519 3293 quadratum
1584 3230 1704 3274 non
1762 3221 1861 3275 est
1912 3230 2023 3292 per
2068 3232 2135 3274 se

436 3300 839 3381 comparabile
889 3300 967 3361 ad
1015 3302 1390 3371 diametrum,
1441 3302 1548 3363 sed
1594 3320 1703 3382 per
1745 3302 2132 3363 ablationem.
2203 3318 2251 3371 1³
2778 3326 2823 3373 a
3092 3324 3137 3376 B

433 3390 594 3452 Nam
620 3390 736 3451 AB
764 3388 900 3469 plus
944 3390 1134 3452 babet
1161 3409 1338 3471 quam
1367 3389 1486 3451 AD
1533 3398 1593 3451 et
1623 3390 1754 3464 DB,
1787 3408 2001 3469 nempe
2038 3390 2157 3452 FD
2186 3396 2250 3452 et
2287 3389 2420 3466 DC,
2478 3399 2541 3454 et
2571 3398 2669 3453 est
2700 3388 3141 3471 comparabile;

435 3477 566 3540 AD
612 3478 822 3539 itidem
868 3486 966 3539 est
1010 3479 1436 3559 comparabile.
1530 3479 1602 3540 Id
1651 3479 1951 3552 aufertur3
2000 3478 2177 3540 simul
2230 3487 2431 3542 autem
2478 3480 2701 3541 cadunt
2736 3480 2861 3542 FD
2908 3486 2973 3541 et
2998 3475 3141 3554 Dc,

435 3566 948 3646 incomparabilia,
1000 3569 1262 3630 retinent
1308 3576 1510 3629 tamen
1557 3586 1728 3629 suam
1775 3566 2337 3629 determinationem
2386 3566 2463 3629 ab
2491 3568 2635 3642 AB,
2684 3568 2839 3644 AD,
2890 3586 3139 3647 compa-

433 3656 747 3728 rabilibus,
795 3663 862 3718 ut
907 3656 1278 3737 relinquatur
1322 3657 1445 3718 DB
1495 3656 1836 3737 quaesitum
1883 3656 2375 3735 incomparabile.

609 3744 728 3806 Est
779 3744 966 3825 igitur
1022 3746 1172 3807 haec
1229 3764 1460 3827 quoque
1515 3745 1806 3808 mirabilis
1864 3744 2290 3826 quantitatum
2333 3752 2551 3807 natura
2572 3790 2589 3817 ,
2654 3744 2915 3807 sortieus
2970 3761 3145 3806 suam

436 3832 996 3897 determinationem
1045 3835 1121 3897 ab
1168 3835 1494 3897 ablatione.
1590 3834 1911 3909 Quamvis,
1970 3841 2039 3896 ut
2084 3834 2196 3896 hoc
2244 3834 2491 3909 addam,
2550 3839 2685 3894 tota
2729 3833 2879 3895 haec
2927 3851 3140 3895 esseu-

436 3924 560 3986 tiae
605 3922 762 3984 ratio
809 3930 924 3985 est.
1019 3922 1218 3985 Aliter
1269 3924 1476 4004 itaque
1535 3923 1875 3986 subsistunt
1938 3923 2365 3996 (subsistentia
2422 3916 2860 4003 quantitativa)
2878 3968 2893 3995 ,
2964 3920 3143 3983 aliter

435 4019 887 4092 comparantur;
959 4012 1073 4074 boc
1131 4013 1254 4074 illis
1300 4013 1524 4076 accidit
1569 4034 1606 4075 a
1653 4022 1875 4075 mente.
1970 4011 2095 4074 Sed
2143 4012 2219 4073 ad
2267 4030 2411 4073 rem.
2503 4010 2635 4073 Hoc
2681 4010 2884 4092 itaque
2932 4028 3143 4091 genus,

433 4108 500 4163 nt
546 4100 973 4185 quinquanguli
1005 4103 1184 4175 latus,
1237 4102 1520 4164 consistit
1573 4101 1630 4163 in
1689 4109 1924 4164 remota
1971 4101 2418 4181 comparatione
2468 4109 2530 4162 et
2578 4099 2863 4162 abhorret
2909 4120 2947 4161 a
2974 4097 3139 4161 ‘reli-

433 4192 582 4271 qui8.
677 4190 810 4251 Ho'c
855 4208 950 4251 me
995 4191 1174 4253 valde
1223 4190 1509 4253 turbavit.
1603 4190 1947 4253 Videbatur
1984 4190 2143 4251 enim
2189 4189 2301 4252 hoc
2345 4196 2529 4269 pacto
2576 4188 2723 4251 nihil
2772 4189 2977 4251 valere
3026 4188 3139 4250 de-

431 4281 604 4355 bere,
665 4298 802 4343 cum
847 4298 964 4341 non
1014 4299 1079 4342 se
1125 4280 1258 4360 ipso
1305 4280 1682 4359 intelligatur
1727 4287 1792 4342 et
1836 4286 2237 4359 comparetur.
2331 4278 2547 4340 Erexit
2590 4296 2685 4339 me
2747 4285 2948 4340 tamen
2995 4296 3139 4339 mu-

432 4369 606 4433 sica.
701 4368 856 4433 Cum
901 4369 1056 4430 enim
1105 4369 1290 4431 tertia
1333 4368 1532 4431 mollis
1579 4369 1664 4431 sit
1707 4388 1745 4431 a
1789 4369 2140 4447 sexanguIO,
2190 4367 2377 4431 tertia
2416 4367 2569 4429 dura
2614 4387 2653 4427 a
2680 4366 3139 4449 quinquangulo,

430 4466 594 4522 certe
633 4456 954 4539 jucundior
1001 4457 1412 4537 (quantumvis
1461 4457 1644 4531 dura)
1691 4464 1790 4520 est
1836 4458 2019 4529 tertia
2068 4458 2247 4532 dura,
2312 4456 2511 4519 mollis
2557 4474 2767 4535 parum
2818 4456 3027 4531 abest,
3074 4452 3144 4517 ut

429 4566 546 4611 non
593 4552 901 4610 consonet.
996 4544 1283 4627 Oportuit
1309 4546 1494 4627 igitur
1521 4548 1678 4608 ratio
1725 4568 1763 4609 a
1801 4565 1897 4608 me
1935 4544 2286 4626 excogitari,
2336 4564 2455 4625 qua
2498 4544 2684 4606 etiam
2729 4545 2954 4607 multae
2984 4544 3141 4606 aliae

427 4637 650 4717 figurae
715 4634 1144 4698 consonantias
1193 4636 1462 4697 facturae
1511 4635 1794 4711 fuissent,
1864 4654 1997 4698 cum
2054 4636 2231 4697 valde
2288 4630 2541 4716 ἀῤῥητοι
2600 4634 2756 4710 sint,
2823 4632 2935 4695 nisi
3003 4631 3141 4696 aliis

425 4727 627 4788 causis
681 4724 1137 4804 impedirentur.
1230 4726 1332 4785 Ita
1389 4724 1560 4786 vides
1625 4725 1684 4785 in
1749 4724 2046 4804 prioribus
2114 4724 2339 4798 literiS,
2404 4722 2659 4804 relinqui
2726 4722 3138 4803 decangulum,

438 4809 538 4897 'lm
561 4862 576 4890 ‚
627 4833 808 4876 unam
855 4820 1128 4875 octavam
1179 4814 1319 4885 Sto„
1374 4814 1742 4893 multasque,
1808 4813 1927 4875 imo
1974 4813 2239 4875 infinitas
2286 4814 2461 4875 alias.
2558 4810 2763 4875 Causa
2806 4830 2985 4887 vero,
3038 4830 3141 4873 cur

423 4904 482 4965 in
539 4903 872 4985 sexangulo
927 4904 1308 4983 praepolleat
1365 4902 1552 4967 tertia
1607 4902 1758 4964 dura
1811 4902 2005 4977 molli,
2074 4909 2172 4965 est
2233 4901 2442 4965 itidem
2498 4920 2574 4963 ex
2626 4901 3137 4965 demonstratione

863 5104 894 5117 Q
