3634 5575
1609 434 1776 501 Caput
1809 435 1992 487 xxm.
3041 433 3164 501 187

443 593 638 657 stasin,
685 594 732 647 si
769 592 1098 659 ineffabiles,
1143 612 1252 649 non
1279 596 1418 651 dari.
1473 598 1600 651 Jam
1627 597 1881 651 effabile-s
1912 600 2113 651 deutur
2142 615 2213 653 an
2252 596 2579 661 ineffabiles,
2624 598 2702 650 sic
2744 595 3168 665 dijudicandum:

443 691 630 728 omnes
659 682 904 729 motuum
931 692 1310 746 apogaeorum
1338 683 1398 731 et
1424 676 1816 747 perigaeorum
1848 678 2251 748 proportiones,
2302 686 2417 733 tam
2465 677 2733 741 binorum,
2783 693 2947 747 quam
2988 678 3175 750 singu-

444 755 634 817 lorum,
667 761 798 809 sunt
825 756 1094 819 affabiles,
1139 764 1271 811 sunt
1297 756 1438 811 enim
1494 759 1780 811 desumtae
1811 776 1885 811 ex
1914 758 2239 820 harmoniis,
2285 766 2345 809 et
2373 757 2506 809 illae
2536 766 2667 811 sunt
2694 774 2880 810 omnes
2908 758 3176 821 effabiles,

445 840 508 887 ut
535 840 596 888 et
622 834 889 888 concinna
917 844 978 890 et
1004 835 1278 889 concinnis
1308 836 1666 891 inservientia
1694 837 1998 891 intervalla
2027 837 2224 891 omnia.
2268 836 2461 907 Itaque
2498 838 2593 890 lib.
2622 838 2693 891 V.
2730 836 3178 891 Harmonioorum

445 929 566 982 cap.
599 914 656 967 9.
685 930 846 984 prop.
877 914 972 970 48.
1005 932 1191 969 omnes
1221 915 1276 970 hi
1305 926 1486 971 motus
1517 917 1630 970 suis
1659 916 1897 971 numeris
1928 917 2177 985 expressi
2208 924 2269 970 et
2298 916 2449 971 effati
2480 923 2627 971 sunt.
2668 917 2893 969 Numeri
2922 917 3065 970 enim
3094 916 3177 970 illi

447 992 682 1062 praecisi
723 1000 854 1047 sunt
893 995 1260 1065 intelligendi.
1317 996 1442 1049 Jam
1483 1014 1614 1049 vero
1658 998 2057 1065 periodicorum
2104 1004 2409 1067 temporum
2459 996 2605 1050 inter
2650 1013 2709 1049 se
2757 995 3043 1065 proportio
3090 1002 3179 1049 est

445 1074 634 1125 eadem
685 1074 1026 1143 quantitate,
1077 1092 1218 1144 quac
1265 1082 1353 1130 est
1397 1084 1456 1129 et
1501 1083 1740 1130 motuum
1785 1077 2101 1131 mediorum.
2159 1078 2343 1131 Motus
2376 1092 2505 1128 vero
2550 1075 2710 1129 medii
2738 1075 3083 1145 participant
3108 1077 3175 1128 de

447 1152 619 1207 medio
651 1153 998 1209 arithmetico
1026 1154 1173 1207 inter
1199 1161 1498 1219 extremas,
1531 1155 1808 1225 aphelium
1840 1164 1899 1209 et
1927 1156 2287 1225 perihelium;
2318 1156 2460 1225 quod
2490 1156 2723 1209 medium
2754 1161 2845 1208 est
2870 1154 3015 1209 inter
3042 1156 3175 1209 effa-

445 1212 586 1286 bises
614 1231 717 1287 hos
746 1234 1024 1297 terminos,
1057 1234 1310 1289 effabile:
1342 1235 1680 1305 participant
1707 1242 1766 1290 et
1794 1238 1861 1289 de
1892 1236 2067 1291 medio
2096 1236 2241 1289 inter
2268 1238 2487 1289 eosdem
2515 1234 2873 1306 geometrico.
2926 1237 3003 1287 At
3032 1233 3175 1288 inter

445 1311 698 1366 effabiles
737 1313 998 1367 terminos
1039 1332 1146 1368 non
1189 1321 1280 1369 est
1313 1332 1530 1385 semper
1571 1315 1794 1369 effabile
1840 1318 2075 1370 medium
2115 1315 2528 1386 geometricum.
2588 1315 2731 1367 Sunt
2778 1312 2950 1383 igitur
2992 1322 3172 1366 motus

445 1392 798 1461 planetarum
825 1392 986 1448 medii
1013 1392 1320 1448 ineffabiles
1363 1401 1424 1449 et
1483 1394 2059 1450 incommensurabiles
2102 1396 2336 1449 motibus
2376 1395 2639 1449 extremis
2670 1394 3021 1462 planetarum
3063 1410 3173 1445 om-

447 1472 610 1525 nium.
651 1472 790 1526 Vide
817 1474 1080 1527 Harmon.
1113 1474 1208 1527 lib.
1241 1475 1308 1527 V.
1341 1490 1465 1543 cap.
1499 1475 1554 1529 9.
1587 1492 1741 1544 prop.
1775 1475 1869 1529 48.
1910 1477 2042 1529 Cum
2073 1482 2259 1529 autem
2289 1491 2325 1527 a
2353 1473 2517 1543 priori
2550 1474 2705 1527 nulla
2733 1473 2807 1525 sit
2834 1472 2997 1537 ratio,
3031 1489 3171 1543 quae

445 1552 642 1605 formet
668 1559 847 1606 motus
877 1552 1098 1615 medios,
1147 1556 1242 1607 sed
1286 1570 1404 1607 cum
1442 1553 1700 1609 resiliant
1739 1555 1945 1626 singuli
1988 1573 2063 1609 ex
2101 1554 2215 1608 suis
2256 1554 2491 1607 motibus
2530 1551 2811 1621 extremis,
2866 1569 2972 1605 non
3012 1561 3186 1605 erunt·

443 1630 604 1684 medii
633 1639 812 1685 motus
841 1650 910 1685 ne
939 1633 1084 1686 inter
1112 1650 1172 1685 se
1202 1633 1418 1703 quidem
1446 1635 1996 1697 commensurabiles;
2043 1636 2255 1688 nullum
2284 1632 2425 1685 enim
2455 1633 2763 1686 ordinatum
2781 1671 2795 1694 ,
2842 1638 2905 1685 ut
2933 1632 3170 1685 effabili-

446 1719 552 1773 tas‚
603 1726 734 1765 casu
779 1712 1024 1767 existere
1071 1714 1232 1766 solet.
1309 1714 1494 1775 Quare
1541 1731 1720 1785 neque
1769 1715 1979 1785 periodi
2028 1722 2331 1785 temporum
2372 1713 2515 1766 inter
2552 1730 2613 1765 se
2650 1710 3168 1765 commensurabiles

445 1795 626 1845 erunt.
682 1791 857 1845 Nulla
885 1791 1057 1862 igitur
1085 1794 1224 1847 data
1254 1793 1508 1862 perfecta
1545 1801 1786 1849 motuum
1830 1794 2259 1864 apocatastasis,
2310 1809 2451 1862 quae
2498 1809 2599 1862 pro
2634 1792 2743 1845 fine
2780 1798 3024 1844 motuum
3059 1790 3168 1845 for-

446 1868 576 1923 mali
607 1887 706 1923 seu
732 1871 996 1925 rationali
1024 1872 1220 1927 haberi
1250 1872 1446 1942 possit.

604 1951 796 2003 Habes
824 1950 1014 2023 igitur,
1062 1953 1255 2016 lector,
1305 1968 1542 2007 examen
1579 1952 1755 2007 libelli
1797 1953 1923 2017 mei,
1972 1954 2057 2007 cui
2098 1952 2295 2008 titulus
2325 1968 2361 2005 a
2386 1950 2655 2020 Mysterio
2686 1948 3169 2020 cosmographico,

446 2028 770 2098 promissum
795 2036 928 2097 ante
957 2047 1130 2085 annos
1165 2032 1238 2087 10
1265 2032 1322 2086 in
1353 2034 1553 2087 Comm.
1583 2032 1780 2087 Martis
1809 2040 1958 2102 part.
1990 2034 2089 2098 111,
2117 2050 2305 2088 verum
2336 2038 2467 2085 ante
2496 2029 2949 2083 Harmonicorum
2974 2027 3169 2083 editio-

447 2125 570 2162 nem
596 2110 750 2162 Iocus
779 2110 908 2164 huic
935 2110 1174 2165 examini
1207 2129 1318 2167 non
1344 2113 1468 2167 fuit.
1528 2113 1711 2174 Quare
1739 2114 1847 2167 fine
1890 2111 2330 2169 commentationi
2371 2108 2625 2179 imposito
2662 2116 3052 2185 ‘convertamur
3098 2110 3169 2163 ad

447 2187 730 2258 hymnum,
775 2189 867 2260 qui
908 2190 1109 2245 librum
1149 2192 1376 2247 claudit.
