3634 5575
1267 304 1316 332 ⁸·

1455 387 1518 436 de
1554 387 1698 436 rebus
1735 388 2057 453 astrologicis.
2990 389 3119 456 347

401 563 496 606 me
567 563 718 606 uxor
789 547 1246 625 importunitate
1322 568 1459 618 sua,
1535 557 1628 623 ut,
1705 549 1847 629 quia
1912 549 2133 610 balnea
2198 549 2429 624 horret,
2506 551 2603 611 vel
2678 552 2925 613 tandem
3001 553 3119 615 ali·-

403 634 639 714 quando
704 654 921 714 corpus
987 636 1310 699 abluerem.
1404 636 1712 700 Immersit
1755 657 1849 698 me
1915 639 1971 699 in
2033 637 2262 700 labrum
2312 657 2505 718 aquae
2553 639 2703 702 bene
2762 641 3119 717 calefactae,

403 723 501 802 qui
547 724 810 786 calorme
869 725 1100 804 afflixit
1155 745 1364 812 meque
1421 727 1849 805 coangustavit
1903 727 2065 790 circa
2120 728 2491 807 praecordia.
2592 726 2699 792 31.
2758 731 2912 810 Maji
2969 751 3117 812 pur-

402 812 570 890 gavi,
637 833 713 873 ex
779 832 944 875 more
1008 835 1152 876 usus
1217 837 1646 896 παγχυμαγωγῳ
1710 815 1849 877 leni.
1966 816 2020 878 1.
2067 816 2209 878 Jun.
2273 835 2487 879 venam
2546 819 2709 881 secui
2764 821 2983 883 iterum
3043 839 3119 882 ex

403 919 600 975 more,
669 921 784 963 non
841 910 1094 983 urgente
1152 905 1395 979 morbo,
1463 923 1536 965 ne
1598 905 1961 986 suspicione,
1996 906 2233 985 quidem
2282 906 2491 967 morbi.
2589 908 2794 987 Atque
2842 910 2955 971 hoc
3002 927 3117 970 non

372 993 544 1050 'sane
609 1011 685 1051 ex
750 993 1127 1074 praescripto
1192 993 1595 1072 astrologiae,
1671 1000 1740 1054 ut
1803 993 1979 1055 facile
2035 995 2225 1056 vides.
2314 993 2549 1074 Minuto
2613 997 2903 1076 sanguine
2967 999 3119 1060 bene

403 1079 580 1140 habui
626 1095 736 1159 per
779 1079 960 1142 horas
1008 1081 1258 1162 aliquot,
1307 1101 1558 1162 vespere
1607 1083 1770 1144 facto
1819 1081 2079 1144 difficilis
2126 1102 2220 1144 me
2270 1101 2511 1145 somnus
2561 1084 2813 1148 invitum
2858 1087 2919 1148 in
2950 1095 3116 1148 stra-

406 1169 548 1248 gula
593 1170 866 1249 conjecit,
917 1171 1276 1249 praecordia
1323 1171 1898 1250 coangustabantur.
1976 1171 2140 1234 Tunc
2188 1191 2275 1234 sc.
2306 1172 2446 1233 bilis
2480 1173 2789 1236 ferebatur
2818 1173 2878 1236 in
2910 1184 3111 1254 caput,

391 1258 572 1337 juxta
615 1259 972 1338 praecordia
1017 1261 1340 1322 transiens.
1444 1257 1506 1322 2.
1555 1260 1694 1322 Jun.
1744 1279 1863 1321 non
1912 1260 2139 1339 optima
2186 1267 2569 1340 tempestate,
2634 1263 2835 1324 calida
2884 1273 3111 1338 tamen,

405 1347 656 1408 transivi
721 1347 779 1408 in
847 1347 1134 1411 minorem
1195 1348 1442 1422 urbem,
1515 1357 1578 1410 ut
1623 1347 1770 1410 mihi
1830 1349 2046 1410 melius
2092 1355 2259 1410 esset
2321 1358 2488 1410 motu
2536 1368 2701 1412 uso.·
2760 1352 2972 1413 Biduo⁴
3005 1353 3117 1414 hoc

403 1435 696 1497 Rhenano
765 1437 900 1498 vino
963 1455 1252 1518 perquam
1307 1455 1602 1515 generoso
1670 1457 1835 1503 eram
1902 1457 2065 1499 usus.
2182 1435 2305 1498 Sed
2377 1438 2455 1498 ad
2512 1439 2688 1518 hujus
2748 1439 2866 1501 diei
2928 1459 3116 1520 pran-

405 1524 562 1586 dium
600 1525 915 1604 frugaliter
943 1526 1103 1588 vixi:
1155 1526 1318 1588 circa
1363 1526 1574 1588 horam
1621 1545 1680 1606 p.
1729 1547 1810 1588 m.
1862 1528 2108 1588 tertiam
2154 1527 2365 1588 horror
2408 1545 2503 1588 me
2552 1529 2795 1608 excepit
2822 1530 2961 1592 dum
3002 1530 3115 1590 do-

405 1632 560 1675 mum
609 1614 938 1686 contendo,
1004 1623 1070 1676 et
1113 1624 1179 1677 ut
1225 1615 1291 1676 fit
1338 1616 1495 1695 apud
1543 1634 1636 1678 me
1691 1614 1752 1676 in
1809 1614 2083 1677 omnibns
2142 1614 2441 1690 febribus,
2508 1617 2819 1678 cerebrum
2866 1619 3122 1680 invaluit

407 1722 643 1779 somno,
711 1703 962 1764 dormivi
1007 1704 1304 1785 inquiete,
1365 1711 1496 1765 toto
1543 1723 1696 1784 pene
1741 1704 1957 1780 biduo,
2004 1704 2168 1766 nullo
2216 1723 2360 1765 usus
2410 1703 2571 1772 cibo,
2622 1704 2873 1768 subinde
2920 1705 3121 1768 vomui

405 1793 583 1853 bilem
632 1793 950 1854 admodum
999 1801 1360 1873 corruptam.
1452 1792 1863 1874 Paroxysmos
1926 1793 2123 1854 nullos
2180 1793 2571 1854 vehementes
2630 1794 2831 1856 habui.
2924 1796 3119 1856 Totus

403 1883 642 1943 morbus
706 1881 766 1944 in
815 1881 1102 1943 effusione
1149 1881 1288 1944 bilis
1333 1883 1396 1944 in
1441 1882 1838 1944 ventriculum
1886 1881 2017 1944 fuit.
2110 1881 2333 1942 Triduo
2380 1890 2549 1960 post,
2614 1901 2670 1947 n.
2716 1877 2778 1943 4.
2828 1883 2969 1945 Jun.
3020 1884 3118 1945 in-

406 1971 551 2032 cidit
597 1991 715 2033 una
759 1989 910 2034 uxor
955 1989 1090 2032 mea
1133 1971 1193 2032 in
1243 1971 1652 2051 qnotidianam
1683 1971 1930 2039 febrem,
1978 1978 2151 2032 tanto
2179 1970 2693 2049 periculosiorem,
2745 1973 2902 2051 quod
2950 1981 3117 2034 esset

401 2059 672 2138 gravida.
765 2058 1028 2139 Reliqua
1069 2059 1462 2139 particularia
1507 2079 1623 2121 non
1663 2061 1967 2134 annotavi,
2015 2058 2132 2120 uisi
2179 2059 2335 2138 quod
2383 2059 2461 2120 ad
2509 2055 2551 2122 6
2598 2061 2696 2120 vel
2730 2059 2769 2122 7
2817 2062 3115 2141 septima-

405 2169 512 2209 nas
545 2148 924 2210 conflictatus
956 2167 1030 2210 ea
1058 2167 1210 2210 sum.
1277 2148 1586 2210 Interdum
1631 2146 1712 2211 10
1743 2148 1953 2210 diebus
1992 2148 2158 2222 liber,
2206 2155 2276 2207 ut
2322 2165 2509 2210 sanus
2554 2149 2862 2224 crederer,
2914 2151 3117 2229 itaque

401 2256 512 2298 usu
533 2237 652 2298 vini
684 2238 761 2299 ad
789 2236 1146 2299 vomitiones
1170 2237 1308 2298 bilis
1338 2237 1488 2299 redii
1518 2245 1582 2299 et
1610 2238 1686 2299 ad
1715 2237 1995 2298 horrores
2014 2237 2139 2316 dcc„
2172 2254 2309 2298 cum
2338 2237 2585 2298 duraret
2618 2238 2953 2300 obstructio
2979 2239 3119 2300 alvi.

404 2323 620 2400 Credo,
669 2345 762 2386 me
812 2345 886 2386 ex
933 2345 1136 2387 eornm
1182 2345 1424 2388 numero
1473 2345 1629 2400 esse,
1679 2325 1895 2405 quibus
1938 2345 2015 2386 ex
2059 2325 2199 2387 bilis
2248 2324 2519 2388 folliculo
2566 2334 2805 2389 meatus
2852 2328 2913 2389 in
2958 2347 3111 2390 ven-

401 2415 680 2477 triculum
728 2414 874 2488 abit,
925 2415 1023 2495 qui
1069 2417 1272 2477 solent
1315 2433 1452 2476 esse
1499 2417 1823 2496 βραχυβιοι.

544 2520 583 2569 F
599 2521 918 2572 abi-icius.
981 2520 1193 2577 Moneo,
1251 2525 1309 2569 ut
1345 2519 1606 2584 diligenter
1641 2519 1860 2583 inquiras
1896 2517 2242 2566 universalium
2290 2523 2343 2566 et
2388 2517 2731 2568 diutumarum
2768 2524 3121 2583 tempestatum

403 2605 611 2650 causan
649 2593 701 2642 in
737 2593 798 2642 iis
834 2606 1012 2658 nempe
1050 2593 1316 2642 consistere
1353 2591 1545 2640 videtur
1581 2594 1731 2640 totius
1767 2588 2148 2653 meteorologiae
2184 2588 2413 2638 scientia.

579 2691 984 2771 Keplerus.
1063 2689 1238 2761 Quod
1286 2707 1518 2763 mones,
1569 2689 1742 2750 vides
1786 2705 1882 2748 me
1930 2687 2145 2748 fecisse
2192 2687 2252 2746 in
2299 2686 2672 2765 prognostici
2716 2687 3117 2766 praefatione.

403 2779 492 2840 Tu
521 2779 658 2842 illas
689 2786 902 2843 excute
951 2779 1316 2881 diligentius,
1367 2779 1654 2859 adjuncta
1697 2796 1834 2839 mea
1872 2775 2283 2856 disputatione
2332 2775 2405 2837 de
2438 2776 2899 2855 Meteorologia,
2950 2777 3117 2857 cujus

405 2878 758 2949 argumenta
802 2878 1011 2949 patere
1061 2868 1246 2930 altius
1293 2867 1350 2929 in
1399 2876 1568 2929 tuum
1613 2867 1873 2929 animum
1923 2865 2340 2939 descendere,·
2369 2873 2437 2926 ut
2482 2884 2559 2927 ea
2604 2865 2845 2946 penitus
2892 2884 3115 2945 appre-

404 2958 653 3032 hendas,
701 2978 818 3020 neu
865 2957 1264 3019 transvolent.

543 3064 883 3115 Fabricius
922 3060 1032 3125 (26.
1072 3063 1188 3113 Jan.
1233 3058 1423 3123 1605):
1478 3060 1585 3125 Ego
1623 3060 2047 3110 altitudinem
2084 3059 2339 3108 nubium
2376 3072 2475 3107 non
2494 3073 2623 3109 sraro
2660 3059 2913 3124 indagavi,
2954 3066 3007 3108 et
3042 3060 3118 3107 in-

404 3136 516 3184 veni
553 3135 724 3185 diebus
761 3136 960 3185 aestivis
996 3149 1096 3185 non
1139 3134 1274 3183 ultra
1325 3130 1460 3182 1000
1493 3146 1684 3195 passus.
1757 3130 1913 3181 Nulla
1960 3130 2117 3180 nubes
2168 3130 2319 3180 altius
2373 3130 2559 3179 dimidii
2610 3130 2833 3181 milliaris
2870 3130 3115 3186 ascendit.

403 3218 514 3254 cum
551 3211 638 3255 aer
672 3207 750 3256 vel
781 3209 926 3269 jnxta
959 3212 1053 3255 tna
1085 3205 1351 3255 ratiocinia
1393 3218 1494 3254 non
1537 3203 1652 3273 plus
1697 3204 1748 3251 in
1794 3202 1953 3252 altum
1988 3202 2281 3265 porrigatur.
2356 3199 2590 3257 Memini,
2636 3217 2717 3253 me
2754 3202 3027 3267 aliquando
3058 3202 3120 3251 de

405 3278 678 3327 nominibus
717 3291 902 3327 arenae
938 3277 1210 3327 summitati
1247 3274 1446 3339 Olympi
1481 3274 1726 3336 inscriptis
1761 3272 1941 3337 legisse
1979 3270 2069 3321 dte.
2146 3270 2338 3335 (Comp.
2382 3269 2659 3336 Opticam.)

545 3347 698 3399 Ratio
736 3348 1026 3398 observandi
1065 3348 1152 3397 alt.
1191 3348 1394 3396 nubium
1431 3346 1586 3396 haec.
1621 3346 1671 3393 in
1708 3344 1859 3407 plano
1896 3350 1949 3392 et
1984 3342 2137 3392 libero
2174 3342 2282 3391 loco
2318 3348 2539 3406 tempore
2574 3343 2797 3392 meridiei
2834 3349 3121 3407 expectetur

404 3419 558 3468 nubes
597 3420 788 3484 aliqua,
839 3434 967 3485 quae
1005 3433 1098 3469 sna
1131 3419 1448 3468 extremitate
1485 3417 1721 3465 verticem
1769 3414 2097 3463 observatoris
2133 3415 2366 3478 attingat.
2444 3414 2631 3464 Eodem
2668 3422 2917 3464 momento
2953 3414 3117 3463 obser-

402 3496 572 3548 vetur,
621 3504 872 3555 quousque
921 3490 1097 3539 umbra
1132 3490 1458 3539 extremitatis
1494 3488 1634 3537 istius
1670 3499 1838 3535 versus
1875 3486 2261 3547 septentrionem
2310 3486 2361 3532 in
2406 3485 2553 3548 plano
2592 3486 2777 3535 Terrae
2815 3487 3119 3549 projiciatur,

402 3564 733 3625 terminusque
769 3568 984 3611 notetur.
1061 3560 1144 3613 Sic
1179 3561 1393 3611 habetur
1425 3558 1726 3623 triangulum
1779 3554 2160 3621 rectiangulum,
2216 3556 2357 3617 cujus
2396 3556 2523 3605 alter
2568 3556 2699 3606 latus
2752 3562 2830 3606 est
2883 3556 3123 3607 distantia

405 3634 608 3699 cognita
640 3632 860 3684 locorum
895 3640 948 3683 et
983 3633 1196 3699 angulus
1233 3632 1508 3683 altitudinis
1547 3628 1674 3681 Solis
1709 3628 2017 3677 meridianae
2056 3627 2283 3691 cognitus

578 3723 976 3803 Keplerus:
1047 3720 1380 3785 confirmas
1427 3738 1622 3783 meum
1666 3716 1981 3799 problema
2026 3714 2101 3777 de
2148 3714 2465 3776 altitudine
2514 3714 2677 3779 aeris
2706 3716 3119 3795 experimento

405 3811 672 3885 nubinm3
742 3818 806 3871 et
851 3812 1006 3872 forte
1051 3819 1116 3872 tu
1165 3810 1656 3891 probabilitatem
1703 3808 1907 3868 solam
1943 3802 2259 3885 spectasti.
2344 3804 2436 3866 At
2480 3804 2680 3867 beasti
2726 3824 2848 3876 me,
2910 3824 2947 3866 o
2992 3806 3043 3866 F
3046 3826 3117 3865 a-

409 3900 574 3974 brici,
623 3898 1010 3979 suppeditata
1056 3899 1572 3961 demonstratione
1621 3897 1983 3958 necessaria.
2077 3892 2145 3955 Si
2193 3892 2383 3955 nubes
2431 3900 2573 3956 sunt
2608 3894 2919 3973 graviores
2956 3900 3117 3969 aere,

404 4007 536 4049 cum
584 3990 858 4051 oriantur
913 4008 988 4049 ex
1035 3990 1252 4065 Terra,
1311 3988 1636 4051 manebunt
1679 4003 1861 4064 super
1906 3984 2186 4055 Terram,
2237 3988 2306 4042 ut
2353 3982 2635 4058 nebulae,
2704 3983 3119 4043 tantummodo

405 4079 559 4139 mole
608 4098 720 4139 sna
764 4079 942 4156 paulo
991 4078 1424 4152 elevabuntur,
1495 4084 1564 4137 ut
1629 4075 1897 4136 habeant
1960 4072 2223 4151 spatium
2282 4070 2549 4157 justum,
2620 4090 2733 4153 quo
2781 4070 3117 4151 capiantur.

405 4164 510 4227 Sin
564 4176 768 4227 autem
816 4166 1154 4227 ascendunt
1199 4166 1422 4241 nubes,
1499 4173 1672 4227 erunt
1730 4162 1989 4226 leviores
2044 4166 2223 4235 aere,
2295 4167 2361 4221 ut
2414 4161 2468 4222 si
2524 4160 2728 4234 vesica
2786 4160 2999 4221 inflata
3046 4178 3121 4221 ex

403 4255 572 4334 aquis
621 4254 933 4319 ascendat.
1029 4254 1092 4317 Si
1146 4254 1400 4316 leviores
1447 4260 1628 4325 aere,
1697 4271 1812 4313 non
1861 4257 2044 4311 vento
2093 4250 2351 4327 desuper
2396 4248 2775 4313 incumbente
2824 4248 3117 4327 agitatae,

357 4346 371 4357 “
404 4345 734 4405 ascendent
793 4343 980 4423 igitur
1024 4348 1130 4424 per
1178 4361 1409 4404 omnem
1473 4340 1632 4403 aeris
1681 4339 2087 4411 altitudinem,
2154 4344 2219 4399 et
2265 4335 2353 4399 sic
2400 4359 2515 4401 non
2562 4337 2788 4419 poterit
2833 4344 2939 4401 aer
2985 4357 3117 4398 esse

404 4432 583 4493 altior
629 4432 882 4495 nubibus
930 4433 1128 4512 quiete
1180 4431 1671 4494 consistentibus.
1767 4429 1927 4491 Nam
1975 4427 2161 4489 nubes
2212 4434 2306 4487 est
2355 4428 2501 4490 nihil
2549 4428 2663 4489 nisi
2709 4444 2926 4507 vapor;
2994 4426 3117 4487 ita·-

403 4534 514 4599 que
563 4540 750 4600 vapor
798 4521 1091 4583 densatus
1139 4520 1196 4581 in
1245 4529 1484 4599 guttam
1531 4518 1742 4581 statim
1792 4517 2003 4579 iterum
2054 4514 2297 4577 decidit.

541 4644 915 4695 Fabricius:
967 4644 1156 4694 Aeris
1194 4642 1612 4691 altitudinem
1657 4656 1756 4691 non
1793 4641 1973 4703 ubique
2010 4639 2222 4689 eandem
2260 4652 2368 4688 esse
2404 4644 2541 4703 puto,
2578 4639 2629 4687 in
2667 4638 2787 4689 loeis
2824 4637 3121 4689 australibus

397 4715 730 4775 humiliorem,
788 4730 935 4781 quam
992 4717 1043 4765 in
1098 4714 1390 4765 borealibus.
1467 4711 1762 4774 (Rationes,
1811 4727 1934 4776 quas
1986 4710 2134 4761 affert
2169 4711 2223 4759 F.
2240 4744 2257 4765 ,
2310 4708 2541 4774 leguntur
2576 4711 2629 4759 in
2664 4708 2764 4761 hac
2799 4708 3004 4774 Kepleri
3040 4725 3117 4761 re·

401 4786 704 4851 sponsione.)

583 4885 996 4970 Keplerusi
1063 4883 1452 4949 Australibus
1519 4892 1584 4947 et
1643 4882 1911 4948 torridae
1977 4889 2177 4945 aerem
2242 4881 2693 4965 profundiorem
2750 4883 3003 4963 probavi
3059 4883 3116 4947 iu
