3634 5575
639 421 769 488 212
1447 393 1458 400 ’
1549 419 1610 470 In
1645 417 1941 482 Hysterinm
1979 417 2447 485 cosmograpbicum

633 569 968 647 cerneretur,
1013 586 1276 652 quantum
1321 579 1664 652 proportioni
1707 582 1945 645 deesset,
1988 595 2095 650 quo
2136 577 2313 632 minus
2354 578 2615 648 praecisa
2650 579 2727 634 sit
2764 579 2912 634 inter
2952 581 3087 634 duos
3146 579 3368 650 propin·

635 682 772 736 quos
813 678 1086 718 numeros.
1168 663 1277 716 Est
1317 668 1505 716 autem
1547 667 1607 715 et
1646 660 1835 714 infima
1874 659 2027 714 linea
2068 658 2206 714 vitio
2243 657 2657 734 typographico
2706 675 3001 730 perversus
3042 661 3202 714 ordo.
3286 659 3371 714 Sic

634 743 779 800 enim
809 743 1136 815 jungendae
1177 741 1396 796 lineae:
1467 741 1558 796 Sic
1601 739 1708 794 741
1758 741 1828 794 ad
1871 739 1988 794 429
2031 756 2089 811 g.

1590 820 1700 875 741
1747 821 1786 873 h
1829 819 2131 890 proximae.

634 906 864 960 Inversa
904 901 1048 955 enim
1086 900 1304 956 ratione
1347 901 1425 955 sic
1464 899 1959 972 pronunciaveram
2001 899 2057 953 iu
2097 898 2304 971 regula
2342 898 2519 954 detri:
2564 897 2611 952 si
2642 896 2757 953 577
2787 898 3001 953 faciunt
3030 897 3215 962 1000,
3258 901 3369 953 tum

635 983 751 1039 429
793 982 1002 1058 facient,
1047 979 1178 1036 741.

779 1077 926 1139 Quae
945 1075 1152 1140 Kepleri
1188 1075 1472 1141 explicatio,
1511 1087 1660 1139 quam
1697 1075 2023 1125 desumimus
2060 1088 2089 1125 e
2126 1073 2283 1124 literis
2320 1072 2369 1123 d.
2396 1073 2445 1122 d.
2476 1069 2524 1122 9.
2550 1073 2671 1137 Apr.
2702 1069 2769 1122 97
2804 1069 2943 1136 (vide
2978 1073 3141 1139 praef.
3183 1088 3237 1137 p.
3266 1067 3372 1134 31),

637 1163 751 1200 “m
773 1144 1866 1302 §zw‘ssffii‘z‘3013ms22‘ss
1900 1144 2152 1266 2220133.
2170 1159 2465 1279 “fimfflssl
2484 1181 2673 1266 “mma
2713 1212 2834 1279 59).
2888 1215 3107 1280 meva,
3154 1215 3375 1266 mes,

635 1287 684 1359 ὃ
703 1329 717 1354 ’
755 1291 976 1412 (lgifdin‘i‘s³
1007 1359 1059 1410 11
1107 1295 1271 1423 (19186ξὸ
1286 1287 1727 1422 odss.)1,vinscripti
1768 1355 2079 1416 „Motoriae“
2129 1355 2224 1436 (sc.
2264 1353 2561 1417 distantiae)
2608 1356 2801 1406 numeri
2848 1355 2947 1408 hac
2994 1357 3203 1406 ratione
3244 1370 3372 1406 eom-

629 1439 895 1499 putantur:
950 1431 1168 1481 medium
1218 1429 1583 1480 arithmeticum
1632 1431 1762 1478 inter
1804 1429 1968 1478 inotus
2014 1428 2288 1492 periodicas
2334 1428 2557 1477 binorum
2604 1427 2877 1477 vicinorum
2921 1428 3253 1492 planeta-rum
3300 1433 3376 1477 est

630 1505 752 1555 hoc:
805 1497 1026 1563 7545,9;
1080 1497 1313 1560 2509.8ς
1359 1497 1622 1558 526,117;
1668 1494 1934 1559 294,975;
1988 1495 2216 1560 156,333
2271 1496 2455 1564 (comp.
2495 1503 2668 1550 annot.
2710 1493 2805 1560 60)
2854 1507 3020 1549 motus
3054 1498 3371 1564 periodicus:

631 1572 858 1638 4332,6;
898 1569 1126 1632 686,98;
1165 1569 1390 1629 365,25;
1431 1566 1619 1629 224,7;
1658 1565 1869 1632 87,966.

1027 1641 1082 1707 1)
1159 1640 1429 1702 294,975ε
1492 1640 1649 1703 224,7
1747 1637 2009 1690 :10002
2092 1655 2127 1690 x
2190 1659 2206 1699 ς
2243 1655 2354 1691 x=
2416 1637 2549 1696 762,
2586 1639 2829 1690 distantia
2866 1632 2935 1706 ῼ.

1029 1711 1086 1776 2)
1163 1710 1432 1771 156,333;
1531 1708 1728 1771 87,966
1752 1728 1808 1752 --
1869 1707 2012 1760 762;
2098 1727 2131 1760 x
2197 1727 2210 1762 t
2246 1727 2280 1762 x
2304 1727 2359 1752 =
2417 1709 2551 1770 429,
2698 1747 2725 1770 ,,
2876 1704 2936 1773 Q.

1028 1781 1086 1846 3)
1160 1782 1431 1842 526,117:
1494 1780 1688 1842 365‚25
1750 1799 1808 1823 =
1876 1797 1911 1833 x
1997 1778 2550 1842 :100031=1440‚
2698 1818 2725 1842 ,,
2864 1781 2933 1842 6.

961 1893 968 1900 .
1029 1852 1087 1916 4)
1127 1851 1322 1916 2509,8
1419 1871 1453 1910 2,
1497 1850 1693 1913 68⁶‚98
1751 1870 1807 1894 =
1876 1867 1910 1903 x
1997 1849 2209 1912 :14403
2245 1850 2549 1911 1:5281,
2697 1887 2723 1912 „
2870 1853 2933 1914 21„

1026 1923 1085 1988 5)
1125 1921 1320 1985 7545,9
1419 1921 1658 1982 24332‚6
1751 1941 1808 1965 =
1877 1938 1911 1973 x
1997 1921 2209 1982 ;5281;
2246 1940 2356 1975 x=
2383 1921 2551 1986 9163,
2700 1960 2727 1983 ,,
2884 1922 2935 1986 15.

777 1996 1050 2048 Distantiis
1088 1998 1372 2056 „motoriis“
1413 1999 1486 2047 sio
1525 1997 1825 2060 computatis
1859 1996 2016 2046 utitur
2039 1994 2287 2060 Keplerus
2316 1998 2368 2046 in
2392 1995 2781 2060 proportionibus
2806 1993 3083 2058 adscriptis.
3122 1993 3372 2045 adhibens

635 2069 820 2120 Terrae
853 2069 1072 2118 mediam
1107 2068 1430 2118 remotionem
1467 2083 1523 2108 =
1562 2063 1701 2115 1000
1737 2073 1790 2117 et
1827 2065 2219 2117 semidiametros
2255 2067 2579 2132 sphaerarum
2628 2065 2934 2130 regularibus
2970 2066 3264 2130 corporibus
3296 2067 3369 2116 in-

633 2142 926 2205 scriptarum
963 2136 1098 2203 (cap.
1142 2135 1265 2200 13);
1302 2153 1551 2197 numeros,
1590 2145 1710 2202 quos
1749 2138 1971 2188 calculus
2007 2139 2172 2200 prodit
2206 2135 2391 2200 (5290,
2433 2134 2587 2195 1666,
2630 2134 2787 2195 1107,
2828 2133 2929 2185 762
2968 2143 3021 2188 et
3056 2133 3197 2197 429)
3238 2151 3369 2188 com-

575 2218 583 2227 ·
631 2217 781 2276 parat
817 2225 930 2262 cum
967 2210 1218 2260 distantiis
1252 2211 1394 2274 primi
1430 2209 1508 2259 vel
1547 2209 1753 2258 secundi
1790 2208 1973 2258 ordinis
2010 2208 2123 2268 illis,
2162 2222 2293 2274 quae
2331 2211 2546 2274 proxime
2585 2209 2649 2258 ad
2688 2209 2797 2259 illos
2834 2209 3097 2266 accedunt,
3140 2207 3193 2268 21
3234 2204 3366 2256 5261

633 2281 718 2346 (ex
743 2283 912 2332 ordine
936 2277 1028 2342 11),
1072 2276 1209 2330 1648
1249 2277 1324 2343 (ὅ
1351 2294 1544 2330 summa
1571 2277 1730 2342 dist),
1773 2277 1910 2328 1102
1945 2277 2149 2339 (eadem
2175 2275 2270 2348 ὃ),
2313 2277 2417 2329 762
2457 2278 2545 2342 (ex
2576 2279 2747 2330 ordine
2774 2279 2825 2330 11
2864 2271 2959 2346 ῼ),
2998 2279 3095 2330 741
3146 2276 3371 2342 (summa

634 2353 745 2404 dist.
787 2345 855 2418 ῼ.
922 2351 1052 2402 Vide
1088 2352 1240 2415 ipsius
1276 2351 1482 2416 Kepleri
1519 2353 1875 2401 correctionem
1911 2365 2062 2415 supra
2098 2351 2333 2409 allatam.
2385 2353 2465 2402 cui
2501 2351 2635 2402 hanc
2670 2365 2761 2402 nos
2798 2350 3051 2412 addimus,
3098 2365 3227 2417 pag.
3272 2346 3371 2399 180

631 2419 719 2488 pro
756 2425 897 2489 signo
937 2414 987 2490 ῼ
1026 2423 1150 2472 falso
1186 2425 1398 2487 positum
1437 2437 1545 2472 esse
1581 2423 1776 2488 signum
1813 2416 1907 2488 ὃ).

774 2577 869 2645 62)
905 2597 954 2648 p.
997 2577 1116 2632 183.
1189 2579 1334 2631 Haec
1370 2595 1471 2630 non
1506 2582 1706 2648 integra
1739 2579 1946 2645 Kepleri
1983 2581 2135 2631 verba
2169 2586 2314 2639 sunt,
2352 2582 2608 2639 omnibus,
2656 2593 2787 2646 quae
2822 2581 3103 2632 referuntur
3144 2612 3201 2639 ,,.
3226 2613 3241 2627 .
3264 2612 3277 2626 .
3316 2583 3369 2628 et

631 2667 779 2775 1ιλιιιιροι·
813 2658 1018 2786 ((3ουίτὲ
1049 2652 1099 2703 D
1131 2650 1570 2773 dcurirer1e3;“,l}2;1rtt=
1619 2666 1774 2772 uflspue
1797 2665 1865 2774 ca
1896 2651 2453 2786 Μειειιὶίιιοὼ.ιιιιθιῒίήιλςίεὶ1
2502 2653 2583 2703 De
2600 2651 2739 2773 (1ξέιῖ
2780 2653 3137 2789 εΚπιὲῑιΙιᾶιιίοιιῙο)
3168 2647 3363 2770 Magist-

651 2724 1393 2774 ‘usin'ris...
1572 2759 1585 2772 .
1709 2737 2158 2786 ‚omp.anno
2328 2737 2545 2774 .aec
2700 2723 2711 2735 '
2920 2735 3363 2773 erozese·

631 2804 768 2847 mate
807 2793 924 2858 (27)
970 2796 1183 2846 scribere
1229 2800 1436 2859 oportet.
1509 2794 1682 2845 Monui
1734 2802 1812 2853 te,
1861 2810 1941 2845 me
1990 2796 2041 2845 in
2090 2810 2149 2845 eo
2197 2798 2399 2861 ejusque
2445 2801 2589 2846 textu
2638 2795 2879 2845 nonnulla
2930 2796 3233 2852 correxisse,
3288 2796 3361 2843 in-

633 2868 827 2931 primis,
875 2866 1006 2931 quod
1045 2865 1180 2931 apud
1215 2864 1539 2930 Copernicum
1573 2882 1673 2915 non
1713 2865 1770 2923 C.
1810 2866 1897 2915 sed
1934 2866 1983 2915 D
2023 2872 2246 2916 centrum
2284 2868 2468 2917 referat
2504 2871 2727 2916 centrum
2766 2870 3026 2931 aequantis
3062 2864 3362 2921 Ptolemaei,

635 2940 716 2989 oui
751 2938 907 2988 etiam
941 2944 1035 2987 tua
1069 2937 1322 2987 sententia
1357 2937 1421 2987 de
1455 2938 1660 2987 metrice
1707 2938 1878 2987 anima
1916 2937 2297 3001 correspondeat
2333 2934 2423 2988 dcc.
2496 2936 2813 3002 Respondes,
2860 2946 2913 2987 te
2952 2952 3163 2988 errorem
3206 2950 3360 3001 agno-

634 3023 802 3064 scere,
856 3008 1074 3058 nondum
1123 3014 1291 3057 tamen
1327 3008 1475 3071 plane
1513 3020 1812 3074 cognoscere
1829 3042 1843 3066 ,
1893 3014 1945 3057 et
1980 3004 2183 3072 optare,
2233 3010 2387 3059 rerba
2419 3016 2511 3059 tua
2544 3022 2644 3058 non
2680 3008 2756 3057 ita
2788 3022 2939 3074 parce
2976 3024 3009 3060 a
3043 3023 3125 3059 me
3162 3014 3365 3057 mutata

637 3093 762 3129 esse.
853 3078 998 3139 Item*
1036 3093 1124 3142 pro
1181 3078 1570 3139 „conveniebat“
1628 3087 1680 3129 te
1739 3080 1984 3129 dicturum
2033 3080 2184 3145 fuisse
2242 3078 2556 3133 „convenit“.
2658 3078 2765 3145 Ego
2820 3087 2997 3130 contra
3048 3078 3359 3144 responden:

635 3150 848 3201 fideliter
885 3155 936 3199 et
972 3150 1164 3200 sincere
1202 3150 1309 3215 egi,
1356 3158 1414 3200 ut
1449 3157 1668 3201 mentem
1703 3158 1844 3201 tuam
1882 3164 1995 3199 cum
2030 3152 2241 3201 veritate
2280 3152 2593 3201 conciliarem
2607 3183 2624 3213 ,
2668 3164 2762 3202 nec
2798 3151 2887 3201 ulli
2924 3152 3246 3219 occasionem
3281 3149 3361 3199 hle

635 3222 688 3272 in
724 3227 776 3271 te
811 3218 1075 3270 invehendi
1109 3221 1450 3285 relinquerem.
1524 3221 1730 3271 Rotinui
1786 3227 1957 3272 autem
2004 3227 2097 3272 tua
2140 3222 2321 3281 verba,
2380 3222 2642 3287 stilumque
2686 3224 2911 3272 imitatus
2960 3238 3069 3273 sum
3118 3228 3361 3287 quantum

635 3292 789 3357 potui.
864 3290 1060 3341 Vocula.
1097 3298 1264 3342 autem
1307 3292 1696 3353 „conveniebat“
1735 3299 1856 3351 tua,
1908 3307 2009 3342 non
2044 3285 2170 3343 mea'
2198 3300 2289 3343 est.
2362 3292 2497 3343 Nam
2534 3308 2593 3343 eo
2628 3293 2737 3343 loco
2770 3296 2823 3343 in
2860 3300 2946 3344 tuo
2984 3296 3166 3358 scripto
3204 3306 3359 3358 unque

638 3364 704 3413 ad
739 3363 942 3413 verbm
982 3363 1263 3423 „cui-retest
1301 3365 1422 3414 nibil
1460 3366 1659 3414 omnino
1695 3367 1887 3415 mutavi
1900 3401 1914 3424 ‚
1964 3364 2051 3414 sed
2090 3365 2257 3414 omnia
2290 3370 2383 3417 tua
2416 3365 2569 3414 verba
2602 3366 2799 3414 retinui.
2874 3365 2947 3415 Ut
2981 3370 3152 3415 autem
3188 3364 3359 3414 videas

637 3434 754 3499 quid
779 3434 1089 3494 mutaverim,
1129 3435 1340 3485 scribam
1365 3442 1456 3485 tua
1483 3438 1742 3499 sequentia
1765 3439 1919 3487 verba
1947 3451 2009 3485 ex
2034 3442 2117 3485 tuo
2146 3436 2413 3500 exemplari
2449 3432 2602 3500 (quod
2638 3436 2801 3485 adbuc
2836 3437 2903 3486 ad
2936 3450 3113 3486 manus
3148 3430 3357 3496 habeo).

636 3512 695 3555 ut
731 3520 842 3555 cum
887 3506 1120 3569 impresso
1169 3506 1390 3557 conferre
1437 3508 1611 3571 possis.
1688 3540 1717 3566 „
1737 3542 1749 3555 .
1780 3543 1793 3557 .
1826 3545 1836 3557 .
1877 3512 2111 3557 curreret.
2186 3504 2349 3570 Supra
2392 3508 2523 3557 enim
2569 3519 2679 3571 cap.
2719 3504 2805 3557 20.
2843 3514 3065 3557 motuum
3103 3508 3169 3556 ad
3218 3506 3357 3557 orbes

642 3578 768 3629 „fuit
800 3577 1062 3640 proportio.
1139 3576 1241 3627 Sed
1277 3579 1444 3644 cogita
1478 3579 1547 3628 ibi
1581 3578 1679 3629 loci
1713 3580 1839 3629 duas
1889 3592 2068 3629 causas
2114 3579 2415 3628 concurrisse
2430 3614 2445 3636 ‚
2496 3592 2703 3641 quarum
2750 3578 2831 3629 bic
2878 3592 2983 3629 una
3017 3579 3174 3629 deest.
3252 3577 3357 3627 Illic

643 3649 806 3703 „enim
825 3648 1031 3699 orbium
1067 3649 1281 3699 ambitus
1318 3651 1530 3711 majores
1564 3651 1821 3714 periodum
1846 3655 2106 3707 auxerunt,
2144 3648 2223 3699 hic
2250 3649 2419 3699 circuli
2444 3648 2629 3710 NOPQ
2655 3655 2707 3699 et
2731 3649 2913 3701 EFGH
2941 3650 3175 3715 aequales
3212 3654 3353 3699 sunt:

721 3728 732 3773 ἱ
1706 3728 1791 3781 „et
1825 3735 1930 3772 una
1963 3726 2162 3771 tantum
2199 3734 2357 3770 causa
2404 3721 2777 3784 inaequalitatis
2822 3727 3007 3777 restat,
3052 3722 3247 3787 longior
3280 3720 3351 3769 di-

1698 3794 1935 3858 „gressim
2010 3792 2141 3857 Ergo
2178 3805 2263 3855 pro
2301 3805 2536 3841 mensura
2570 3799 2733 3841 motus
2770 3806 2871 3842 non
2906 3794 3106 3857 integra
3140 3792 3237 3842 BD
3276 3790 3365 3841 as?

1701 3864 1993 3924 „sumenda
2031 3863 2123 3913 scd
2146 3863 2347 3913 dimidia
2380 3869 2577 3912 tantum
2602 3862 2706 3923 BG,
2752 3864 2829 3913 ita
2862 3869 2921 3912 ut
2956 3864 3164 3927 planeta
3196 3866 3252 3913 in
3278 3861 3353 3912 EF

1703 3940 1845 3995 „tam
1878 3935 1943 3983 sit
1977 3934 2165 3992 tardus,
2221 3948 2281 3983 ac
2319 3934 2362 3983 si
2397 3936 2449 3983 iu
2484 3933 2572 3984 JK
2610 3948 2758 3998 super
2796 3940 2966 3985 centro
3006 3934 3045 3983 C
3082 3935 3350 3994 incederet.

1706 4006 1770 4065 „J
1773 4020 1855 4055 am
1890 4004 2001 4055 vide
2039 4005 2269 4065 artifices,
2310 4006 2390 4069 qui
2426 4006 2624 4069 penitus
2659 4006 2793 4055 idem
2828 4011 3142 4055 statuerunt:
3178 4017 3355 4067 nempe

1707 4076 1832 4135 „CA
1868 4078 2291 4127 eccentricitatem
2330 4083 2383 4125 et
2418 4075 2503 4126 CB
2538 4078 2739 4126 tertiam
2785 4082 3006 4141 partein,
3057 4075 3097 4127 C
3134 4084 3353 4127 centrum

1705 4148 2001 4216 „sequanus
2062 4152 2117 4196 et
2168 4146 2213 4196 B
2266 4152 2490 4198 centrum
2549 4148 2661 4197 viae
2719 4148 3048 4213 planetu-iae.
3142 4146 3354 4200 Causam

1712 4218 1899 4279 „habes
1926 4251 1938 4265 .
1968 4252 1981 4267 .
2011 4252 2023 4265 .
2051 4217 2099 4264 .“

1843 4288 1987 4340 Haec
2006 4294 2097 4338 tua
2129 4289 2282 4339 verba
2304 4295 2435 4339 sunt.
2488 4288 2639 4339 Porro
2676 4289 2743 4339 ad
2776 4304 2881 4339 rem
2915 4290 3093 4355 ipsam,
3126 4290 3351 4355 quoniam

1705 4360 1756 4409 in
1796 4360 2019 4424 epistolio
2056 4361 2243 4417 scribis,
2299 4366 2350 4410 te
2395 4362 2447 4410 in
2486 4360 2945 4411 accommodatione
2980 4360 3254 4411 Ptolemaei
3291 4358 3351 4409 ad

1705 4430 2030 4495 Coperuicum
2070 4431 2231 4481 adhuc
2278 4430 2513 4482 haerere:
2563 4446 2683 4481 nam
2726 4433 2845 4497 quia
2887 4436 2968 4482 via
3003 4434 3239 4496 planetae
3274 4430 3349 4479 EF

1704 4504 1769 4552 sit
1805 4500 2069 4553 dividenda
2100 4504 2153 4551 in
2188 4508 2350 4558 motus
2388 4503 2585 4553 diurnos
2635 4518 2696 4553 ex
2742 4510 2914 4554 centro
2965 4504 3253 4568 aequantis,
3304 4500 3351 4550 id

1709 4572 1983 4638 Copernico
2032 4574 2101 4622 sit
2138 4573 2177 4623 C
2228 4580 2281 4623 et
2325 4573 2613 4624 Ptolemaeo
2649 4575 2698 4624 D
2747 4573 2838 4627 &c
2916 4572 3111 4640 (comp.
3151 4571 3349 4638 Kepleri

1703 4650 1981 4697 tractatum
2020 4644 2081 4694 de
2118 4659 2265 4709 opere
2295 4658 2385 4695 suo
2418 4659 2538 4712 pag.
2577 4644 2639 4695 15
2674 4645 3019 4710 propositum.)
3080 4646 3193 4696 Vidi
3225 4658 3345 4699 mox.

1706 4733 1818 4768 cum
1852 4716 2125 4781 relegerem
2168 4722 2308 4767 tuum
2358 4718 2593 4781 scriptum
2643 4713 2859 4779 (utinam
2909 4724 2959 4769 to
3008 4722 3273 4783 praesente
3302 4713 3349 4763 id

1703 4789 1895 4839 factum
1932 4783 2087 4850 esset)
2115 4790 2288 4838 erroris
2323 4801 2528 4839 causam
2556 4803 2618 4839 ex
2640 4787 2895 4839 schemate
2922 4788 3177 4853 Copernici
3202 4784 3344 4837 lib.V.

1705 4873 1816 4922 cap.
1863 4857 1914 4919 4,
1965 4874 2013 4923 p.
2058 4855 2158 4906 142
2210 4860 2353 4916 oriri,
2410 4860 2460 4909 id
2508 4874 2601 4925 ego
2649 4862 2701 4909 in
2739 4862 3025 4925 Appendice
3072 4864 3185 4924 post
3217 4857 3339 4908 Nar·

1702 4932 1948 4982 rationem
1976 4928 2179 4981 Rhetici
2212 4930 2399 4982 addidi.
2454 4930 2653 4983 Etenim
2686 4937 2793 4983 tam
2828 4932 2881 4983 in
2908 4930 3165 4997 Caper-uici
3198 4930 3345 4995 hypo·
