3634 5575
6 571 53 620 fl

6 1208 33 1248 Μ
6 1116 39 1160 Π
8 1025 39 1069 -v
6 843 49 980 ιν,
6 755 52 798 Ε·

6 1301 38 2512 μψ--η--ΠΙΗΠ”Ἷ..-

1165 417 1246 502 de
1282 417 1576 475 calendario
1611 421 1664 472 111
1717 434 1903 484 annum
1948 419 2231 474 MDxclx.
2262 435 2277 444 ·
2914 419 3047 497 415

339 594 491 655 quae
549 574 607 636 in
665 574 758 637 his
815 575 1078 654 planetis
1142 577 1478 640 rectissime
1535 579 1881 660 negligitur.
1979 578 2207 659 Opinoi·
2264 600 2301 640 a.
2347 580 2580 642 nemine
2640 600 2735 643 me
2791 583 3044 644 refutari

335 681 546 741 posse,
591 663 706 726 nisi
755 663 831 726 ab
882 665 1406 728 observationibus
1453 667 1764 745 ejusmodi,
1815 666 1873 730 in
1922 669 2135 748 quibus
2182 667 2435 730 decursu
2482 687 2703 732 arenae
2752 680 3043 732 constan-

333 750 568 812 tissimo
635 754 910 814 aestivus
985 762 1049 815 et
1101 754 1383 817 hibernus
1441 755 1572 816 dies
1626 764 2061 820 mensurentur.
2126 754 2285 818 ‘Hoc
2342 775 2493 836 opus
2552 757 2651 820 hic
2708 758 2879 820 labor
2926 767 3041 820 est.

329 838 516 900 Modo
562 859 638 902 ne
685 842 818 922 quis
866 859 960 902 me
996 843 1196 904 rideat
1241 843 1531 906 coelestia
1575 845 1965 908 terrestribus
2012 845 2378 906 metientem.

516 929 686 991 Haec
745 929 821 991 ad
859 928 996 1012 Dig.
1047 929 1114 994 T.
1166 930 1376 994 literas
1435 934 1798 1012 respondere
1846 935 2027 1009 volui,
2076 934 2460 995 vehementer
2507 940 2709 996 autem
2755 952 2892 1009 or0,
2959 936 3043 998 uti

332 1016 764 1082 obscuritatem
810 1019 986 1092 hauc,
1029 1038 1180 1099 quae
1227 1021 1374 1082 mibi
1421 1023 1854 1100 quodammodo
1902 1031 2165 1086 connata
2212 1032 2327 1096 est,
2372 1030 2441 1084 et
2476 1022 2813 1086 exilitatem
2844 1025 3039 1103 scrip·-

333 1106 518 1168 tionis
567 1108 712 1168 boni
757 1108 1056 1185 consulat,
1107 1127 1318 1188 meque
1366 1110 1482 1172 sibi
1529 1128 1707 1214 porro
1755 1112 2233 1174 commendatum
2281 1111 2525 1174 habeat.
2618 1111 2795 1174 Vale.

511 1193 614 1260 29.
664 1197 842 1258 Janu.
894 1215 1047 1258 anno
1097 1193 1202 1260 99.
1884 1199 1971 1262 Μ.
2022 1208 2085 1261 et
2128 1201 2204 1260 D.
2259 1201 2336 1262 V.
2386 1200 2955 1262 observantissimus

2128 1287 2213 1349 M.
2266 1287 2370 1350 Jo.
2418 1287 2686 1370 Kepler‚

2016 1375 2083 1440 S.
2134 1375 2199 1438 S.
2249 1377 2321 1440 P.
2371 1377 2864 1440 Mathematicus.

515 1493 592 1542 Ad
644 1493 773 1544 haec
836 1495 1088 1559 respondit
1123 1495 1498 1548 Herwartns
1551 1500 1596 1549 d.
1640 1495 1720 1548 10.
1759 1497 1909 1548 Mart.
1960 1495 2046 1548 99.
2097 1497 2323 1564 (Kepleri
2376 1499 2703 1565 marginalia,
2760 1499 3044 1550 exhibentia

329 1579 616 1630 responsum
653 1565 976 1629 deperditum,
1017 1567 1415 1633 adscripsimus):

511 1653 586 1702 Ex
623 1654 777 1703 literis
814 1656 912 1704 tuis
946 1656 1182 1714 intellexi.
1220 1673 1320 1723 qua
1353 1659 1546 1707 ratione
1575 1657 1873 1708 anomaliam
1898 1657 2031 1708 illam
2060 1657 2329 1721 eclipsium,
2363 1671 2512 1722 quam
2536 1657 2903 1708 observationes
2927 1673 3031 1708 mo·

343 1724 530 1774 dernae
567 1739 688 1788 prae
724 1740 778 1775 se
816 1725 941 1776 ferre
977 1727 1218 1790 videntur,
1253 1729 1445 1778 salvare
1484 1730 1686 1780 coneris.
1764 1727 1865 1778 Sed
1900 1729 2045 1778 simul
2082 1729 2422 1785 animadverti,
2461 1741 2548 1777 eas
2572 1734 2625 1776 te
2648 1741 3044 1793 praesupponere

345 1794 714 1844 observationes
751 1797 856 1846 loco
895 1798 1222 1854 mndamenti,
1262 1814 1390 1864 quae
1425 1800 1542 1849 mihi
1579 1801 1795 1863 proxime
1832 1801 2128 1864 praeteritas
2166 1799 2371 1863 eclipses
2406 1799 2686 1849 observanti
2722 1799 2867 1864 longe
2904 1799 3046 1849 aliter

324 1867 460 1914 visae
497 1867 710 1916 suerunt.

501 1933 582 1985 29.
623 1937 767 1987 Dec.
808 1935 890 1986 91.
929 1939 977 1988 11.
1031 1937 1116 1988 16.
1159 1937 1251 1989 12’
1301 1955 1334 1991 a
1367 1942 1572 1991 meridie
1609 1940 1883 1990 secundum
1919 1941 2137 1990 Tabulas
2174 1940 2464 1990 Prutenicas
2500 1940 2595 1988 fuit
2630 1942 2852 1990 maxima
2886 1941 3037 2004 eclip-

324 2008 389 2056 sis
427 2001 481 2070 D
523 2008 785 2072 digitorum
823 2007 869 2057 9.
911 2007 1017 2060 37‘.
1093 2013 1162 2060 At
1198 2012 1536 2076 Alphonsinae
1573 2013 1695 2061 Tab.
1735 2019 1931 2075 tempus
1966 2012 2094 2060 illius
2132 2011 2354 2061 defectus
2403 2011 2591 2060 tardius
2640 2009 2665 2058 1
2707 2011 2759 2058 h.
2797 2012 3039 2060 indicant.

323 2075 645 2138 (Pruteuicae
671 2079 894 2130 meliores
921 2096 1068 2146 quam
1095 2080 1474 2145 Alphonsinae.)
1501 2109 1560 2118 --
1606 2081 1951 2146 (Keplerus
1985 2084 2038 2131 13
2062 2081 2315 2146 margine:
2350 2080 2463 2130 Hoc
2484 2096 2566 2130 me
2592 2081 2867 2131 confirmat.
2906 2081 3039 2132 Nam

323 2149 374 2196 in
414 2154 506 2209 Θ,
559 2165 616 2211 so
665 2150 800 2199 Prut.
841 2151 960 2200 nihil
999 2151 1208 2212 errant.)

493 2185 584 2267 ²20.
627 2221 768 2273 Feb.
809 2219 894 2270 98.
936 2223 1127 2284 eclipsis
1167 2217 1248 2286 ᾖ),
1305 2226 1442 2284 cujus
1491 2224 1706 2273 medium
1741 2223 2040 2272 Prutenicae
2090 2226 2318 2272 statuunt
2350 2220 2401 2269 11.
2446 2219 2527 2268 17.
2568 2218 2619 2269 6
2633 2257 2647 2278 ,
2700 2221 3038 2286 Alphonsinas

321 2289 370 2338 h.
409 2287 484 2338 18.
509 2288 595 2338 43.
661 2290 892 2340 Ceterum
929 2298 1062 2341 totus
1087 2293 1232 2355 hujus
1257 2295 1454 2356 eclipsis
1474 2309 1644 2343 cursus
1672 2308 1846 2357 pamm
1868 2307 1903 2342 3
1924 2293 2189 2342 Prutenico
2228 2293 2419 2342 calculo
2444 2293 2689 2350 dissensit,
2727 2294 2793 2343 ab
2818 2292 3041 2357 Alphen-

321 2362 428 2408 3133
465 2375 612 2424 quam
647 2362 925 2425 plurimum.
963 2388 1030 2398 —
1087 2361 1319 2429 (Kepl.:
1375 2365 1516 2415 Haec
1569 2365 1762 2428 eclipsis
1811 2366 2011 2428 integra
2061 2377 2133 2412 cc.
2184 2363 2307 2413 hora
2360 2369 2537 2414 secuta
2597 2371 2673 2412 est
2720 2363 3037 2416 Prutenicum

215 2431 224 2438 '
323 2429 610 2493 calculum.)

496 2503 634 2552 Idem
670 2505 722 2552 13
765 2503 931 2567 eclipsi
971 2499 1042 2568 ᾖ).
1098 2504 1146 2555 9.
1187 2507 1329 2555 Feb.
1371 2503 1453 2554 99.
1531 2505 1751 2555 Medium
1793 2504 2065 2554 secundum
2108 2503 2600 2554 Τ311.Ρ1111.11.17.
2631 2504 2716 2562 2’,
2763 2505 2851 2555 sed
2883 2505 3029 2569 Alph.

331 2573 412 2623 18.
440 2569 549 2622 41‘.
625 2573 794 2623 Nubes
829 2576 948 2624 mihi
975 2571 1027 2639 D
1074 2592 1102 2626 3
1136 2583 1404 2640 conspectu
1431 2579 1728 2641 eripuerunt.
1805 2575 2043 2626 Concludi
2078 2575 2481 2625 concordantiam
2507 2591 2619 2625 cum
2642 2575 2780 2625 Prut.
2822 2591 2882 2625 ex
2908 2579 3037 2626 aeris

320 2647 634 2695 obscuritate.
797 2643 957 2709 [Kep
967 2647 1026 2695 1.:
1075 2648 1181 2712 Ego
1219 2649 1480 2698 manifeste
1533 2647 1859 2711 deprehendi,
1904 2648 2134 2696 seriorem
2178 2647 2308 2696 hanc
2346 2648 2495 2697 fuisse
2530 2662 2677 2712 quam
2720 2648 2881 2712 prodit
2913 2647 3034 2697 Pru—

319 2718 514 2768 tenicus
553 2718 667 2766 circ.
703 2710 766 2778 Ἰ.
804 2716 853 2764 11.
931 2717 1122 2784 Obtigit
1157 2717 1276 2768 mihi
1313 2734 1410 2768 nox
1444 2716 1664 2780 serena.)

495 2783 579 2835 23
620 2791 756 2851 Apr.
802 2784 884 2835 95.
926 2790 1128 2853 eclipsin
1166 2783 1219 2854 D
1264 2791 1402 2840 coelo
1437 2806 1612 2841 sereno
1656 2790 1935 2844 observavi;
1996 2790 2135 2851 cujus
2170 2787 2385 2838 medium
2418 2804 2507 2854 per
2539 2789 2870 2854 Alphonsinas
2910 2792 3032 2841 inci-

319 2862 432 2911 dere
474 2859 642 2909 debuit
675 2859 724 2907 h.
765 2856 849 2907 16.
890 2858 1010 2920 45’,
1063 2862 1332 2911 secundum
1378 2862 1668 2911 Prutenicas
1706 2862 1727 2908 1
1773 2862 1822 2909 h.
1862 2861 2021 2909 citius.
2109 2858 2251 2909 Haec
2288 2860 2587 2921 Alphonsiuo
2665 2861 2855 2911 calculo
2904 2861 3033 2911 belle

317 2931 627 2996 respondisse
669 2932 862 2985 inveni.
907 2931 1041 2980 Prut.
1084 2935 1386 2997 anticipasse
1409 2934 1512 2983 fere
1543 2932 1566 2981 1
1595 2932 1644 2981 11.
1673 2933 1960 2995 3113113-
2000 2929 2079 2992 (K
2096 2944 2123 2979 e
2133 2931 2242 2993 pl..
2281 2929 2392 2979 Hoc
2417 2946 2605 2980 rursum
2639 2946 2721 2981 1113
2756 2932 3031 2982 confirmat.

315 3003 447 3053 Nam
473 3001 662 3064 eclipsis
700 3002 752 3050 in
779 3004 896 3064 Apr.
927 3001 1074 3051 debet
1098 3006 1367 3054 secundum
1393 3020 1473 3054 me
1497 3005 1648 3053 serior
1673 3016 1929 3066 apparere,
1956 3014 2105 3065 quam
2130 3001 2399 3051 secundum
2423 3001 2759 3061 Prutenicas.)

495 3069 543 3121 7.
562 3072 710 3121 Mart.
751 3070 837 3121 98.
875 3072 968 3121 ecl.
997 3070 1080 3133 Q.
1111 3075 1446 3138 Alphonsinae
1491 3082 1684 3138 tempus
1729 3074 1866 3123 visae
1912 3071 2118 3135 copulae
2156 3086 2247 3123 seu
2287 3074 2438 3122 medii
2480 3074 2681 3138 deliquii
2705 3074 2753 3123 11.
2786 3070 2888 3137 1³1,
2928 3082 3031 3125 tar-

317 3146 425 3195 dius
461 3158 609 3208 quam
632 3143 798 3201 Prut.;
848 3146 1056 3207 magnit.
1085 3146 1306 3195 defectus
1351 3144 1384 3194 8
1421 3146 1520 3213 dig.
1563 3145 1857 3195 definierunt
1896 3142 2033 3205 (cum
2071 3142 2208 3193 Prut.
2248 3150 2406 3193 totum
2460 3144 2561 3194 fere
2609 3142 2673 3205 Q
2715 3145 3031 3197 obscuratum

317 3210 684 3274 ostenderent),
719 3212 882 3276 quoad
915 3220 1176 3278 utrumque
1214 3216 1329 3267 illae
1369 3217 1516 3281 longe
1551 3215 1726 3265 melius
1760 3230 1909 3280 quam
1934 3215 2068 3263 Prut.
2096 3228 2297 3279 scopum
2324 3216 2549 3281 attigisse
2576 3218 2710 3266 visae
2736 3224 2868 3267 suut.
2932 3216 3031 3267 Sed

315 3292 368 3338 te
404 3288 455 3335 in
494 3286 604 3336 aliis
641 3283 808 3347 eclips.
841 3282 904 3345 Q
932 3286 1094 3351 magis
1119 3287 1236 3335 mihi
1261 3302 1454 3351 semper
1482 3301 1630 3351 quam
1655 3288 1707 3335 in
1733 3286 2011 3336 Lunai-ibus
2041 3286 2271 3336 aberrare
2296 3286 2435 3335 Prut.
2463 3287 2705 3337 videntur.
2743 3312 2815 3324 --
3054 3350 3057 3352 Α

493 3358 548 3407 Κ
561 3371 588 3406 3
603 3356 676 3419 pl.
700 3365 714 3403 τ
758 3354 969 3416 Quando
995 3358 1146 3421 igitur
1171 3359 1448 3408 obscuratio
1472 3357 1554 3407 hic
1579 3371 1768 3407 rursum
1792 3356 2109 3420 Alphousinis
2133 3356 2295 3416 fovet,
2340 3372 2595 3419 possumus
2620 3358 2735 3408 inde
2763 3360 3027 3421 conjicere,

313 3429 618 3493 Alphonsum
657 3428 709 3476 13
734 3426 909 3476 Lunae
945 3428 1208 3491 praecipue
1233 3435 1370 3479 motu
1409 3430 1697 3493 diligentem
1720 3428 1886 3477 fuisse.
1960 3426 2067 3489 Ego
2104 3427 2253 3491 igitur
2290 3428 2437 3492 signa
2458 3428 2523 3477 ad
2545 3428 2849 3492 Alphonsum
2872 3437 2931 3479 ut
2953 3433 3025 3481 vi-

315 3500 408 3550 deo
431 3501 606 3554 refero,
637 3504 688 3548 et
710 3512 905 3547 mecum
932 3498 1117 3561 Tycho.
1192 3500 1337 3549 Error
1361 3502 1410 3549 13
1437 3499 1572 3549 Ρ1111.
1599 3500 1794 3561 irrepsit
1821 3504 2012 3548 coacte.
2090 3497 2415 3547 Coi-rexerant
2448 3514 2627 3562 nempe
2671 3506 2860 3549 motum
2885 3500 3029 3563 Solis,

319 3579 372 3621 at
416 3570 658 3620 nolebant
683 3568 858 3619 Lunae
897 3576 1082 3618 motum
1123 3572 1406 3621 anomalum
1440 3572 1620 3620 facere.
1699 3570 1752 3619 Si
1787 3575 2017 3639 maneret
2052 3568 2395 3618 eccentricitas
2430 3569 2707 3620 Ptolemaei
2742 3570 3030 3635 Copernico,

317 3643 522 3706 eclipses
547 3641 722 3690 melius
747 3640 1005 3690 haberent.

490 3714 520 3762 J
533 3713 606 3761 ul.
647 3710 729 3760 90.
771 3711 876 3761 Ecl.
909 3710 982 3780 Θ
1035 3711 1371 3776 Alpbonsinae
1427 3713 1570 3761 citius
1613 3725 1760 3775 quam
1794 3711 1934 3761 Prut.
1979 3717 2171 3773 tempus
2217 3710 2541 3761 exhibuerunt
2582 3724 2645 3761 ac
2688 3712 2831 3762 simul
2877 3714 3027 3779 louge

312 3786 488 3835 verius.
527 3780 752 3844 ——·(Ke
768 3783 878 3846 pL:
917 3783 1027 3834 Hoc
1051 3799 1132 3833 me
1157 3798 1348 3833 rursum
1374 3784 1649 3833 confirmat.
1713 3782 1847 3833 Nam
1886 3784 1939 3831 in
1941 3777 2015 3848 Ω
2049 3783 2195 3832 citius
2222 3782 2450 3833 accidere
2488 3790 2539 3833 et
2563 3784 2633 3834 sic
2659 3786 2812 3833 etiam
2835 3783 3027 3835 Maest-

311 3856 440 3907 linus
479 3852 854 3915 observavit.)

490 3926 634 3977 Haec
660 3928 828 3975 omnia
851 3926 904 3974 13
927 3927 1014 3974 lat
1047 3920 1144 3973 ⁴8⁰
1176 3926 1228 3975 in
1255 3926 1544 3978 meridiano,
1587 3926 1666 3989 qui
1699 3940 1732 3976 3
1754 3925 1997 3974 Toletano
2024 3924 2179 3974 distat
2213 3923 2511 3987 temporibus
2532 3927 2831 4021 aequatoriis
2858 3920 3031 3989 ²2³l⁴⁰

310 4014 476 4049 versus
501 4000 756 4052 orientem,
788 4004 840 4046 et
865 4010 897 4046 a
920 3996 1248 4061 Regiomonte
1274 4002 1424 4060 temp.
1455 3993 1549 4043 14⁰
1573 4011 1696 4045 vers.
1725 3996 2050 4047 occidentem.

485 4071 755 4119 Praeterea
795 4068 847 4117 13
893 4068 1151 4130 eclipsibus
1191 4067 1455 4126 Solaribus,
1495 4082 1624 4131 quae
1667 4074 1794 4117 retro
1842 4075 1961 4117 ante
1997 4066 2237 4129 epocham
2264 4065 2441 4115 Christi
2486 4081 2545 4117 ex
2582 4069 2800 4133 utrisque
2844 4070 3029 4119 tabulis

310 4147 656 4205 supputantur,
684 4139 1012 4189 animadverti
1037 4137 1370 4202 Alphonsiuas
1397 4135 1427 4185 3
1453 4138 1502 4189 11,
1529 4140 1631 4187 fere
1658 4153 1745 4188 eas
1770 4140 1958 4189 tardius
1982 4138 2210 4188 exhibere
2245 4151 2394 4201 quam
2418 4137 2725 4189 Prutenicas.
2799 4138 2933 4191 Nam
2962 4142 3028 4192 ad

311 4212 644 4261 Meridianum
670 4210 952 4260 Romanum
978 4224 1024 4259 a.
1057 4223 1102 4259 3.
1135 4209 1222 4259 ch.
1259 4206 1370 4258 183.
1401 4209 1603 4272 eclipsin
1633 4206 1698 4269 Θ
1725 4210 1885 4272 reperi
1924 4214 2043 4258 ante
2066 4206 2339 4257 Μ31.11.2.
2370 4205 2419 4257 9.
2448 4206 2515 4257 38
2541 4210 2713 4267 visam,
2756 4212 3027 4263 obscuratis

315 4283 483 4347 digitis
511 4278 668 4331 6.16.
712 4297 773 4331 ex
797 4282 922 4330 Tab.
949 4280 1118 4336 Prut.;
1166 4280 1255 4330 sed
1281 4281 1620 4344 Alpheusiuae
1663 4280 1875 4329 eandem
1916 4280 2007 4329 ecl.
2059 4278 2291 4329 exhibent
2315 4280 2510 4329 demum
2536 4294 2568 4330 a
2594 4282 2794 4331 meridie
2819 4282 2867 4331 11
2901 4284 2947 4331 1.
2974 4282 3024 4341 2,

313 4354 582 4403 obscuratis
627 4352 793 4418 digitis
837 4346 958 4413 831..
1039 4350 1119 4413 (K
1133 4352 1274 4415 epl.:
1313 4352 1444 4417 Ergo
1469 4352 1666 4401 omnino
1691 4352 1770 4401 hic
1809 4365 1941 4401 error
1984 4352 2047 4401 ab
2092 4351 2463 4401 eccentricitate
2506 4352 2691 4416 pendet
2734 4367 3024 4419 quocunque

311 4424 470 4481 modo,
498 4425 614 4488 quia
637 4423 874 4481 videmus,
901 4438 1011 4473 cum
1038 4429 1191 4473 aucta
1215 4424 1587 4473 eccentricitate
1613 4423 1786 4488 augeri
1811 4427 1865 4472 et
1888 4422 2233 4471 differentiam.
2238 4420 2257 4483 )

491 4494 820 4544 Consimiliter
861 4508 994 4543 anno
1031 4508 1078 4543 a.
1109 4492 1197 4543 Ch.
1243 4492 1359 4543 180.
1401 4494 1503 4543 tab.
1543 4492 1678 4543 Prut.
1719 4493 1914 4543 Romae
1958 4492 2192 4543 exhibent
2232 4492 2435 4557 eclipsin
2482 4490 2547 4553 Q
2585 4492 2690 4543 hor.
2741 4500 2861 4545 ante
2902 4508 3022 4547 mer.

312 4564 360 4615 3.
392 4562 474 4615 23.
504 4562 608 4623 46,
596 4584 608 4595 ·
649 4566 924 4615 obscuratio
961 4566 1060 4631 dig.
1092 4562 1138 4613 7.
1168 4562 1252 4613 53.
1327 4566 1451 4615 Τ311.
1473 4564 1638 4629 Alph.
1659 4565 1981 4615 medietatem
2018 4564 2147 4613 illius
2174 4564 2264 4613 ecl.
2309 4564 2577 4614 ostendunt
2610 4579 2657 4614 a.
2687 4580 2751 4615 ιιι.
2778 4566 2828 4617 11.
2854 4563 2907 4615 0.
2935 4564 3021 4625 21,

313 4639 443 4688 obsc
473 4601 934 4703 1113.’1131..Π1113
971 4630 1262 4687 fidendum?
1305 4660 1366 4670 -
1427 4634 1668 4700 (KepLz
1722 4635 2050 4699 Alphonsinis'
2080 4636 2321 4693 existimo,
2366 4622 2454 4684 sed
2482 4635 2730 4685 calculum
2756 4636 3022 4699 differam.)

491 4708 674 4759 Incidit
691 4707 825 4764 mihi,
867 4722 997 4757 anne
1018 4708 1142 4757 forte
1167 4706 1351 4757 Terrae
1377 4712 1605 4771 quartum
1630 4708 1845 4771 aliquem
1868 4712 2055 4756 motum
2076 4706 2343 4756 attribuere
2372 4706 2657 4775 debeamus,
2682 4707 2759 4757 vel
2783 4721 2887 4758 1133
2910 4724 3023 4759 cum

310 4780 498 4830 Lunari
523 4779 660 4831 coelo
693 4778 772 4828 vel
796 4780 980 4843 absque
1003 4778 1100 4838 1113,
1148 4778 1222 4829 vel
1269 4780 1423 4828 etiam
1446 4778 1726 4841 hujusmodi
1743 4783 1955 4835 motum,
1994 4779 2075 4843 qui
2114 4792 2201 4842 pro
2227 4778 2415 4827 diverso
2457 4777 2632 4827 habitu
2662 4774 2715 4843 K]
2743 4780 2811 4831 ad
2838 4776 2903 4841 Q
2931 4793 3019 4830 va·

309 4853 478 4913 rietur,
523 4854 598 4901 uti
633 4850 852 4900 videmus
887 4864 1056 4900 omnes
1079 4850 1310 4914 planetas
1353 4865 1438 4914 pro
1465 4850 1654 4900 diverso
1691 4864 1782 4899 suo
1804 4848 1913 4899 loco
1954 4849 2021 4899 ad
2048 4846 2113 4909 Q
2144 4849 2445 4899 anomaliam
2479 4849 2758 4901 admittere.
2830 4850 3023 4901 Plinius

310 4938 502 4991 quoque
541 4923 623 4973 lib.
653 4918 738 4972 36.
783 4938 827 4973 c.
876 4918 958 4972 10.
1000 4918 1086 4985 (de
1113 4918 1393 4983 Gnomone)
1431 4957 1444 4971 .
1483 4958 1494 4969 .
1539 4921 1773 4982 .„haec,
1817 4921 1992 4987 iuquit,
2037 4920 2314 4971 observatio
2353 4916 2421 4969 30
2458 4922 2567 4985 Jam
2607 4921 2711 4973 fere
2750 4923 2895 4974 annis
2920 4938 3021 4974 uon
