3634 5575
559 302 682 372 190
1457 305 1514 353 in
1551 303 1845 366 nyssenum
1880 303 2349 368 cummanum

658 464 708 534 1)
763 467 886 521 Non
933 471 1022 518 est
1067 466 1379 528 absurdum,
1429 465 1608 518 Deum
1647 463 1704 517 in
1747 463 1967 517 conditu
2006 469 2203 518 tantae
2248 463 2407 520 molis
2454 465 2863 522 demeum-asae
2908 482 3065 522 suam
3099 467 3285 522 omui-

764 546 1086 615 potentiam.
1189 545 1307 598 Nec
1351 546 1492 598 Deo
1539 545 1816 596 mundus
1864 559 2145 614 mag-nus
2200 552 2343 607 est,
2407 544 2521 597 sed
2578 561 2695 598 nos
2756 549 2998 600 mundo
3044 547 3281 616 parvi.

765 627 883 678 Hoc
924 641 1088 677 unum
1131 625 1319 687 habet,
1370 624 1512 695 quod
1549 640 1705 676 meae
1741 640 1844 693 pro
1874 623 2174 692 Copernico
2222 624 2693 695 argumentationi
2734 625 2998 694 objiciat:
3046 627 3281 690 scilieet,

763 704 1139 774 imperfectam
1168 721 1292 756 esse
1309 746 1322 768 ,
1372 705 1514 774 quod
1543 704 1972 772 comprehendat
1999 711 2217 758 tautum
2246 704 2488 757 secunda
2516 703 2770 768 mobilia,
2804 706 3009 759 omissa
3036 707 3287 775 sphaera

759 786 1018 846 fixarum,
1048 791 1279 853 propter
1307 783 1429 853 ejus
1459 784 1514 835 in
1545 783 1847 851 Cepernico
1876 783 2221 837 infinitatem.
2278 783 2466 852 Atqui,
2512 801 2543 835 o
2574 783 2780 853 Tycho,
2828 787 3137 839 mundanae
3168 787 3283 840 for-

763 879 884 918 mae
932 863 1180 926 interest,
1227 865 1512 934 quiescens
1551 878 1588 917 a
1633 863 1925 918 mobilibus
1976 871 2133 918 tanto
2164 863 2459 917 inter-vallo
2489 865 2704 918 abesse.
2762 865 2907 920 Nam
2936 866 2982 920 si
3008 882 3121 920 una
3150 883 3283 936 pro-

764 943 1016 1013 portione
1055 943 1469 1011 comprehendit
1496 943 1648 995 Deus
1691 943 1919 997 mobilia
1958 961 2079 996 cum
2126 943 2471 1012 quiescente,
2522 959 2617 996 cur
2664 943 2766 998 illa
2813 953 3127 1009 moventur,
3176 947 3287 1000 hoc

763 1023 1033 1092 quiescit?
1081 1023 1274 1076 Nonne
1305 1025 1646 1076 ad.normam
1673 1031 1917 1076 motuum
1946 1024 2215 1085 convenit,
2247 1022 2599 1077 distributam
2626 1040 2750 1076 esse
2778 1031 2841 1078 et
2869 1026 3241 1095 quantitatem
3258 1033 3282 1078 ⁵!

629 1099 710 1168 m)
768 1103 1014 1166 Quilibet
1043 1119 1102 1156 se
1133 1110 1314 1164 amat;
1357 1104 1453 1156 sed
1487 1102 1611 1156 hinc
1640 1103 1788 1166 vide,
1832 1102 2023 1171 quanti
2052 1103 2229 1155 faciat·
2254 1118 2431 1156 meam
2462 1103 3021 1174 argumentationem.

647 1179 710 1250 n)
767 1184 887 1238 Non
917 1183 1130 1253 quidem
1159 1190 1248 1235 est
1273 1183 1700 1251 praetereunda,
1735 1183 1829 1234 sed
1860 1190 2047 1236 tamen
2076 1200 2183 1252 non
2212 1190 2305 1236 est
2332 1182 2680 1236 immiscenda
2718 1183 3036 1248 mobilibus,
3082 1185 3136 1238 in
3171 1185 3285 1238 hac

759 1262 868 1316 illis
899 1263 1126 1332 propria
1153 1261 1555 1331 speculatione.

700 1415 782 1479 14)
819 1434 868 1483 p.
907 1417 990 1466 45.
1073 1418 1452 1476 „Domesticus“
1492 1418 1575 1467 ille
1611 1418 1707 1466 fuit
1743 1417 1987 1468 Gellius
2026 1417 2400 1468 Sascerides
2438 1417 2743 1480 Hafniensis,
2783 1417 2921 1468 Med.
2962 1419 3104 1470 Stud.
3142 1416 3279 1480 (mo-

547 1491 668 1538 ritur
703 1489 921 1538 Hafniae
960 1503 1090 1539 anno
1133 1485 1268 1537 1612
1287 1525 1300 1546 ,
1348 1490 1626 1539 medicinae
1663 1489 1951 1551 professoris
1988 1503 2189 1538 munere
2228 1489 2454 1553 fungens.
2530 1489 2609 1538 De
2649 1490 2845 1540 actione
2864 1526 2877 1547 ,
2916 1504 3063 1554 quam
3102 1497 3283 1540 contra

545 1559 676 1608 hunc
719 1561 932 1610 Gellium
981 1559 1198 1612 instituit
1247 1559 1414 1622 Tycho
1472 1575 1602 1608 anno
1662 1556 1792 1607 1596
1840 1561 1901 1608 ob
1952 1575 2031 1608 res
2086 1559 2333 1623 nuptiales
2351 1595 2364 1616 ,
2420 1561 2530 1610 vide
2586 1562 2739 1610 vitam
2782 1560 3031 1624 Tychonis
3087 1561 3277 1610 editam

549 1645 594 1678 a.
641 1627 778 1678 1756
828 1646 861 1680 a
895 1631 1020 1679 Phil.
1075 1632 1136 1680 de
1173 1629 1440 1680 Weistritz.
1500 1647 1547 1694 p.
1589 1627 1692 1677 236
1729 1627 1857 1693 sq.),
1912 1632 1994 1693 qui
2042 1629 2149 1678 Cal.
2202 1633 2329 1696 Aug.
2374 1627 2511 1680 1588
2556 1629 2825 1680 Maestlino
2874 1646 2994 1694 opus
3030 1631 3282 1694 Tychonis

545 1701 779 1760 miserat,
818 1701 895 1750 his
934 1701 1114 1750 additis
1149 1701 1336 1750 verbis:
1397 1701 1565 1764 Tycho
1603 1715 1682 1750 me
1721 1702 1913 1764 rogavit
1931 1735 1944 1756 .
1982 1707 2040 1749 ut
2076 1717 2164 1750 suo
2202 1703 2400 1752 nomine
2438 1715 2471 1750 a
2508 1707 2559 1750 te
2595 1709 2847 1764 peterem,
2896 1717 2959 1752 ne
2996 1717 3281 1768 gravarere,

547 1769 678 1821 hunc
716 1773 874 1836 ipsum
914 1775 1019 1833 ejus
1056 1771 1231 1821 librum
1267 1770 1520 1836 perlegere
1568 1780 1622 1820 et
1666 1772 1727 1820 de
1765 1785 1823 1820 eo
1874 1779 2011 1822 tuum
2056 1772 2297 1834 judicium
2335 1769 2701 1836 Uraniburgum
2746 1773 2813 1822 ad
2866 1787 2923 1822 se
2958 1775 3278 1836 perscribere.

549 1841 597 1890 Is
635 1856 748 1891 vero
787 1841 910 1890 liber
944 1842 1186 1905 peculiari
1221 1841 1434 1906 quodam
1473 1842 1676 1891 consilio
1711 1843 1921 1904 primum
1958 1849 2035 1892 est
2072 1843 2248 1903 editus,
2288 1844 2509 1908 quamvis
2546 1843 2761 1893 necdum
2796 1843 3057 1908 vulgatum
3092 1845 3281 1908 primus

549 1918 601 1962 et
637 1913 811 1962 tertius
849 1914 996 1972 brevi,
1037 1919 1094 1961 ut
1131 1927 1288 1976 spero,
1327 1919 1614 1976 sequentur.

689 1983 877 2043 Quibus
913 1983 1208 2034 Maestliuus
1246 1984 1376 2032 brevi
1411 1990 1526 2046 post
1572 1983 1881 2047 respondisse
1926 1984 2119 2034 videtur
2134 2019 2149 2042 ,
2200 1998 2349 2048 quum
2398 1990 2561 2034 exstet
2612 1985 2831 2046 ejusdem
2872 1981 3017 2034 Gellii
3068 1985 3282 2048 epistola

545 2053 616 2116 (d.
660 2051 743 2102 19.
773 2053 908 2118 Sept.
939 2051 1103 2116 1588)
1144 2055 1209 2103 ad
1247 2053 1316 2103 M.
1359 2055 1496 2106 data.
1536 2056 1585 2103 in
1625 2069 1724 2118 qua
1759 2053 1887 2103 haec
1922 2053 2162 2118 legimus:
2202 2055 2518 2118 gratissimae
2555 2055 2674 2103 mihi
2711 2055 2911 2104 fuerunt
2944 2055 3120 2104 literae
3156 2063 3279 2105 tuae

547 2133 598 2174 et
635 2125 940 2188 approbatio,
979 2127 1062 2190 qui
1089 2127 1176 2175 tibi
1203 2125 1378 2174 librum
1403 2124 1675 2188 Tychonis‚
1714 2125 1883 2174 amici*
1900 2127 1997 2174 mei
2034 2125 2467 2188 praestantissimi,
2508 2125 2707 2176 testaris
2742 2125 2957 2188 placere.
3017 2125 3085 2175 Ut
3124 2128 3279 2176 etiam

543 2196 790 2258 Tyehonis
830 2197 1125 2246 desiderium
1165 2210 1465 2260 cognoscas,
1511 2196 1968 2245 transscribendum
2006 2197 2095 2245 tibi
2134 2197 2273 2252 duxi,
2330 2197 2459 2260 quod
2496 2211 2529 2246 a
2564 2211 2644 2248 me
2680 2199 2783 2246 suis
2820 2196 2972 2246 literis
3008 2197 3273 2268 flagitavit.

535 2267 713 2326 ,Verba
749 2270 856 2329 ejus
893 2268 1022 2316 haec
1058 2275 1206 2316 sunt:
1242 2269 1286 2315 si
1325 2267 1502 2316 misisti
1535 2266 1804 2316 Maestlino
1842 2266 2018 2316 librum
2054 2281 2235 2325 meum,
2272 2275 2330 2316 ut
2366 2273 2417 2318 te
2456 2267 2634 2318 fecisse
2671 2283 2773 2318 non
2808 2267 3006 2324 dubito,
3044 2283 3181 2334 rogo,
3220 2274 3279 2316 ut

543 2339 613 2386 illi
648 2339 806 2400 prima
845 2339 1105 2388 occasione
1143 2338 1356 2388 scribere
1392 2337 1510 2386 velis
1560 2351 1766 2402 meoque
1822 2338 2021 2386 nomine
2071 2352 2276 2402 rogare,
2323 2345 2380 2388 ut
2414 2352 2557 2388 suam
2596 2339 2657 2387 de
2712 2339 2800 2395 iis,
2854 2353 2981 2406 quae
3035 2337 3278 2393 eontinet.

543 2410 846 2458 sententiam
881 2409 1000 2457 mihi
1034 2416 1228 2459 mature
1268 2415 1386 2458 ante
1423 2407 1634 2458 hiemem
1657 2423 1747 2471 per
1768 2409 1940 2464 literas
1966 2409 2245 2473 significare
2272 2424 2371 2458 non
2396 2410 2592 2474 gravari
2619 2407 2749 2457 velit.
2806 2406 2952 2469 (Mss.
2974 2406 3276 2469 Maestlini.)

684 2479 858 2529 Pauca
893 2480 986 2529 hoc
1023 2480 1132 2529 loco
1169 2479 1232 2529 de
1267 2477 1561 2543 Tychone
1597 2479 1834 2528 addenda
1872 2492 2148 2536 censemus,
2187 2479 2500 2530 celeberrimo
2551 2479 2635 2528 illo
2686 2485 2992 2534 astronomo,
3042 2481 3125 2544 qui
3160 2481 3276 2529 fun-

543 2551 783 2600 damenta
826 2552 952 2612 jecit
1001 2553 1228 2614 viamque
1273 2551 1466 2612 aperuit
1516 2550 1733 2612 Keplero
1781 2551 2177 2601 observationum
2226 2564 2427 2600 suarum
2479 2550 2967 2614 diligentissima-um
3026 2551 3154 2603 mole
3208 2551 3278 2600 ad

543 2621 906 2670 emendandam
946 2624 1312 2670 astronomiam.
1387 2620 1492 2669 Viri
1529 2632 1698 2670 autem
1735 2621 1863 2670 illius
1900 2622 2069 2678 vitam,
2110 2626 2190 2677 et,
2228 2622 2403 2684 quibus
2448 2621 2709 2670 defunctus
2748 2623 2843 2678 sit,
2884 2635 3057 2678 casus,
3094 2623 3277 2686 quippe

542 2691 708 2740 multis
744 2691 877 2740 libris
917 2694 1258 2740 astronomicis
1296 2698 1346 2741 et
1380 2690 1622 2741 historicis
1659 2693 1837 2740 iterum
1873 2693 2143 2756 iterumque
2181 2694 2415 2755 repetitos
2437 2729 2451 2750 ,
2506 2693 2725 2756 pluribus
2764 2694 2945 2741 referre
2982 2707 3079 2740 non
3118 2695 3275 2741 risum

543 2771 638 2812 est.
699 2761 842 2813 Haec
879 2769 1073 2814 tantum
1113 2763 1429 2813 Gassendo
1468 2771 1670 2813 auctore
1706 2763 1927 2825 adjicere
1962 2763 2165 2826 placuit.
2224 2762 2394 2826 Tycho
2436 2770 2587 2813 natus
2626 2770 2703 2813 est
2742 2761 3065 2828 Knudstorpii
3099 2777 3274 2814 mense

537 2834 806 2882 Decembri
857 2836 974 2884 anni
1037 2831 1200 2892 1546,
1252 2842 1393 2897 patre
1439 2834 1672 2884 Ottone
1715 2834 1965 2889 Brahe.
2024 2835 2219 2884 domiuo
2268 2835 2628 2899 Knudstorpii,
2680 2835 2813 2885 feudi
2848 2837 2903 2885 in
2948 2834 3134 2885 Scania
3169 2836 3271 2892 siti,

541 2918 640 2954 non
693 2905 864 2967 procul
919 2906 982 2955 ab
1027 2905 1372 2970 Helsingborg.
1447 2906 1704 2955 Educatus
1757 2912 1837 2955 est
1884 2904 2053 2967 'tycho
2108 2920 2142 2955 a
2193 2912 2373 2969 patruo
2428 2906 2639 2971 Georgia
2689 2904 2873 2955 Brahe.
2947 2908 3091 2955 Anno
3134 2902 3271 2953 1559

539 2974 785 3034 Hafuiae,
841 2972 978 3023 1562
1019 2976 1216 3039 Lipsiae
1253 2976 1406 3025 literis
1446 2976 1730 3040 artibusque
1769 2990 1971 3038 operam
2010 2976 2189 3033 dabat,
2229 2976 2319 3025 sed
2356 2976 2808 3043 cognoscendorum
2858 2976 3071 3027 siderum
3106 2976 3272 3027 studio

541 3048 700 3111 magis
738 3045 1026 3096 ducebatur.
1086 3046 1250 3106 Quum
1286 3062 1416 3096 anno
1458 3044 1592 3095 1569
1623 3050 1905 3112 Augustam
1942 3061 1995 3097 se
2034 3047 2341 3103 contulisset,
2383 3062 2495 3095 cum
2520 3048 2752 3096 fratribus
2778 3046 3050 3103 Hainzeliis
3088 3045 3272 3109 (altero

542 3117 771 3171 consule,
825 3117 982 3165 altero
1019 3124 1248 3167 senatore
1287 3114 1608 3182 Augustano)
1649 3118 1964 3168 observandis
2000 3119 2237 3167 studebat
2270 3117 2535 3177 sideribus,
2586 3117 2815 3173 adhibitis
2852 3119 2975 3167 satis
3012 3118 3271 3169 subtilibus

539 3190 592 3236 in
630 3187 760 3236 hunc
798 3187 950 3237 finem
987 3190 1337 3239 instrumentis.
1413 3189 1469 3237 In
1505 3189 1720 3251 patriam
1771 3202 1995 3249 reversus
2046 3202 2177 3238 anno
2231 3188 2361 3243 1571
2407 3189 2470 3238 ab
2509 3189 2751 3239 avunculo
2789 3186 3063 3239 Stenone
3098 3189 3271 3243 Bille

540 3260 739 3308 domum
777 3266 1099 3322 opportunam
1137 3262 1202 3310 ad
1237 3262 1386 3325 signa
1421 3260 1659 3309 coelestia
1694 3260 2005 3311 observanda
2041 3258 2281 3310 donatam
2317 3260 2537 3324 accepit,
2588 3267 2640 3309 et
2677 3274 2811 3309 anno
2851 3256 2987 3309 1576
3024 3262 3276 3311 concessit

539 3329 759 3391 Tychoni
797 3344 882 3379 rex
919 3329 1118 3380 Daniae
1157 3330 1434 3381 Ridericus
1470 3330 1518 3379 11
1553 3330 1765 3380 insulam
1801 3330 2101 3384 Euennam.
2159 3339 2217 3380 ut
2266 3332 2318 3380 in
2374 3346 2432 3381 eo
2483 3332 2624 3394 quasi
2682 3346 2883 3381 secessu
2940 3332 3275 3403 astronqmiae

543 3414 744 3465 operam
781 3401 939 3451 daret.
1014 3400 1128 3462 Qua
1163 3416 1280 3451 usus
1317 3402 1616 3451 liberalitate
1656 3404 1915 3450 constituit
1962 3403 2012 3451 in
2063 3400 2227 3451 medio
2278 3416 2454 3464 campo
2504 3401 2825 3466 magnificam
2874 3416 3070 3459 arcem,
3100 3396 3275 3466 'quam

539 3470 1010 3537 Uraniburgum
1045 3475 1338 3522 nominavit.
1395 3472 1491 3522 Hic
1527 3480 1856 3522 commoratus
1895 3479 1973 3521 est
2007 3487 2161 3536 usque
2199 3473 2265 3521 ad
2302 3486 2485 3521 annum
2524 3468 2677 3532 1597,
2716 3474 3049 3523 instrumenta
3082 3473 3148 3522 ad
3183 3473 3270 3522 ob-

538 3543 836 3593 servandum
882 3546 1082 3593 summis
1135 3544 1370 3607 impensis
1424 3543 1734 3594 conficienda
1778 3546 1970 3593 curavit
2020 3540 2299 3607 (descripta
2330 3544 2458 3593 haec
2494 3544 2827 3594 instrumenta
2860 3543 3273 3607 deprehendimus

536 3616 587 3663 in
639 3614 874 3676 peculiari
925 3630 1100 3678 opere,
1152 3617 1414 3678 inscripto:
1473 3616 1914 3663 Astronomiae
1971 3616 2377 3664 instauratae
2432 3612 2820 3664 Mechanica.
2912 3613 3273 3679 Wandesburgi

543 3682 710 3737 1598.
760 3699 932 3735 recuso
969 3685 1324 3750 Norimbergae
1369 3682 1546 3745 1602.)
1565 3721 1578 3743 ,
1637 3685 1901 3749 discipulos
1950 3694 2003 3733 et
2040 3686 2369 3734 calculatores
2406 3684 2649 3739 adscivit,
2698 3693 2951 3749 totumque
2988 3700 3043 3737 se
3081 3686 3275 3735 dedidit

539 3757 878 3806 astronomicis
916 3756 1350 3806 observationibus.
1409 3756 1489 3805 De
1525 3757 1600 3807 his
1638 3758 2059 3807 observationibus
2094 3756 2222 3806 haec
2256 3758 2362 3821 ipse
2392 3755 2542 3805 dicit:
2588 3770 2711 3818 quas
2737 3755 2935 3827 Lipsiae
2972 3759 3023 3807 in
3058 3758 3274 3821 pueritia

535 3827 706 3891 peregi
725 3860 740 3883 ,
794 3827 1005 3889 pueriles
1057 3834 1110 3878 et
1159 3828 1336 3879 dubias
1371 3827 1622 3891 appellare
1657 3826 1806 3877 soleo.
1884 3825 2023 3887 Quas
2060 3842 2173 3877 vero
2210 3831 2387 3891 postea
2422 3827 2683 3891 Augustae
2720 3824 3090 3879 vindelicorum
3130 3834 3182 3877 et
3216 3828 3269 3876 in

537 3896 710 3946 Dania
744 3899 927 3960 passim
965 3898 1175 3961 adeptus
1212 3914 1337 3955 sum,
1372 3899 1654 3960 juveniliter
1691 3904 1742 3946 et
1778 3898 2091 3947 mediocriter
2126 3912 2179 3947 se
2216 3896 2459 3947 habentes
2491 3911 2627 3945 voco.
2684 3896 2879 3946 Tei-tias
2919 3904 3104 3955 autem,
3142 3912 3269 3963 quas

535 3968 847 4032 posmodum
883 3966 1177 4033 Uraniburgi
1215 3970 1539 4019 exactissimis
1574 3969 1670 4018 illis
1705 3970 2045 4019 instrumentis
2081 3968 2330 4033 dimensus
2368 3984 2475 4017 sum
2494 4004 2507 4027 ,
2548 3968 2711 4017 viriles
2730 3961 2757 4023 ‚'
2782 3974 2921 4017 ratas
2960 3976 3013 4019 et
3050 3971 3264 4019 certissi-

542 4054 651 4088 mas
691 4038 883 4102 appello
923 4045 975 4087 et
1011 4053 1206 4089 censeo.

677 4108 802 4159 Inde
838 4110 902 4159 ab
938 4124 996 4159 eo
1033 4120 1270 4175 tempore,
1309 4124 1402 4174 quo
1439 4111 1638 4173 imperio
1675 4110 1861 4175 potitus
1900 4117 1976 4159 est
2002 4108 2309 4158 Christianus
2336 4108 2409 4157 lv
2434 4105 2642 4169 (1588),
2683 4122 2763 4158 res
2788 4106 3053 4171 Tyehonis,
3092 4123 3265 4173 quam·

538 4194 686 4245 quam
722 4196 810 4244 per
847 4180 1031 4243 aliquot
1069 4196 1226 4229 annos
1259 4181 1452 4243 juvenis
1489 4181 1634 4242 hujus
1673 4182 1801 4245 regis
1841 4182 2007 4245 gratia
2042 4180 2324 4245 gaudebat,
2378 4180 2560 4229 mutari
2596 4186 2649 4229 et
2684 4179 2785 4237 labi
2824 4188 3127 4244 coeperunt:
3178 4182 3265 4231 de-

537 4252 687 4301 ficere
724 4250 927 4309 reditus,
965 4266 1084 4315 quos
1125 4267 1183 4301 ex
1219 4254 1361 4317 regia
1395 4252 1736 4301 munificentia
1772 4260 1929 4301 antea
1965 4253 2275 4307 obtinuerat,
2316 4252 2526 4301 existere
2564 4250 2949 4301 calumniatores
2987 4258 3037 4301 et
3074 4253 3265 4301 obtrec-

538 4330 744 4383 tatores,
781 4330 833 4371 et
867 4336 979 4371 cum
1012 4326 1118 4385 jam
1155 4338 1256 4387 nnn
1292 4330 1460 4387 posset
1495 4336 1556 4371 ex
1589 4324 1826 4372 reditibus
1865 4324 2067 4386 propriis
2104 4329 2272 4373 tantos
2308 4328 2499 4371 sumtus
2525 4324 2785 4379 sustinere,
2823 4323 3101 4389 requirendi
3136 4324 3271 4386 apud

539 4399 730 4443 ceteros
768 4395 1028 4456 patrocinii
1067 4401 1218 4459 atque
1257 4393 1382 4443 adeo
1421 4393 1549 4442 sedis
1587 4393 1808 4444 Uraniae
1848 4393 1945 4442 alio
1981 4393 2358 4444 transferendae
2397 4394 2528 4454 cepit
2564 4392 2820 4462 consilium
2858 4388 3207 4455 (1591-96).

683 4462 826 4523 Quae
863 4479 922 4514 eo
959 4480 1112 4529 usque
1149 4466 1278 4529 typis
1315 4464 1640 4528 imprimenda
1676 4466 1904 4524 curarit,
1930 4471 2078 4521 sunt,
2113 4470 2313 4527 praeter
2348 4462 2639 4527 opusculum
2677 4464 2738 4512 de
2774 4458 2917 4513 Nova
2953 4462 3114 4514 Stella
3149 4466 3269 4515 anni

543 4530 680 4581 1572
719 4532 874 4601 (quod
907 4537 1014 4599 ipse
1049 4537 1100 4585 in
1136 4538 1312 4599 majori
1339 4536 1400 4585 de
1426 4537 1602 4586 eadem
1639 4535 1786 4585 stella
1811 4550 1956 4598 opere
1982 4542 2155 4585 narrat
2190 4534 2499 4599 publicatum
2534 4534 2685 4583 fuisse
2723 4548 2854 4583 anno
2885 4532 3019 4583 1573
3060 4544 3269 4586 curante

541 4604 606 4653 D.
634 4603 888 4664 Pratense,
925 4605 1161 4661 Hafniae,
1203 4607 1362 4671 „quod
1399 4607 1594 4670 quidem
1620 4621 1740 4669 opus
1777 4620 1877 4654 non
1916 4620 1972 4655 eo
2012 4607 2193 4665 animo,
2229 4613 2286 4654 ut
2310 4606 2359 4653 in
2385 4602 2637 4668 publicum
2664 4604 2989 4655 emittendum
3016 4607 3264 4665 ducerem,

541 4676 813 4725 amicorum
849 4675 1025 4725 saltem
1064 4677 1503 4741 efflagitationibus
1543 4692 1602 4725 eo
1639 4677 1903 4741 impulsus,
1941 4677 1993 4726 id
2029 4677 2261 4742 quidquid
2299 4682 2404 4731 est,
2442 4674 2559 4725 mihi
2598 4690 2698 4725 non
2736 4675 3093 4739 satisfacit.“),
3144 4692 3267 4742 opus

541 4745 604 4794 de
644 4743 895 4795 Cometa
939 4749 1058 4796 anni
1111 4741 1279 4807 1577,
1337 4754 1390 4797 et
1443 4746 1865 4811 Epistularum
1922 4747 2145 4798 collectio
2198 4743 2407 4808 (1596).
2482 4746 2611 4795 Illud
2664 4748 2953 4811 inscriptum
3010 4756 3115 4798 est:
3176 4748 3267 4799 De

539 4815 754 4867 Mundi
789 4816 1086 4867 Aether-ei
1109 4817 1601 4869 Recentioribus
1626 4817 2093 4869 Phaenomenis
2116 4818 2267 4869 Liber
2304 4816 2567 4875 secundus,
2606 4820 2689 4883 qui
2728 4818 2891 4873 estne
2914 4818 3091 4877 illustri
3118 4820 3267 4871 stella
