3634 5575
1436 408 1499 458 «ι.
1537 408 1681 460 nnn
1716 406 2042 471 umam.
2971 400 3104 471 808

384 568 541 632 inter
594 585 707 631 nos
761 568 991 631 existat
1036 566 1135 627 vel
1189 564 1503 629 levissima
1545 563 1834 635 offensio,
1885 582 1964 625 ne
2017 562 2256 641 quidem
2301 580 2516 625 sexum
2562 560 2845 623 variavit.
2937 560 3107 625 Nata

386 654 525 715 mihi
574 664 673 715 est
712 656 841 715 fllia
886 654 1225 717 Susanna
1279 653 1511 715 decimo
1570 652 1669 712 die
1724 650 2076 729 priusquam
2133 650 2246 712 tibi
2295 650 2545 724 Sabina,
2595 649 2826 710 oriente
2872 646 3101 725 20⁰5,

382 742 559 803 Luna
605 742 663 801 in
714 739 944 817 30⁰5.
1020 742 1342 821 Reliquum
1390 740 1596 800 thema
1634 738 1764 817 jam
1811 737 1991 798 facile
2040 745 2376 800 construeS.
2453 736 2629 807 Quod
2672 737 2828 798 diem
2859 736 3102 805 attinet,

384 830 572 891 facies
620 829 773 891 coeli
817 830 1029 909 ἄλογος
1074 838 1209 891 erat
1256 837 1319 890 et
1362 826 1734 905 ἀναρμοςος,
1782 844 1919 887 cum
1963 833 2212 905 praeter
2238 826 2600 887 Mercurium
2629 825 2826 886 nullus
2855 824 3107 903 planeta

384 919 643 981 alterum
686 917 1061 996 adspiceret:
1112 917 1271 996 quod
1297 915 1509 977 horam
1546 932 1709 986 vere,
1759 912 1908 974 nihil
1957 914 2154 992 potuit
2195 932 2330 975 esse
2380 912 2634 975 felicius.
2727 911 2853 973 Sed
2891 921 3102 974 osteu-

382 1005 473 1065 dit
518 1005 673 1067 hunc
734 1023 963 1085 quoque
1032 1004 1263 1065 foetum
1307 1004 1475 1064 Deus
1536 1009 1601 1063 et
1650 1000 1889 1080 eripuit.
1984 1000 2230 1062 Mortua
2273 1010 2372 1061 est
2421 1007 2800 1079 apostemate
2847 998 3101 1078 capitis:

382 1094 591 1172 (plane
638 1102 706 1155 ut
752 1096 941 1155 frater
996 1092 1124 1172 ejus
1172 1099 1315 1152 ante
1364 1093 1616 1163 annum)
1683 1107 1818 1149 cum
1865 1087 2123 1149 vixisset
2177 1089 2308 1149 dies
2358 1084 2463 1149 35.
2556 1087 2778 1148 Mortis
2823 1088 2886 1148 in
2934 1086 3103 1148 coele

362 1181 607 1243 nullum
654 1189 789 1243 erat
834 1180 1099 1259 signum:
1169 1198 1356 1241 causa
1400 1178 1655 1257 pertigit
1698 1196 1773 1237 ex
1821 1182 2021 1250 utere,
2081 1196 2190 1238 seu
2235 1176 2430 1255 magis
2489 1195 2564 1237 ex
2608 1183 2810 1255 partu.
2905 1172 3104 1245 Quam

381 1270 435 1330 si
482 1267 649 1329 brevi
692 1278 869 1349 pater
914 1276 1234 1349 sequatur,
1302 1265 1451 1329 nihil
1498 1267 1583 1327 illi
1631 1264 1970 1343 inopinanti
2019 1264 2273 1325 accidet.
2362 1261 2520 1325 Cum
2567 1263 2726 1325 enim
2768 1263 2998 1341 passim
3043 1262 3102 1323 in

382 1356 653 1437 Ungaria
706 1374 915 1417 cruces
972 1354 1339 1435 sanguineae
1404 1354 1465 1415 iu
1514 1353 1817 1415 hominum
1877 1352 2225 1431 corporibus
2287 1350 2526 1431 aliaque
2573 1350 2916 1429 hujusmodi
2961 1368 3101 1411 cru-

380 1451 523 1506 enta
568 1444 745 1524 signa
790 1444 851 1505 in
901 1443 1126 1505 foribus
1176 1443 1481 1515 domuum,
1558 1442 1614 1502 in
1665 1440 1958 1512 scamnis,
2009 1440 2068 1500 in
2116 1439 2448 1519 parietibus
2497 1444 2864 1518 appareant,
2916 1436 3104 1517 (qued

381 1532 739 1595 universalis
786 1531 1174 1612 pestilentiae
1224 1530 1461 1609 signum
1510 1536 1771 1607 arguunt
1816 1526 2162 1600 historiae),
2218 1528 2445 1606 primus
2495 1546 2606 1607 ego
2655 1526 2712 1586 in
2763 1525 2878 1587 hac
2935 1525 3102 1599 urbe,

380 1621 541 1699 quod
586 1620 775 1683 sciam
796 1668 813 1695 ,
878 1618 1242 1682 cruciculam
1296 1618 1356 1679 in
1420 1616 1667 1679 sinistro
1724 1616 1880 1695 pede
1937 1617 2322 1696 conspicatus
2373 1632 2534 1691 sum,
2601 1612 2770 1692 cujus
2818 1612 3002 1675 color.
3029 1630 3104 1675 ex

380 1754 708 1833 sanguineo
756 1752 979 1815 dilutus
1027 1752 1087 1813 in
1138 1751 1391 1819 luteum,
1462 1750 1654 1811 forma
1710 1756 1773 1811 et
1821 1748 2130 1829 quantitas
2175 1748 2352 1809 haec.
2455 1712 2640 1856 ψ
2775 1744 2976 1807 Locus
3041 1744 3102 1805 in

378 1886 553 1965 pede,
603 1905 719 1965 qua
767 1885 1009 1947 dorsum
1056 1882 1233 1963 pedis
1284 1883 1359 1945 ad
1406 1882 1605 1943 volam
1654 1900 1900 1961 vergere
1949 1879 2188 1960 incipit,
2240 1876 2436 1941 medio
2483 1871 2682 1957 spatie
2727 1875 2889 1937 inter
2933 1874 3101 1937 radi-

380 1992 481 2034 ces
530 1974 715 2035 tibiae
763 1981 827 2034 et
872 1973 1211 2051 digitorum.
1304 1968 1707 2044 Crediderim,
1778 1988 1894 2031 non
1953 1969 2074 2030 alio
2132 1966 2262 2028 leco
2317 1966 2498 2028 fixum
2555 1982 2692 2025 esse
2749 1963 2988 2025 clavum
3042 1962 3102 2024 in

378 2062 531 2139 pede
580 2058 827 2122 Christi.
922 2060 1183 2129 Quidam
1248 2065 1557 2136 guttarum
1622 2058 2088 2135 sanguinearum
2153 2053 2386 2133 species
2453 2052 2786 2113 ostendunt
2837 2051 2897 2111 in
2961 2050 3104 2110 vola

381 2164 619 2221 manus,
686 2154 755 2209 ut
809 2147 1005 2208 audio.
1096 2146 1258 2207 Nam
1312 2144 1407 2205 hic
1466 2144 1660 2205 adhuc
1708 2145 1855 2205 nihil
1903 2144 2126 2218 simile,
2192 2148 2612 2219 praeterquam
2657 2138 2716 2198 in
2765 2155 2882 2197 me.
2953 2135 3104 2197 -Sed

325 2270 344 2287 .
381 2234 521 2295 vola
567 2233 811 2296 Christo
859 2240 924 2293 et
969 2234 1103 2311 ipsa
1146 2233 1439 2294 transfixa
1499 2239 1614 2301 est.
1708 2230 1937 2293 Verum
1997 2239 2064 2292 ut
2117 2230 2360 2293 redeam
2419 2248 2456 2287 a
2512 2233 2705 2288 morte
2767 2224 2845 2285 ad
2895 2224 3102 2287 vitam.

382 2320 493 2385 Sol
539 2329 605 2383 et
648 2322 830 2383 Luna
872 2320 1203 2383 Sabinulae
1251 2327 1390 2381 tuae
1441 2318 1822 2381 stabulantes
1861 2319 1919 2379 in
1951 2317 2326 2385 duodecima,
2375 2316 2546 2377 Luna
2591 2312 2922 2387 combusta,
2975 2312 3104 2375 dis-

380 2410 584 2471 soluta
647 2409 801 2470 coeli
866 2408 1085 2481 facies,
1158 2408 1325 2468 solus
1372 2408 1415 2483 3}
1458 2407 1517 2467 in
1562 2398 1724 2481 Cib,
1792 2412 1858 2466 et
1911 2413 2080 2466 ortus
2128 2406 2186 2467 in
2231 2396 2592 2481 Ulongob,
2663 2400 2944 2463 videntur
2989 2400 3100 2462 tibi

302 2544 315 2557 .
382 2515 615 2576 quoque
662 2496 821 2558 idem
868 2496 1085 2569 dicere,
1156 2495 1313 2574 quod
1362 2494 1503 2555 mihi
1550 2495 1789 2555 accidit.
1886 2492 1954 2554 Si
2002 2500 2054 2562 0*
2099 2511 2206 2571 per
2251 2488 2355 2564 24,
2382 2488 2570 2563 3011,
2619 2486 2748 2553 ΒΘ
2795 2489 3100 2550 transiens

379 2584 529 2646 nihil
576 2582 845 2657 nocebit,
896 2582 1197 2644 Saturnus
1246 2582 1445 2642 tamen
1495 2601 1652 2643 anno
1709 2576 2128 2656 16041605,
2187 2599 2320 2641 cum
2369 2584 2432 2638 et
2478 2576 2838 2638 directiones
2884 2594 3098 2639 acces-

380 2673 589 2745 serint,
638 2672 803 2733 vitae
849 2669 1181 2750 periculum
1226 2671 1459 2731 afferet.

554 2759 673 2821 Hic
718 2758 877 2840 apud
924 2776 1035 2820 nos
1082 2756 1433 2839 dysenteria
1476 2755 1765 2836 plurimos
1814 2755 2073 2817 omnium
2122 2761 2410 2828 aetatum,
2459 2752 2564 2814 sed
2602 2752 2792 2814 multo
2836 2749 3096 2814 maxime

380 2849 643 2909 infantes
700 2847 979 2908 absumit.
1073 2845 1303 2925 Aprilis
1362 2843 1517 2905 enim
1577 2844 1948 2906 siccissimus
1995 2853 2059 2904 et
2105 2862 2238 2905 cum
2285 2849 2458 2903 aestu
2505 2841 2897 2902 fundamenta
2945 2839 3100 2919 jecit

381 2935 605 2997 aestati
652 2933 943 3006 torridae,
992 2952 1142 3013 quae
1191 2931 1462 3011 frugibus
1510 2933 1757 2993 multum
1808 2931 2035 2993 nocuit.
2137 2929 2323 2992 Stant
2369 2929 2466 2990 hic
2515 2927 2792 3003 arboreS,
2849 2931 3098 2990 summis

380 3023 584 3084 aridae
634 3023 963 3093 frondibuS,
1009 3021 1259 3101 perinde
1310 3039 1381 3082 ac
1429 3028 1759 3101 presterem
1805 3039 2062 3100 passae:
2124 3019 2234 3080 sed
2279 3037 2398 3080 non
2449 3025 2656 3078 aestus
2703 3015 2842 3078 illas
2890 3015 3097 3078 defor-

380 3111 571 3172 mavit
614 3110 988 3178 immediate,
1056 3108 1163 3170 sed
1216 3109 1393 3188 copia
1438 3107 1746 3170 vermium.
1841 3107 1910 3169 Si
1967 3108 2178 3169 eadem
2241 3112 2386 3167 sunt
2440 3123 2627 3185 penes
2677 3123 2820 3176 vos,
2895 3113 3098 3166 metuo

379 3208 521 3261 tuae
566 3198 785 3262 filiolae
831 3198 947 3258 hac
994 3205 1233 3258 aestate
1280 3196 1493 3270 adhuc,
1544 3215 1616 3257 ne
1665 3195 1888 3259 similia
1931 3195 2220 3274 patiatur.

524 3337 869 3394 Calamitates.
908 3350 1033 3401 quas
1072 3336 1301 3395 diximus,
1339 3336 1591 3398 publicas,-
1640 3335 1813 3400 quibus
1854 3335 1946 3384 viri
1988 3334 2242 3399 ingenium
2275 3332 2480 3382 liberum
2529 3332 2594 3382 ad
2628 3333 2762 3382 hanc
2795 3333 3098 3396 superstitio-

380 3425 496 3460 nem
531 3414 835 3472 pertractum
872 3413 979 3462 est,
1011 3421 1161 3471 quam
1198 3406 1499 3468 praemissae
1535 3412 1785 3456 testantur
1819 3405 1996 3455 literae
2009 3438 2024 3460 ‚
2071 3409 2325 3453 exorturas
2361 3403 2611 3467 significat
2648 3402 2858 3465 epistola
2891 3401 3098 3466 Kepleri

380 3482 599 3543 superior
650 3477 791 3543 (pag.
830 3473 963 3538 299)
976 3512 993 3536 ,
1050 3489 1235 3540 easque
1266 3479 1373 3538 jam
1410 3480 1607 3526 exortas
1659 3476 1882 3526 referunt
1925 3474 2102 3525 literae
2155 3473 2220 3522 ad
2257 3472 2579 3522 Maestlinum
2615 3477 2668 3523 et
2701 3471 3016 3524 Hervartum
3051 3489 3095 3524 ο.

378 3551 529 3601 finem
568 3551 685 3600 anni
726 3547 862 3598 1598
900 3549 1051 3599 datae
1104 3544 1301 3610 (comp.
1340 3563 1389 3610 p.
1430 3544 1495 3595 39
1533 3554 1585 3596 et
1624 3542 1731 3606 69).
1808 3546 1952 3606 Quae
2001 3545 2056 3593 in
2102 3543 2179 3593 his
2215 3544 2332 3606 ipsis
2371 3543 2524 3593 literis
2579 3539 2688 3604 (29.
2727 3545 2860 3607 Aug.
2903 3540 2994 3604 99)
3047 3551 3100 3595 et

378 3623 439 3670 iis
476 3635 605 3686 quae
648 3621 741 3670 has
777 3621 1075 3669 subsecutae
1124 3623 1257 3675 sunt,
1305 3618 1521 3680 pluribus
1578 3617 1641 3667 de
1694 3617 1907 3667 turbatis
1961 3615 2106 3664 rebus
2143 3614 2385 3676 Styx-iacis
2441 3625 2593 3678 aeger
2641 3614 2796 3664 animi
2829 3613 3098 3664 Maestlino

380 3694 621 3750 nunciat,
682 3689 1033 3754 Maestlinique
1102 3703 1391 3753 responsum
1457 3701 1629 3750 parum
1682 3686 1848 3736 solatii
1905 3685 2174 3749 praebens.
2245 3684 2477 3748 leguntur
2541 3697 2693 3748 supra
2755 3697 2806 3746 p.
2865 3681 2925 3731 51
2993 3699 3098 3749 sqq.

386 3761 575 3822 Quibus
610 3761 849 3824 inspectis
888 3773 1035 3809 nemo
1072 3761 1197 3810 torte
1241 3759 1515 3818 mirabitur,
1554 3766 1832 3821 temporum
1863 3757 2048 3818 injuria
2081 3761 2312 3810 venatum
2339 3755 2708 3818 cruciatumque
2743 3755 2898 3805 virum
2935 3756 3100 3806 animo

378 3833 531 3882 fuisse
570 3831 863 3883 conturbato
900 3827 953 3879 et'
988 3831 1195 3888 incerto,
1238 3837 1293 3880 et
1328 3829 1393 3900 ad
1430 3829 1805 3891 superstitiones
1845 3828 2099 3876 transiisse
2135 3838 2298 3889 paene
2336 3826 2508 3876 aniles.
2582 3809 2657 3876 Εο
2693 3825 2799 3888 ipso
2825 3839 2940 3874 vero
2976 3831 3102 3875 tem-

378 3919 521 3967 pore,
577 3908 875 3966 recuperata
907 3901 1105 3964 propria
1139 3906 1350 3954 natura,
1403 3900 1753 3962 circumspexit
1788 3897 2038 3954 subsidia,
2089 3897 2264 3960 quibus
2301 3895 2391 3944 sibi
2429 3897 2627 3960 suisque
2663 3897 2846 3945 victum
2881 3903 3102 3959 pararet,

379 3988 537 4038 eaque
574 3973 796 4038 arripuit,
834 3985 963 4035 quae
999 3972 1093 4034 ipsi
1128 3977 1323 4034 promta
1358 3976 1534 4026 erant;
1574 3984 1687 4018 cum
1712 3968 1950 4034 Tychone
1989 3968 2095 4032 egit
2132 3967 2194 4016 de
2219 3966 2433 4015 transitu
2458 3965 2510 4014 in
2534 3965 2842 4025 Bohemiam,
2880 3966 3100 4016 interim-

378 4059 487 4108 que,
527 4045 643 4096 dum
677 4044 771 4093 hoc
807 4043 1062 4106 negotium
1098 4041 1149 4090 in
1185 4055 1420 4104 suspenso
1458 4038 1699 4089 haerebat
1718 4073 1733 4099 ,
1785 4038 2148 4089 concinnandis
2186 4037 2530 4086 nativitatibus
2566 4037 2864 4086 mediocrem
2901 4037 3102 4100 conqui-

377 4116 521 4166 rebat
556 4115 834 4178 pecuniam.
906 4111 1043 4160 Inter
1080 4110 1277 4172 Styriae
1330 4109 1521 4161 nobiles
1572 4111 1837 4174 praecipue
1887 4108 2089 4159 favebat
2121 4105 2340 4171 Keplero
2377 4105 2502 4156 liber
2549 4107 2669 4157 baro
2720 4107 2782 4158 de
2817 4103 2988 4156 Herb
3005 4121 3098 4156 er-

378 4186 559 4234 stein
578 4219 593 4243 ,
630 4197 833 4248 praeses
870 4187 1091 4230 statuum
1128 4179 1353 4243 styriae,
1392 4183 1475 4244 qui
1513 4195 1625 4230 cum
1664 4180 1755 4230 sibi
1790 4180 1885 4242 ipsi
1921 4186 2027 4228 tum
2064 4177 2174 4228 aliis
2211 4176 2450 4227 nobilibus
2487 4179 2684 4241 saepius
2721 4177 2926 4241 expetiit
2959 4175 3100 4241 Kep-

377 4254 470 4304 leri
508 4254 859 4318 astrologicum
890 4252 1133 4314 iudicium
1148 4285 1162 4310 ,
1221 4250 1319 4300 hac
1352 4251 1476 4301 forte
1516 4252 1669 4302 etiam
1705 4257 1892 4310 mente,
1929 4256 2004 4306 ut,
2040 4248 2326 4298 labantibus
2361 4249 2505 4298 rebus
2544 4247 2783 4312 Styriacis
2821 4253 2874 4296 et
2910 4249 3102 4298 aerario

378 4323 573 4387 publico
613 4324 854 4390 angustiis
890 4336 1091 4386 presso,
1146 4319 1419 4384 Keplerum
1456 4320 1765 4376 sublevaret,
1824 4333 2036 4384 parcens
2074 4319 2304 4383 dignitati
2339 4319 2426 4367 viri
2477 4333 2622 4384 quem
2657 4319 2828 4382 magni
2863 4317 3100 4368 faciebat.

380 4393 499 4458 Egit
534 4409 645 4444 curn
684 4393 904 4458 Keplerc
940 4393 1205 4456 interprete
1242 4406 1360 4440 usus
1412 4389 1715 4442 Colcmanno
1752 4391 2138 4452 Zehentmaiero
2175 4391 2467 4447 secretario,
2522 4391 2664 4451 cujus
2700 4388 2869 4438 literas
2907 4387 3105 4440 exhibet

379 4463 664 4516 Hauschius
697 4479 746 4526 p.
788 4459 889 4512 126
930 4477 997 4512 ss.
1038 4463 1181 4512 annis
1228 4457 1577 4510 1598—1600
1615 4462 1781 4511 datas.
1855 4461 1930 4510 Ex
1964 4459 2040 4510 his
2077 4457 2205 4509 haec
2253 4465 2446 4510 tantum
2485 4459 2839 4520 excerpsimus:
2904 4457 3100 4516 „Gene-

378 4549 459 4584 ses
494 4541 609 4584 tuas
648 4547 953 4596 summopere
992 4531 1314 4584 commendat
1354 4532 1635 4582 Generosus
1689 4530 1843 4594 (idem
1879 4532 1962 4582 ille
1998 4525 2342 4591 Herberstein)
2356 4563 2375 4591 ,
2423 4537 2474 4580 et
2523 4530 2783 4593 aliquoties
2821 4529 3105 4586 affirmavit,

380 4612 431 4654 te
466 4619 572 4654 rem
610 4619 709 4656 acu
743 4604 965 4668 tetigisse
1003 4604 1055 4654 in
1094 4603 1189 4652 illis
1220 4603 1452 4666 judiciis,
1506 4616 1633 4666 quae
1670 4601 1930 4652 Nobilibus
1974 4603 2026 4651 in
2062 4602 2266 4652 Austris
2302 4602 2582 4665 conscripta
2616 4606 2748 4650 sunt.
2820 4599 2978 4650 Jussit
3012 4600 3103 4650 tibi

380 4675 677 4742 significari,
734 4680 792 4724 ut
828 4673 1120 4724 dilationem
1154 4673 1566 4722 remunerationis
1602 4673 1856 4738 patienter
1891 4675 2018 4722 ferre
2053 4671 2201 4728 velis,
2253 4686 2408 4737 usqne
2447 4671 2563 4722 dum
2606 4670 2690 4719 ille
2726 4669 2989 4720 Graecium
3024 4684 3102 4720 re-

376 4760 575 4811 gressus
625 4745 791 4796 fuerit.
865 4743 993 4794 Tum
1046 4743 1316 4794 honorifice
1365 4743 1453 4794 tibi
1510 4743 1747 4802 satisfiet,
1809 4749 1862 4794 et
1911 4743 2115 4794 ulterius
2166 4749 2331 4793 tecum
2379 4749 2556 4808 agetur
2610 4740 2673 4791 de
2707 4740 2952 4790 nonnullis
2991 4739 3100 4792 aliis

378 4819 487 4879 elus
520 4817 719 4882 generis
755 4814 1024 4866 laboribus.
1100 4815 1319 4866 Alterius
1350 4813 1527 4878 judicii
1566 4827 1723 4864 causa
1756 4814 1930 4879 scripsi
1967 4814 2032 4864 ad
2071 4813 2339 4864 Guraldum
2356 4849 2370 4870 ‚
2407 4811 2780 4876 provincialium
2819 4809 3031 4862 carniae
3069 4825 3104 4864 a

380 4889 615 4947 secretis,
670 4893 729 4936 ut
762 4885 919 4938 instet
966 4885 1029 4936 de
1064 4884 1328 4938 honorario
1342 4919 1361 4942 ,
1406 4899 1471 4936 ne
1504 4883 1729 4936 laborem
1778 4889 1832 4938 et
1878 4899 2080 4950 operam
2115 4885 2296 4936 frustra
2341 4881 2687 4949 impenderis.“
2725 4903 2796 4917 -
2831 4879 2892 4934 In
2925 4881 3102 4936 iisdem
