3634 5575
1499 382 1825 434 Prooemium-
2879 383 3011 450 ste

291 540 438 602 tiae.
549 539 708 603 Nam
775 560 852 602 ex
914 541 1286 604 correctione
1353 542 1779 606 distantiarum
1852 561 1963 624 per
2034 563 2287 624 corpora
2348 544 2615 626 sequitur
2680 545 3019 608 differentia

289 629 928 707 prosthaphaeresium
987 649 1388 710 apogaeorum
1443 651 1559 693 nou
1617 633 1838 712 major,
1908 651 2085 712 qnam
2139 634 2199 694 in
2256 630 2295 710 b
2360 633 2489 709 12¹,
2548 633 2609 694 in
2653 633 2715 707 ‘ll
2760 631 2899 707 25¹,
2955 636 3015 696 in

292 725 344 790 d*
397 712 618 790 1⁰45‘,
665 718 724 779 in
775 719 825 792 ῼ
881 717 970 794 1⁰,
1023 721 1080 782 in
1129 721 1174 796 ξ
1218 716 1348 782 41’.
1443 719 1788 784 Plura‘non
1840 723 2056 796 scribo,
2098 722 2386 802 judicium
2434 731 2597 785 tuum
2634 732 3013 802 exspectans,

292 807 452 886 quod
501 826 616 867 non
665 808 1020 885 gravaberis
1069 809 1127 874 in
1167 809 1428 890 gratiam
1475 812 1612 874 nob.
1647 811 1889 892 juvenis
1937 812 2014 873 D.
2066 811 2132 874 S.
2172 811 2465 893 Wagani,
2513 812 2683 890 cujus
2728 813 3018 874 instinctu

290 895 522 969 scribo,
591 896 706 957 hac
750 897 848 958 vel
905 898 1182 976 proxima
1227 899 1544 960 occasione
1593 901 1670 961 ad
1717 919 1829 961 uos
1878 901 2311 962 transmittere.
2406 901 2565 963 Vale
2612 900 2909 963 sideribus
2954 909 3019 962 et

290 979 543 1046 nostrae
589 983 902 1058 scientiae,
955 987 1138 1048 decus
1187 985 1574 1050 Germaniae.

472 1070 675 1134 oratii
722 1074 780 1136 d.
836 1071 936 1137 15.
985 1075 1142 1138 Nov.
1199 1072 1389 1140 1595.
2118 1050 2459 1140 E‘xcftuae
2509 1077 2838 1158 discipulus

470 1223 478 1228 .
1181 1177 1190 1192 '
1269 1223 1275 1228 ,
2240 1167 2331 1231 ·.Ῑ.
2378 1167 2711 1248 Keplerm.

433 1335 623 1398 Quibus
660 1337 915 1402 respondit
950 1336 1144 1388 Ursus
1189 1353 1300 1390 sero
1337 1305 1637 1390 admodum:
1691 1341 1768 1390 Ex
1812 1341 2057 1406 catalogis
2102 1343 2453 1394 nundinalibus
2502 1347 2741 1409 apparet,
2792 1344 2862 1392 mi
2888 1342 3015 1395 clar.

289 1416 344 1459 et
381 1409 516 1458 char.
555 1408 622 1458 D.
661 1409 910 1474 Keplere,
964 1414 1161 1458 tuarum
1207 1411 1566 1476 cogitationum
1611 1413 2053 1462 astronomicarum
2098 1416 2349 1477 specimen
2385 1415 2633 1479 quoddam
2668 1427 2777 1463 esse
2815 1415 3015 1464 editum.

291 1479 517 1541 Quarum
552 1481 752 1544 quidem
788 1495 948 1530 rerum
993 1479 1112 1529 mihi
1159 1481 1626 1543 jucundissimarum
1673 1488 1725 1533 et
1769 1486 2162 1548 gratissimarum
2214 1491 2557 1550 argumentum
2602 1486 2853 1549 quoddam
2901 1489 3019 1535 ante

289 1552 546 1600 biennium
579 1554 687 1613 jam
723 1552 827 1601 fere
864 1551 1088 1614 elapsum
1121 1552 1240 1602 mihi
1279 1554 1616 1610 transmisisfi,
1671 1555 1900 1604 videlicet
1935 1557 1989 1605 in
2025 1556 2196 1607 literis.
2214 1555 2311 1605 illis
2347 1556 2472 1617 tuis,
2508 1557 2830 1621 instigatione
2868 1562 3019 1620 atque

287 1623 534 1674 instinctu
570 1623 636 1672 D.
675 1623 904 1687 Wagenii
941 1621 1006 1671 ad
1041 1635 1122 1672 me
1159 1621 1306 1672 datis.
1382 1625 1461 1673 Ad
1516 1639 1640 1689 quas
1693 1631 1867 1676 tamen
1916 1628 2046 1690 quod
2090 1627 2335 1676 hactenus
2372 1627 2495 1677 nihil
2531 1630 2730 1676 omnino
2767 1641 2801 1676 a
2834 1642 2917 1677 me
2953 1627 3021 1675 sit

286 1709 578 1757 responsum
591 1729 606 1752 ,
657 1696 712 1743 in
749 1706 906 1744 eausa
939 1693 1140 1742 inerunt
1175 1696 1442 1746 continuae
1480 1710 1542 1746 ac
1577 1705 1867 1760 perpetuae,
1896 1712 2039 1749 meae
2084 1699 2437 1760 occupationes
2486 1701 2539 1748 in
2575 1699 2723 1747 rebus
2758 1698 3015 1748 chronolo-

285 1766 430 1830 gicis,
469 1781 558 1828 per
583 1779 740 1815 annos
772 1768 878 1827 jam
905 1764 1090 1828 aliquot
1113 1766 1307 1830 elapsos
1335 1767 1640 1825 exantlatas,
1679 1784 1885 1834 quarum
1922 1769 2172 1832 exemplar
2206 1769 2297 1818 tibi
2318 1771 2462 1818 mitto
2480 1767 2543 1830 ²).
2582 1775 2819 1832 tuumque
2854 1769 2919 1819 de
2957 1782 3017 1818 eo

283 1837 634 1900 politissimum
666 1836 909 1900 judicium
945 1843 1179 1899 expecto:
1235 1837 1396 1888 altera
1442 1854 1555 1890 vero
1601 1853 1758 1890 causa
1802 1841 1905 1890 mei
1949 1841 2146 1890 silentii·
2180 1847 2233 1890 et
2265 1841 2395 1903 quod
2430 1839 2553 1891 nihil
2588 1839 2833 1890 hactenus
2870 1854 2905 1888 a
2936 1854 3019 1888 me

283 1922 576 1971 responsum
614 1909 709 1968 sit,
750 1908 942 1966 extitit,
981 1909 1112 1970 quod
1145 1908 1400 1974 hueusque
1434 1924 1498 1960 ea
1533 1911 1594 1960 de
1630 1925 1713 1972 re,
1753 1911 1814 1960 de
1852 1925 1953 1975 qua
1985 1926 2069 1961 me
2104 1913 2338 1960 monuisti
2372 1917 2427 1961 et
2462 1913 2525 1962 de
2561 1925 2659 1976 qua
2692 1925 2861 1962 meum
2898 1925 3015 1961 con-

285 1979 449 2029 silium
487 1979 714 2042 exploras
749 1993 926 2042 meque
964 1979 1244 2028 consultum
1281 1995 1393 2030 esse
1439 1983 1576 2044 cupis
1590 2017 1604 2042 ,
1657 1981 1827 2031 debita
1871 1981 2119 2032 decisione
2162 1983 2383 2032 nondum
2418 1985 2561 2032 facta
2596 1982 2759 2032 adhuc
2798 1983 3011 2047 ambigo.

284 2049 510 2113 Reliquit
543 2051 744 2114 quidem
777 2050 898 2100 mihi
932 2063 1072 2100 meus
1123 2052 1176 2100 in
1223 2052 1371 2103 rebus
1417 2053 1758 2102 astronomicis
1805 2061 2101 2117 praeceptor
2143 2054 2317 2103 Justus
2352 2054 2533 2120 Byr-gi.
2580 2055 2653 2102 vir
2702 2053 2851 2116 plane
2906 2067 3021 2104 cum

285 2121 589 2171 Euclidaeus
625 2127 732 2172 tum
771 2120 1184 2180 Archimedaeus,
1235 2129 1354 2172 ante
1392 2124 1510 2172 anni
1551 2124 1833 2182 dimidium,
1871 2126 1956 2175 ubi
1988 2123 2069 2175 hic
2106 2124 2304 2189 Pragae
2342 2125 2474 2189 apud
2512 2123 2657 2174 Caes.
2698 2123 2823 2186 Maj.
2862 2129 3013 2180 esset,

288 2207 416 2242 casu
447 2193 613 2258 potius
651 2207 798 2257 quam
835 2191 1080 2241 industria
1115 2193 1303 2243 factam
1340 2193 1737 2259 delineatamque
1764 2197 2017 2260 quandam
2045 2197 2559 2262 consignatiuuculam
2598 2193 2679 2258 (ut
2714 2197 2790 2245 ita
2826 2191 3015 2256 dicam)
3086 2238 3091 2244 .

289 2263 668 2327 Coperuicanae
701 2263 1032 2326 hypotheseos
1069 2269 1290 2314 motuum
1329 2265 1644 2314 coelestium.
1697 2281 1905 2330 eamque
1950 2273 2127 2332 postea
2160 2267 2429 2330 inspiciens
2468 2283 2578 2316 cum
2614 2268 2713 2316 tuis
2752 2267 3012 2333 cogitatio·

285 2336 434 2385 nibus
470 2335 532 2385 de
571 2335 821 2384 distantiis
857 2334 991 2383 inter
1024 2349 1078 2384 se
1117 2335 1181 2384 ab
1217 2336 1426 2386 invicem
1463 2335 1776 2400 planetarum
1825 2339 2021 2388 orbibus
2068 2337 2279 2395 contuli,
2332 2344 2385 2388 et
2430 2353 2533 2387 nou
2575 2339 2783 2388 multum
2832 2337 3013 2387 discre-

283 2407 500 2469 pantiae
536 2407 668 2456 inter
702 2407 858 2470 ipsius
896 2405 1367 2457 delineatiunculam
1403 2412 1457 2456 et
1489 2413 1604 2457 tuas
1643 2411 1997 2460 assertationes
2037 2423 2071 2458 a
2102 2423 2185 2458 me
2220 2423 2344 2462 sane
2382 2407 2533 2474 (quod
2572 2409 2889 2458 vehementer
2925 2408 3013 2458 ad-

285 2479 496 2526 miratus
535 2474 667 2560 sum)
707 2481 1009 2540 compertum
1047 2485 1142 2526 est.
1218 2477 1386 2537 Quare
1425 2493 1537 2527 cum
1571 2479 1663 2528 has
1701 2485 1814 2530 tuas
1851 2482 1912 2530 de
1948 2481 2124 2530 iisdem
2146 2481 2293 2530 rebus
2326 2479 2697 2530 dissertationes
2736 2479 2817 2541 (ut
2850 2480 3019 2529 vocari

286 2544 388 2608 vis)
420 2550 527 2632 jam
561 2550 616 2597 in
641 2549 803 2598 lucem
828 2549 988 2597 editas
1016 2563 1124 2598 esse
1149 2548 1507 2608 intellexeram,
1547 2565 1645 2599 non
1677 2553 1812 2614 potui
1850 2553 2191 2613 intermittere,
2230 2552 2349 2616 quin
2386 2567 2420 2602 a
2453 2559 2506 2603 te
2543 2551 2813 2601 earundem
2850 2565 3012 2600 exem·

285 2619 398 2683 plar
433 2621 632 2669 unicum
666 2625 866 2683 petam:
905 2619 1045 2668 nulla
1082 2621 1211 2669 enim
1250 2619 1316 2668 ad
1350 2635 1442 2669 nos
1467 2619 1683 2686 Pragam
1721 2617 1867 2682 (casu
1902 2627 1992 2672 aut
2021 2623 2336 2708 negligentia
2368 2638 2468 2687 qua
2491 2621 2682 2676 nescio)
2720 2637 2807 2686 per
2841 2621 3012 2671 biblio-

285 2691 432 2754 polas
465 2695 658 2740 nostros
693 2689 850 2754 (quod
885 2688 1042 2752 dolui)
1083 2691 1254 2740 delata
1288 2697 1418 2740 sunt.
1492 2692 1595 2741 Fac
1631 2693 1800 2756 itaque
1838 2707 2023 2778 quaeso
2072 2708 2138 2745 ea
2170 2697 2223 2743 in
2260 2693 2431 2744 recula
2462 2709 2544 2744 me
2582 2695 2679 2743 voti
2718 2699 3012 2758 compotem,

285 2768 348 2813 ut
381 2767 522 2813 tuam
559 2776 624 2812 ea
659 2763 721 2813 de
758 2777 812 2813 re
847 2765 1148 2813 sententiam
1184 2761 1342 2813 latam
1379 2760 1628 2828 (quaeque
1659 2765 1766 2827 jam
1791 2764 1973 2829 publici
2005 2765 2127 2828 juris
2156 2766 2299 2816 facta
2322 2762 2423 2827 est)
2459 2766 2652 2831 plenius
2690 2771 2839 2830 atque
2874 2766 3013 2829 peni-

287 2835 390 2883 tius
404 2870 419 2891 ,
478 2842 530 2884 et
577 2848 646 2884 an
688 2834 854 2885 adhuc
899 2834 976 2884 vel
1026 2835 1227 2889 eadem,
1282 2834 1360 2885 vel
1407 2834 1768 2899 aliquantulum
1811 2836 1939 2887 forte
1982 2838 2249 2887 immutata
2294 2839 2524 2902 opinione
2571 2842 2791 2901 perstare
2843 2838 3015 2901 cupias

286 2919 590 2971 cognoscam
627 2912 774 2969 atque
811 2904 1102 2970 intelligam.
1178 2904 1324 2954 Vale.
1370 2905 1594 2971 ‚Pi-agae
1633 2904 1667 2954 4
1705 2906 1811 2956 Gal.
1852 2908 1971 2957 Jun.
2018 2904 2167 2956 159⁷.

433 2976 572 3036 Quas
609 2974 721 3026 Ursi
755 2976 927 3027 literas
963 2978 1006 3026 si
1043 2977 1400 3042 compararetis
1441 2992 1552 3027 cum
1587 2980 1872 3041 praemissis
1896 2978 2103 3043 Kepleri
2138 2980 2295 3029 literis
2342 2979 2539 3029 biennio
2576 2978 2678 3028 fere
2717 2984 2835 3027 ante
2862 2976 3010 3038 datis,

198 3106 206 3111 =
283 3046 426 3098 haud
465 3047 670 3097 obscure
715 3048 934 3111 patebit,
973 3046 1153 3097 Ursum
1197 3048 1346 3112 plane
1389 3049 1668 3114 neglexisse
1717 3062 1779 3099 ea
1798 3084 1811 3106 ,
1865 3064 1995 3113 quae
2037 3052 2131 3113 ipsi
2167 3049 2414 3115 Keplerus
2451 3050 2732 3114 scripserat,
2771 3050 2913 3113 quasi
2949 3048 3013 3098 ab

283 3120 490 3168 homine
523 3120 695 3184 ignoto
732 3119 880 3175 data,
919 3124 973 3169 et
1005 3124 1112 3169 tum
1149 3120 1370 3177 demum,
1409 3134 1558 3183 quum
1595 3121 2014 3171 animadverteret
2062 3122 2141 3176 vel
2178 3123 2241 3170 ab
2278 3122 2387 3171 aliis
2424 3122 2767 3184 comperisset,
2805 3120 3015 3183 Kepleri

285 3190 582 3253 opusculum
615 3206 716 3240 non
754 3190 902 3253 plane
941 3204 1050 3239 esse
1087 3192 1432 3252 reficiendum,
1471 3192 1652 3252 virum,
1705 3192 1784 3241 cui
1819 3193 2164 3255 responderet,
2205 3192 2407 3263 dignum
2444 3192 2691 3243 habuisse.
2768 3189 2913 3251 Quae
2950 3191 3012 3241 de

285 3263 664 3325 comparatione
699 3260 827 3310 illius
867 3262 1426 3327 „consignatiunculae“
1469 3276 1580 3311 cum
1616 3263 1823 3327 Kepleri
1863 3264 2311 3329 „cogitationibus“
2349 3264 2627 3318 fabulatur,
2674 3276 2841 3313 merae
2878 3269 3013 3313 certe

285 3346 458 3397 nugae
495 3338 624 3382 sunt.
683 3332 785 3383 Sed
819 3333 1022 3382 ulterius
1057 3347 1340 3398 progressus
1375 3333 1520 3382 homo
1557 3333 1742 3398 gloriae
1781 3336 1984 3398 cupidus
2020 3334 2249 3399 praefixit
2285 3334 2542 3398 epistolam
2577 3334 2798 3397 Kepleri,
2835 3335 3015 3383 nimias

289 3410 428 3453 certe
464 3404 520 3453 in
551 3406 712 3468 ipsum
747 3403 922 3455 laudes
960 3410 1326 3470 congerentem,
1363 3405 1602 3454 tractatui
1642 3405 1736 3463 „de
1775 3406 2115 3455 astronomicis
2152 3403 2537 3468 hypothesibus“
2579 3402 2800 3469 (Pi-agae
2838 3400 3019 3465 1597),

290 3490 390 3539 quo
439 3475 570 3525 lecto
607 3475 842 3538 Tycho,
894 3476 978 3539 qui
1018 3478 1124 3537 jam
1174 3475 1358 3525 dudum
1394 3476 1576 3525 Ursum
1621 3476 1738 3525 furti
1788 3478 2059 3541 arguebat,
2110 3477 2333 3526 infensus
2378 3477 2506 3527 haec
2542 3476 2761 3539 Keplero
2796 3475 3023 3539 scripsit:

433 3546 617 3596 Nescio
643 3561 740 3612 quo
765 3554 890 3595 casu
925 3548 1187 3603 acciderit,
1225 3553 1284 3595 ut
1308 3544 1440 3596 idem
1465 3546 1780 3608 tabellarius,
1819 3548 1901 3613 qui
1924 3548 2045 3597 mihi
2070 3554 2185 3597 tuas
2211 3547 2523 3599 Helmstadio
2551 3547 2743 3603 attulit,
2780 3547 3023 3595 famosum

290 3631 485 3682 quoque
523 3623 574 3668 et
606 3618 847 3667 nefarium
871 3619 1104 3681 scriptum
1130 3618 1386 3679 cujusdam
1411 3618 1501 3667 feri
1539 3619 1638 3667 ursi
1665 3619 1846 3681 potius,
1884 3632 2031 3683 quam
2060 3620 2161 3669 veri
2197 3619 2407 3668 hominis
2436 3617 2551 3669 inde
2588 3618 2705 3667 mihi
2744 3616 2889 3666 simul
2926 3619 3023 3666 tuis

293 3686 554 3753 alligatum
583 3689 873 3753 adportarit.
938 3686 1100 3751 Hujus
1139 3702 1249 3737 cum
1285 3690 1594 3751 impudentes
1633 3688 1909 3739 calumnias
1948 3694 2000 3739 et
2033 3690 2241 3739 infanda
2276 3690 2546 3741 mendacia
2583 3696 2731 3753 atque
2779 3688 3021 3747 convicia,

291 3760 468 3823 quibus
505 3774 654 3823 supra
687 3760 887 3808 modum
925 3765 976 3808 et
1012 3759 1138 3809 citra
1175 3774 1369 3809 omnem
1405 3760 1753 3810 verecundiam
1777 3766 1960 3816 scatet,
1998 3760 2157 3810 obiter
2178 3776 2532 3825 percurrerem,
2570 3761 2733 3823 reperi
2768 3760 2921 3809 etiam
2956 3758 3023 3807 ibi

292 3836 436 3881 tuum
470 3832 717 3895 quoddam
755 3830 1062 3894 epistolium,
1101 3845 1196 3896 quo
1231 3845 1286 3881 se
1323 3845 1500 3882 ornare
1538 3838 1592 3881 et
1625 3845 1720 3881 sua
1751 3832 1949 3897 flagitia
1982 3838 2155 3896 tegere
2191 3833 2380 3891 nititur.
2456 3832 2601 3893 Quod
2639 3846 2751 3881 eum
2786 3829 3023 3895 perlegis

229 3954 238 3962 ,
293 3915 418 3959 sem,
455 3904 663 3951 miratus
699 3916 808 3951 sum
844 3908 897 3952 te
934 3916 1048 3951 eum
1083 3904 1213 3951 tanti
1251 3901 1434 3953 facere.
1493 3900 1596 3953 Sed
1621 3916 1835 3953 errorem
1860 3904 2107 3959 excusavi,
2146 3905 2273 3967 quod
2310 3905 2509 3953 nonnisi
2545 3904 2720 3954 auditu
2756 3908 2809 3951 et
2842 3902 3023 3964 scripto

293 3974 417 4029 isto,
468 3974 598 4048 quod
634 3973 1032 4023 Fundamentum
1068 3978 1216 4023 vocat
1252 3974 1676 4033 Astronomicum,
1724 3974 1818 4025 hoc
1856 3975 2075 4025 faceres:
2130 3976 2180 4025 iu
2219 3990 2313 4038 quo
2350 3976 2452 4025 fere
2500 3974 2621 4025 nihil
2663 3973 2845 4029 habet,
2896 3972 3026 4037 quod

296 4038 442 4093 suum
471 4049 563 4093 est.
623 4042 805 4093 Omnia
833 4046 996 4108 potius
1035 4046 1142 4094 aliis
1180 4051 1405 4109 surrepta
1430 4052 1480 4096 et
1515 4050 1793 4109 praerepta,
1832 4050 1978 4109 prout
2000 4046 2168 4095 facere
2194 4046 2464 4096 consuevit.
2519 4046 2586 4097 Et
2622 4045 2857 4109 plagium,
2897 4042 3025 4107 quod

239 4136 256 4151 x
299 4129 398 4236 egl?
429 4118 523 4179 ipsi
559 4116 748 4234 imputto
784 4116 852 4237 ιιιι
871 4117 994 4236 ruzzis
1025 4114 1398 4237 ἔιζξοιέιθεὶἱιιιε,
1437 4132 1538 4166 ιιοιι
1575 4115 1752 4238 ”12¹me
1790 4130 1923 4166 error
1958 4118 2181 4237 ognimus,
2220 4132 2363 4239 quizm
2400 4120 2452 4238 ἤιέ
2490 4118 2823 4252 deilirgeationtei
2856 4112 3025 4163 Martii

297 4202 354 4237 or
383 4201 428 4237 is
465 4200 682 4236 commun
709 4220 724 4243 ,
763 4200 818 4236 se
889 4200 916 4243 e
973 4203 1024 4236 m
1221 4200 1287 4247 ia,
1327 4202 1457 4250 quae
1492 4202 1582 4237 suo
1725 4201 1841 4252 pore
1876 4202 1978 4252 pan
2016 4203 2114 4246 am,
2154 4202 2247 4239 con
2330 4203 2425 4239 cun
2454 4222 2467 4237 .
2572 4202 2599 4237 s
2650 4202 2715 4237 ue
2753 4201 2780 4237 e
2824 4199 3027 4236 amnum

300 4259 434 4324 apud
469 4271 550 4307 me
588 4257 853 4308 fasciculus
891 4258 1092 4322 quidam
1129 4272 1295 4309 eorum
1311 4294 1325 4317 ,
1381 4274 1510 4323 quae
1547 4260 1743 4325 qnando
1778 4258 1931 4308 nobili
1978 4260 2177 4309 cuidam
2216 4260 2363 4310 Dano
2412 4261 2553 4311 affini
2588 4274 2699 4309 meo
2736 4258 3025 4314 inserviens,

297 4344 430 4379 anno
470 4326 539 4377 84
579 4343 690 4378 cum
731 4329 904 4379 eodem
928 4329 1227 4395 Uraniburgi
1265 4330 1480 4387 adesset,
1522 4331 1651 4381 clam
1689 4330 1974 4394 descripsit:
2014 4331 2065 4380 in
2102 4332 2275 4395 quibus
2312 4346 2411 4381 non
2448 4332 2705 4381 dissimilia
2742 4329 2859 4395 egit.
2918 4326 3035 4392 Ego'

298 4414 422 4449 sane
458 4401 590 4450 hanc
626 4399 972 4463 hypothesium
1009 4402 1252 4450 rationem
1283 4403 1392 4463 jam
1434 4401 1582 4468 longe
1630 4406 1784 4450 antea
1832 4402 2197 4467 excogitaram,
2247 4416 2343 4452 nec
2395 4416 2507 4451 eam
2552 4402 2673 4449 libro
2722 4400 2784 4449 de
2831 4404 3026 4447 cometa

298 4486 346 4521 a.
389 4468 528 4519 1577
565 4472 900 4529 inseruissem,
938 4472 1036 4521 nisi
1074 4472 1200 4522 tales
1238 4473 1522 4538 plagiarios,
1562 4473 1736 4537 quibus
1771 4472 1901 4522 haec
1939 4472 2071 4537 apud
2094 4487 2174 4522 me
2211 4474 2548 4531 innotuerant,
2589 4472 2773 4520 veritus
2808 4470 3023 4519 fuissem.

299 4542 469 4603 Quare
508 4549 560 4592 et
591 4542 686 4593 hoc
723 4544 902 4599 miror,
951 4542 1081 4607 quod
1127 4546 1233 4605 ejus
1279 4558 1427 4593 voces
1471 4543 1794 4607 hypothesin.
1848 4558 1963 4593 cum
2008 4550 2061 4593 et
2094 4545 2145 4593 in
2182 4544 2302 4593 libro
2338 4550 2425 4593 tuo
2462 4548 2515 4593 et
2549 4542 2704 4592 literis
2738 4540 2877 4591 hisce
2912 4554 3025 4589 eam
3132 4578 3144 4592 ,

295 4614 418 4665 mihi
456 4612 576 4677 (nec
609 4610 878 4677 immerito)
919 4615 1178 4665 attribuas.
1237 4614 1441 4665 Interim
1467 4616 1619 4665 etiam
1644 4626 1835 4679 magna
1858 4617 1965 4677 ejus
1990 4614 2253 4679 praedicas
2278 4615 2456 4680 elogia,
2494 4616 2688 4665 utinam
2712 4628 2810 4661 non
2846 4611 3023 4675 hyper-

295 4686 476 4737 bolica.
549 4684 609 4733 In
650 4685 792 4735 titulo
831 4699 980 4736 vocas
1018 4700 1130 4735 eum
1166 4686 1576 4736 mathematicum
1613 4686 1999 4744 nobilissimum;
2038 4686 2196 4751 qualis
2226 4687 2291 4736 sit
2314 4684 2713 4739 mathematicus,
2752 4698 2849 4732 non
2888 4683 3021 4731 dixe-

297 4758 405 4812 rim,
442 4756 674 4807 nobilitas
703 4758 824 4818 ejus,
865 4758 907 4805 si
946 4771 1106 4821 genus
1131 4762 1342 4821 spectes,
1384 4763 1459 4807 est
1485 4772 1545 4807 ex
1569 4758 1764 4806 rusticis
1789 4756 2106 4815 Dithmarsis,
2145 4758 2226 4822 qui
2266 4772 2379 4807 eum
2416 4758 2567 4806 etiam
2606 4754 2877 4803 fastidiunt.
2935 4754 3024 4801 Ais

301 4827 506 4883 deinde.
553 4828 932 4878 illustrissimam
979 4830 1087 4890 ejus
1123 4828 1330 4894 gloriam
1364 4830 1524 4892 ipsum
1559 4830 1650 4880 tibi
1686 4834 1859 4878 notum
1904 4828 2108 4884 fecisse,
2165 4840 2265 4892 qua
2307 4826 2687 4877 mathematicos
2732 4824 2879 4887 hujus
2916 4824 3027 4874 aevi

301 4906 499 4951 tantum
534 4898 810 4967 praecedat
841 4914 987 4955 unus,
1027 4908 1263 4967 quantum
1287 4900 1566 4955 Phoebeius
1603 4900 1734 4954 orbis
1747 4900 1963 4953 'minuta
1998 4900 2176 4952 sidera-
2238 4898 2389 4951 Plura
2424 4896 2717 4955 addidisses,
2754 4898 2795 4946 si
2830 4902 3027 4961 tempus
