3634 5575
13 1961 53 2646 ιιῑῑιιτῖῑῆι-ις
13 1373 62 1850 *affusus-{⁴

13 2856 44 2972 nug
13 2775 32 2809 aa
13 2694 36 2728 n

14 3018 58 3133 ἧς

23 3420 30 3425 .
13 3260 36 3311 ..ᾖ
19 3181 28 3213 ..

1487 332 1652 401 caput.
1686 333 1816 387 XXI.
2639 275 2651 289 Ι
2890 335 3013 409 179

297 489 584 568 Keplere,
645 497 932 572 quantum
979 490 1136 554 inter
1181 511 1249 552 se
1297 491 1632 559 dissideant
1677 500 1876 556 motus
1923 502 1987 555 et
2042 511 2325 574 corpora,
2382 492 2493 555 hoc
2542 502 2639 555 est
2686 495 3013 556 distantiae

297 576 570 657 utrinque
619 587 986 642 exstructae.
1081 578 1281 650 Quare
1327 581 1560 644 nudum·
1595 581 1759 644 hosti
1807 583 1967 644 latus
2016 579 2263 662 objicis,
2321 580 2438 644 imo
2497 590 2557 643 te
2606 582 2799 664 ipsum
2847 583 3012 660 feris,

247 707 264 714 -
299 684 406 726 nec
455 683 603 744 opus
651 667 848 730 alieno
887 668 1163 748 jugulere
1211 661 1432 747 gladio.

471 753 586 816 His
631 754 817 835 igitur
861 763 930 818 ut
975 757 1400 838 respondeam,
1457 757 1708 838 primum
1754 756 1989 820 inverte
2037 757 2367 832 rationem,
2427 765 2492 818 et
2535 759 2835 839 ipsorum,
2896 759 3013 820 imo

297 842 554 908 omnium
602 845 840 924 appello
877 845 1174 924 judicium
1221 853 1284 906 et
1330 845 1797 920 conscientiam3
1855 854 2052 908 utrum
2110 854 2529 924 argumentum
2580 855 2796 925 putent
2850 847 3012 908 veri-

297 932 552 996 similius
598 952 774 1009 esse,
841 953 982 996 num
1029 935 1282 996 alterum
1341 935 1414 996 de
1471 934 1856 1012 corporibuS,
1921 954 1997 995 an
2054 933 2168 995 hoc
2216 935 2289 995 de
2336 943 2521 996 motu.
2614 935 2825 1014 Neque
2872 935 3015 996 mihi

295 1020 604 1100 probabile
654 1031 768 1096 est,
821 1041 1178 1112 quemquam
1225 1023 1405 1085 aliter
1452 1023 1764 1097 dicturum,
1815 1041 1994 1102 quam
2040 1023 2193 1084 hanc
2241 1031 2507 1086 motuum
2555 1024 2631 1083 ad
2680 1023 2853 1084 orbes
2904 1043 3011 1084 ac-

295 1110 837 1172 commodationem
903 1113 1224 1172 admodum
1290 1107 1643 1173 concinnam
1715 1129 1853 1170 esse
1934 1116 2113 1190 atque
2198 1110 2549 1172 admirabile
2609 1110 2722 1172 Dei
2786 1111 3013 1192 opificis

291 1220 658 1280 χειρεργημα.
729 1199 987 1260 Proinde
1035 1199 1088 1260 si
1135 1199 1411 1262 alterutri
1449 1206 1801 1280 argumento
1842 1198 1989 1260 fides
2032 1197 2313 1260 habenda
2348 1199 2451 1272 sit,
2498 1198 2633 1260 huic
2680 1217 2825 1300 prae
2872 1219 3013 1261 cor·
3074 1269 3077 1274 ¹

289 1287 538 1366 poribus
599 1288 1072 1367 astipulaturos,
1122 1298 1412 1370 tanquam
1467 1288 1552 1352 rei
1611 1286 1804 1368 magis
1854 1287 2153 1348 evidenti:
2225 1286 2497 1368 quamvis
2545 1287 2773 1348 numeri
2821 1289 3015 1350 adhuc

293 1376 665 1455 aliquantum
714 1397 752 1436 a
799 1373 1228 1454 Copernicanis
1276 1376 1643 1456 discrepent.
1723 1373 1902 1446 Quod
1945 1375 1998 1437 si
2046 1373 2277 1438 obtinui
2324 1376 2567 1437 lectoris
2616 1375 3013 1456 confessione,

294 1473 432 1526 utar
483 1483 592 1544 pro
649 1465 1100 1527 confirmatione
1157 1483 1468 1544 corporum
1517 1474 1580 1527 et
1626 1465 2013 1527 excusatione
2062 1463 2401 1524 discordiae
2465 1463 2664 1538 illius,
2734 1475 2801 1526 ut
2863 1483 3014 1545 quae

293 1553 498 1614 multis
543 1553 820 1631 partibus
867 1552 1058 1615 minor
1104 1563 1232 1624 est,
1283 1573 1462 1634 quam
1508 1554 1662 1614 haec
1705 1553 1764 1614 in
1810 1561 1977 1614 motu
2024 1551 2423 1615 dissonantia.
2516 1552 2678 1613 Nam
2725 1553 2777 1614 si
2826 1553 3015 1614 lector

290 1641 388 1702 hic
433 1649 684 1720 propter
729 1641 1199 1704 concinnitatem
1243 1641 1472 1704 inventi
1518 1661 1799 1722 magnum
1844 1657 2109 1710 errorem
2153 1641 2412 1704 libenter
2456 1639 2817 1720 dissimulat,
2864 1659 3011 1719 par·-

287 1747 431 1790 vnm
475 1729 599 1791 illic
647 1749 908 1792 errorem
957 1731 1133 1812 longe
1182 1731 1420 1793 facilius
1467 1729 1771 1792 tolerabit.
1868 1730 2211 1800 Diversitas
2266 1726 2441 1790 enim·
2478 1728 2585 1790 illa
2638 1746 2824 1806 penes
2874 1747 3011 1789 cor-

289 1837 441 1896 pora
487 1816 780 1882 calculum
827 1820 1290 1882 astronomicum
1338 1818 1480 1880 nihil
1531 1819 1852 1879 admodum
1906 1817 2154 1880 turbat:
2217 1815 2341 1878 ista
2386 1835 2531 1881 vero
2577 1835 2764 1895 penes
2812 1823 3013 1878 motus

287 1908 470 1986 paulo
519 1907 660 1988 quid
705 1909 896 1987 majus
941 1907 1144 1972 infert.
1237 1909 1441 1986 Atque
1489 1907 1602 1968 hoc
1647 1905 1901 1985 primum
1947 1913 2081 1978 est;
2126 1905 2312 1984 plaga
2356 1923 2570 1984 nempe
2620 1905 2907 1984 reposita.

471 1995 707 2058 Deinde
758 2015 890 2058 cum
939 2011 1193 2076 corpora
1239 1995 1598 2058 dissentiant
1647 2015 1686 2054 a
1742 1992 2005 2058 motibus
2032 1993 2129 2070 b),
2196 2003 2264 2056 ut
2317 2012 2457 2054 vere
2512 1991 2661 2054 mihi
2717 1991 3012 2072 objicitur,

291 2084 470 2145 fateri
518 2083 724 2165 utique
772 2103 988 2164 cogor,
1057 2085 1384 2146 alterutros
1439 2085 1499 2144 in
1564 2101 1762 2144 errore
1809 2081 2059 2147 versari.
2158 2081 2567 2143 Veruntamen
2619 2099 2879 2142 errorem
2926 2080 3018 2143 ita

289 2173 693 2235 demonstrari
737 2191 918 2252 posse
967 2172 1278 2246 existim0‚
1329 2181 1398 2234 ut
1444 2180 1717 2233 neutrum
1761 2171 2069 2233 inventum
2118 2171 2337 2251 (neque
2387 2167 2461 2230 de
2508 2161 2777 2230 motuum
2824 2188 3014 2272 neque

285 2263 365 2322 de
415 2261 642 2324 orbium
687 2261 1108 2340 proportione)
1163 2261 1402 2342 penitus
1449 2259 1782 2340 relinquere
1832 2277 2079 2321 necesse
2128 2259 2227 2320 sit.
2257 2261 2309 2332 ⁰)
2398 2259 2619 2320 Utrum
2666 2267 2869 2320 autem
2914 2259 3012 2320 in—

285 2359 604 2413 ventorum
649 2350 712 2415 in
760 2351 938 2430 culpa
983 2350 1086 2420 sit,
1135 2369 1210 2410 ex
1256 2344 1662 2430 superioribus
1709 2348 1887 2409 facile
1932 2353 2028 2409 est
2064 2344 2379 2444 conjicere.
2458 2345 2725 2407 Primum
2772 2346 3013 2410 distan-

291 2439 418 2498 tiae
465 2438 760 2500 moturiae
809 2439 1048 2518 longius
1093 2459 1134 2500 a
1179 2436 1610 2518 Copernicanis
1656 2437 1971 2510 recedunt,
2032 2453 2210 2516 quam
2255 2435 2556 2514 figurales.
2648 2435 2915 2506 Deinde,
2962 2434 3015 2494 si

287 2526 580 2591 motorias
611 2545 762 2593 cum
773 2525 1207 2606 Cepernicanis
1238 2528 1534 2600 conferas,
1567 2525 1839 2604 singulas
1872 2543 2005 2586 cum
2038 2523 2311 2602 singuliS,
2345 2523 2735 2602 defectusque
2773 2522 3012 2591 adscri-

288 2615 422 2688 bas,
469 2615 704 2678 videbis
751 2616 1010 2695 aliquam
1060 2617 1400 2676 defectuum
1447 2633 1578 2676 curn
1622 2614 1774 2692 ipsis
1823 2613 2083 2675 numeris
2128 2621 2313 2692 atque
2361 2611 2515 2674 adeo
2562 2629 2695 2674 cum
2742 2610 3011 2689 corpori-

287 2705 403 2765 bus
453 2703 898 2784 cognationem,
948 2712 1372 2784 praeterquam
1416 2705 1476 2764 in
1525 2703 1846 2764 Mercurio.
1940 2701 2143 2763 Ecce:

989 2844 1244 2925 Copern.
1299 2846 1600 2907 Motoriae
1690 2844 2085 2919 Differentiae

813 2930 854 3005 Β
955 2934 1017 3008 74
1107 2932 1237 2999 572
1418 2932 1549 2996 574
1729 2931 1814 3011 -Ι-
1908 2930 1948 2993 2
2130 2928 2335 2994 Oubus

805 3022 866 3097 ‘24
966 3030 1018 3093 <5
1108 3020 1262 3085 290·
1418 3018 1550 3084 274
1731 3054 1814 3068 --
1868 3016 1949 3083 16
2129 3019 2525 3081 Tetraedron.

707 3156 710 3159 -
805 3118 856 3182 ὀ
958 3113 1007 3187 ὅ
1104 3107 1236 3173 658
1416 3106 1547 3173 694
1727 3106 1812 3187 -1-
1864 3103 1950 3171 36
2129 3108 2587 3189 Βοᾶεοιιὸἀιοιι.

808 3202 857 3276 ὃ
955 3198 1005 3273 S?
1101 3184 1231 3262 '7¹9
1413 3195 1549 3261 762
1728 3198 1813 3277 -l—
1862 3194 1947 3259 43
2128 3196 2517 3259 Ιοοεειὸᾶιοιι.

805 3286 856 3361 Q
961 3288 1006 3365 ζὲ
1100 3284 1230 3351 500
1413 3284 1543 3351 563
1725 3283 1810 3364 -1-
1860 3282 1944 3348 63
2128 3286 2497 3349 Octaedron.

951 3374 1049 3438 vel
1097 3372 1226 3439 559
1720 3372 1805 3452 -1-
1896 3372 1941 3437 4

461 3498 609 3561 Plus
657 3498 893 3561 scilicet
934 3498 996 3563 in
1047 3505 1324 3581 quatuor,
1371 3496 1568 3578 minus
1615 3497 1676 3558 in
1723 3497 1947 3577 quinto.
2024 3496 2184 3559 Nam
2221 3516 2298 3559 ex
2338 3504 2612 3576 quatuor,
2660 3496 2803 3559 bina
2848 3520 3011 3563 sem-

282 3605 394 3666 per
440 3605 692 3689 corpora
738 3596 878 3650 sunt
925 3588 1166 3661 similia,
1218 3587 1486 3689 quintum
1532 3572 1869 3647 solitarium
1918 3592 2031 3649 est
2100 3565 2333 3663 Deinde
2368 3584 2751 3660 Mercurium,
2803 3596 2871 3649 ut
2916 3596 3015 3649 est

285 3676 511 3752 varius,
557 3676 620 3749 in
665 3677 937 3739 ordinem
983 3676 1188 3757 redige
1237 3684 1300 3737 et
1345 3674 1568 3755 cogita,
1619 3675 1838 3736 debere
1886 3672 2112 3755 aliquid
2160 3673 2342 3735 altius
2390 3674 2590 3734 media
2637 3675 2798 3736 orbis
2848 3676 3011 3755 spis-

284 3765 546 3827 situdine
593 3783 702 3845 pro
749 3765 948 3827 media
995 3764 1288 3827 distantia
1336 3764 1601 3838 censeri,
1652 3771 1891 3825 tantum
1938 3780 2182 3841 nempe,
2242 3756 2503 3842 quantus
2552 3770 2647 3825 est
2693 3764 2853 3825 orbis
2903 3783 3011 3825 oc-

283 3854 483 3917 taedri
512 3851 588 3929 ⁴¹),
639 3855 827 3934 (quod
875 3873 1060 3933 supra
1105 3852 1390 3916 audivisti
1438 3812 1638 3913 media
1675 3850 2069 3933 spissitudine
2101 3851 2358 3932 amplius
2389 3854 2553 3923 esse)
2604 3860 2667 3913 et
2715 3852 3013 3915 obtinebit

283 3960 392 4022 pro
442 3942 640 4003 media
685 3944 980 4005 distantia
1025 3938 1194 4018 559,
1255 3962 1370 4003 ιιοιι
1429 3938 1579 4003 500.
1672 3940 1809 4003 Erit
1853 3940 2036 4020 igitur
2090 3938 2185 4001 hic
2243 3940 2390 4001 ordo
2447 3940 2573 4019 ejus
2637 3960 3011 4002 numerorum

286 4034 368 4107 ὅ,
419 4032 500 4108 32:
551 4026 712 4105 559,
760 4027 890 4095 563
938 4028 1054 4109 (ἦ-
1100 4027 1192 4107 4).
1288 4030 1448 4093 Ecce
1496 4030 1555 4092 in
1603 4026 1675 4105 b,
1723 4028 1814 4103 Ἃ,
1866 4037 1929 4090 et
1978 4026 2058 4102 ῼ,
2107 4028 2151 4107 Q
2197 4027 2569 4089 differentias
2618 4030 2873 4091 minores
2922 4049 3006 4092 sc.

285 4118 348 4193 2,
387 4116 449 4193 4,
501 4118 560 4181 ἰιι
597 4127 666 4195 d,
719 4121 792 4196 ὃ,
844 4122 894 4195 ὃ
937 4119 986 4195 ῼ
1025 4119 1306 4199 majorca,
1357 4138 1443 4181 sc.
1477 4112 1584 4193 36,
1623 4112 1730 4193 43,
1779 4118 1939 4178 sicut
1984 4115 2311 4195 interjecta
2356 4134 2609 4195 corpora
2651 4118 2775 4179 illic
2824 4118 3010 4181 cubus

287 4216 350 4272 et
397 4204 754 4283 octaedron,
805 4208 899 4271 hic
949 4210 1364 4271 dodecaedron
1417 4216 1478 4269 et
1523 4206 1874 4271 icosaedron
1926 4214 2067 4267 sunt
2114 4204 2351 4265 similia.
2444 4204 2531 4265 Et
2576 4206 2853 4267 animadv
2860 4212 3009 4281 erte,

287 4297 442 4376 quod
489 4296 634 4369 illic,
679 4296 780 4359 ubi
825 4317 1047 4379 magna
1095 4283 1437 4359 differentia
1483 4302 1581 4355 est
1620 4294 2043 4373 inscriptorum
2083 4302 2145 4355 et
2174 4292 2772 4373 circumscriptorum,
2820 4314 3013 4384 parva

283 4394 382 4447 est
446 4386 785 4449 differentia
847 4386 1310 4448 distantiarum:
1377 4374 1644 4447 vicissim
1689 4384 1790 4445 ubi
1853 4382 2281 4462 propemodum
2346 4378 2630 4463 aequales
2696 4374 3009 4467 adscripti,

261 4475 502 4553 'magno
548 4476 868 4537 intervallo
917 4474 1216 4537 dissident
1264 4472 1594 4537 distantiae
1641 4470 1935 4533 motoriae
1984 4492 2022 4532 a
2070 4468 2522 4551 copernicanis.

465 4561 618 4625 Cum
663 4563 846 4643 igitur
893 4563 954 4625 in
1002 4563 1242 4627 defectu
1289 4563 1402 4624 hoc
1451 4563 1532 4623 sit
1578 4561 1874 4641 quaedam
1923 4558 2291 4640 aequalitas,
2351 4567 2415 4620 et
2460 4578 2601 4621 vero
2648 4558 2794 4620 nihil
2842 4558 3007 4621 ordi-

285 4658 494 4713 natum
525 4652 772 4714 fortuito
803 4651 1062 4727 accidat,
1113 4652 1248 4713 ideo
1279 4650 1680 4730 cogitandum,
1732 4668 2006 4710 numeros
2055 4648 2236 4717 hosce
2286 4648 2362 4707 ad
2410 4646 2727 4711 veritatem
2775 4636 3010 4728 quidem

287 4742 579 4815 alludere,
629 4742 887 4803 nondum
934 4748 1136 4803 tamen
1185 4760 1320 4802 eam
1365 4739 1604 4818 penitus
1654 4744 1989 4799 assecutos.
2064 4738 2298 4815 Nempe
2347 4736 2405 4798 in
2454 4736 2586 4815 ipso
2635 4734 3009 4797 theoremate

286 4829 484 4893 adhuc
531 4830 728 4893 limari
775 4830 916 4913 quid
960 4837 1169 4913 potest
1195 4833 1286 4904 ⁹).
1356 4836 1461 4891 aut
1526 4828 1840 4905 theorema
1904 4826 2139 4907 quidem
2206 4832 2369 4887 recte
2436 4824 2657 4897 habet,
2725 4826 2833 4885 sed
2882 4826 3009 4905 ejus
3080 4882 3088 4893 ,

2466 4924 2586 4981 12*
