3634 5575
1625 315 1790 382 capnt
1817 314 2011 371 xvm.
3044 315 3169 384 167

443 475 750 542 trinitans
793 484 835 540 a'
879 475 1104 551 Terra,
1163 493 1318 556 quac
1365 475 1698 543 Ptolemaei
1763 477 1965 540 seculo
2022 483 2087 538 et
2140 494 2295 557 quae
2348 480 2559 541 nestro
2614 475 2853 548 fuerunt
2870 523 2895 552 ,
2952 479 3165 545 eodem

441 565 738 628 dedente
783 572 970 646 atque
1017 583 1094 630 ex
1137 565 1406 646 utrisque
1455 565 1712 628 eandem
1739 587 1778 628 a
1805 563 1949 628 Sole
1980 564 2494 628 eccentricitatem
2526 565 2903 630 concludere.
2970 566 3163 648 Atqui

441 654 740 718 calculum
783 654 1069 726 consule,
1125 653 1360 716 videbis
1409 654 1520 716 hoc
1567 673 1722 729 non,
1783 663 1851 718 ut
1894 675 2005 734 par
2052 664 2217 728 erat,
2280 653 2429 716 fieri.
2520 653 2955 733 Discrepantes
3003 657 3163 720 enim

442 742 698 804 invicem
763 742 1120 822 provenient
1181 742 1370 808 etiam
1405 740 1670 820 -ἀφηλιοι
1733 737 2247 809 eccentricitates.
2336 742 2507 807 Idem
2562 743 2637 804 de
2690 743 2839 804 locis
2901 740 3165 823 ἅφηλιων

443 831 668 894 dictum
711 839 878 901 esto,
927 831 1070 912 quia
1115 831 1264 897 haec
1311 839 1518 896 mutae
1565 851 1841 896 connexa
1884 841 2047 898 sunt.
2138 831 2345 911 Atque
2392 830 2503 893 hoc
2552 849 2727 894 unum
2774 840 2891 895 est,

613 919 852 982 Deinde
899 919 1080 983 facile
1125 920 1430 1000 colligitur
1475 939 1550 986 ex
1595 928 1850 1001 aspectu
1894 921 2159 993 tabulae,
2209 939 2343 984 cum
2387 920 2787 999 inaequaliter
2830 921 3163 1001 procedant

441 1015 508 1070 et
549 1007 772 1086 ἀφηλια
815 1015 882 1072 et
925 1007 1188 1088 inorsa,
1239 1027 1519 1090 magnam
1565 1010 1706 1072 inde
1753 1027 2037 1074 successu
2084 1010 2420 1074 seculorum
2468 1009 2825 1072 exstituram
2870 1008 3162 1088 ἐπικεκρυ-

441 1116 628 1174 τητων
687 1096 1159 1160 diversitatem.—
1229 1098 1426 1162 Hodie
1485 1097 1736 1163 Saturni
1801 1107 1864 1160 et
1920 1097 2179 1162 Telluris
2244 1098 2485 1160 absides
2551 1115 2737 1178 prope
2802 1099 3159 1179 conjunctae

439 1194 598 1259 sm
649 1203 834 1266 qnare
879 1185 1122 1264 integra
1167 1187 1426 1250 Telluris
1475 1186 1929 1250 eccentricitate
1974 1186 2169 1250 minor
2215 1195 2313 1250 est
2361 1185 2608 1250 Saturni
2656 1207 2694 1248 a
2741 1195 2948 1250 centro
2996 1185 3159 1250 orbis
3234 1217 3245 1230 =

441 1274 790 1348 Terrestris,
841 1293 1018 1354 quam
1064 1295 1105 1335 a
1149 1273 1316 1348 Sole,
1366 1276 1679 1342 distantia.
1771 1276 1891 1340 Ubi
1940 1277 2274 1357 quadrante
2321 1275 2673 1350 distiterint,
2725 1275 2994 1356 aequalis
3044 1276 3161 1339 erit

441 1371 690 1442 utraque
739 1371 803 1428 et
853 1383 893 1424 a
939 1362 1084 1426 Sole
1139 1370 1204 1425 et
1257 1383 1296 1424 a
1342 1365 1557 1439 Terra,
1625 1373 1861 1427 crescet
1913 1384 2128 1445 nempe
2178 1363 2509 1445 Copernico
2566 1382 2680 1425 sua
2732 1363 3155 1428 eccentricitas

435 1450 730 1514 Saturnia
774 1469 964 1531 nsque
1009 1452 1152 1514 dum
1197 1461 1576 1532 opponentur
1623 1453 1881 1518 invicem
1919 1452 2163 1516 Saturni
2212 1463 2275 1514 et
2312 1450 2571 1516 Telluris
2616 1452 2883 1516 absides.
2961 1450 3157 1524 Quem

439 1541 518 1602 sd
559 1548 844 1606 eventurn
889 1540 1008 1604 etsi
1055 1541 1334 1608 mundus
1357 1561 1471 1602 non
1519 1542 1797 1606 durabit:
1860 1551 2061 1604 tamen
2120 1543 2171 1604 si
2226 1543 2501 1622 perfecta
2546 1549 2715 1602 esset
2760 1541 3152 1616 astronomia,

433 1629 592 1693 tales
639 1628 902 1692 debebat
956 1629 1322 1710 hypotheses
1379 1649 1700 1708 usurpare,
1769 1650 1923 1712 quae
1980 1631 2154 1711 quasi
2210 1639 2458 1694 aeterno
2514 1629 2732 1692 mundo
2788 1629 3151 1692 sufficerent.

495 1715 624 1780 tui
669 1717 818 1780 nihil
863 1718 1072 1780 horum
1119 1726 1326 1782 monet
1369 1739 1558 1798 neque
1607 1717 1975 1798 Copernicus
2022 1737 2215 1800 neque
2260 1718 2702 1781 Rheinholdus.
2786 1716 2923 1780 Non
2970 1717 3155 1796 igitur

509 1805 858 1870 rectissimi
907 1814 1048 1868 sunt
1094 1825 1296 1870 eorum
1342 1807 1599 1882 numeri,
1659 1827 1851 1890 neque
1898 1809 2169 1887 integras
2216 1808 2596 1886 planetarum
2640 1806 2933 1886 sphaeras
2980 1807 3153 1868 nobis

435 1893 767 1974 explicant,
818 1893 1032 1976 quibus
1077 1895 1216 1958 illos
1262 1914 1432 1958 seros
1478 1904 1676 1960 motus
1723 1897 1999 1960 accidere
2044 1916 2227 1976 posse
2275 1895 2707 1976 intelligamus.

608 1983 780 2046 Haec
823 1992 890 2045 et
933 1983 1272 2063 hujusmodi
1325 1984 1548 2048 similia
1601 2003 1734 2048 cum
1789 2005 1883 2048 me
1940 1985 2203 2049 nonnihil
2268 1985 2735 2054 conturbarent,
2800 1989 2983 2062 atque
3040 2001 3151 2062 ego

433 2071 742 2134 haererem
793 2072 968 2152 inops
1025 2073 1284 2147 consilii,
1353 2074 1526 2154 quasi
1591 2075 1696 2154 qui
1757 2074 2050 2177 disjectas
2108 2073 2435 2136 automatis
2495 2072 2726 2136 rotulas
2774 2071 2835 2132 in
2884 2069 3150 2133 ordinem

431 2161 708 2239 redigere
751 2162 978 2235 nescit,
1039 2121 1406 2224 Maestlinus
1451 2182 1546 2224 me
1591 2163 1969 2237 consolatus,
2028 2162 2143 2224 imo
2191 2163 2545 2226 dehortatus
2594 2168 2689 2222 est
2735 2158 2809 2221 ab
2856 2159 2951 2220 his
3000 2158 3147 2220 sub-

433 2249 798 2315 tilitatibus:
857 2251 992 2312 Non
1031 2269 1214 2329 posse
1251 2269 1380 2325 nos,
1429 2251 1654 2331 ajebat,
1704 2271 1912 2314 omnes
1960 2261 2212 2314 naturae
2261 2251 2579 2314 thesauros
2626 2247 2981 2312 exhaurire:
3030 2265 3147 2308 non

429 2337 786 2400 movendum
833 2357 970 2400 esse
1017 2339 1238 2400 malum
1284 2340 1438 2400 bene
1493 2340 1839 2404 conditum:
1892 2347 1955 2402 et
1999 2340 2375 2403 tolerandam
2422 2337 2623 2417 potius
2672 2343 2849 2416 atque
2900 2343 3145 2398 susten-

429 2425 674 2490 tandam
722 2426 1118 2490 levaminibus
1163 2427 1522 2508 quibusdam
1567 2429 1722 2490 hanc
1767 2427 1953 2492 veluti
2002 2436 2309 2508 rupturam
2345 2425 2587 2488 humani
2626 2423 2917 2504 corporis,
2967 2442 3147 2504 quam

429 2522 496 2576 nt
541 2521 668 2578 tam
711 2515 1016 2596 exquisita
1061 2524 1344 2578 anatome
1399 2515 1754 2597 conjiciatur
1807 2535 1993 2598 aeger
2048 2519 2105 2579 in
2162 2515 2721 2596 praesentissimum
2767 2513 2931 2574 vitae
2978 2512 3144 2592 peri-

427 2603 642 2666 culum.
718 2604 1078 2666 Proferebat
1121 2603 1264 2666 mihi
1312 2607 1648 2684 exemplum
1692 2605 1957 2680 Rhetici,
2005 2623 2324 2686 curamque
2374 2603 2500 2684 ejus
2548 2603 2627 2665 ad
2672 2619 2929 2681 unguem
2975 2619 3144 2662 meae

426 2690 708 2756 similiter
763 2693 1060 2756 curiosam
1117 2700 1182 2755 et
1236 2693 1650 2774 increpantem
1707 2715 1816 2774 pro
1874 2715 1941 2757 se
1990 2693 2407 2800 Copernicum.
2500 2689 2785 2771 Epistola
2830 2697 2927 2751 est
2970 2687 3143 2750 Rhe-

427 2779 535 2843 tici
575 2780 966 2861 Ephemeridi
1021 2782 1162 2844 anni
1217 2777 1374 2847 1551
1441 2783 1738 2862 praefixa,
1800 2804 1953 2866 quae
2010 2783 2151 2865 quia
2204 2803 2322 2847 non
2377 2781 2608 2863 passim
2663 2787 2765 2841 est
2818 2777 3024 2853 obvia,
3083 2785 3147 2839 et

427 2877 624 2933 totum
669 2871 780 2933 hoc
828 2879 1011 2951 caput
1055 2872 1262 2933 multis
1309 2872 1456 2935 locis
1513 2872 1756 2937 mirifice
1801 2874 2019 2953 juvat,
2084 2874 2412 2954 praecipua
2466 2870 2605 2933 inde
2660 2888 2767 2949 pro
2816 2867 3143 2947 colophone

429 2958 563 3021 huic
609 2960 794 3038 capiti
843 2960 1222 3038 subjungam.
1299 2960 1404 3023 Sic
1441 2962 1627 3041 igitur
1651 2961 1949 3025 Rheticus
1990 2962 2067 3023 ad
2116 2962 2403 3025 lectorem
2441 2962 2598 3023 inter
2636 2966 2879 3019 cetera:
2942 2952 3145 3031 „Suae

425 3054 630 3109 autem
675 3046 1110 3127 (Copernicns)
1157 3048 1588 3126 exquisitiones
1633 3050 1989 3121 mediocres,
2037 3070 2155 3113 non
2202 3051 2415 3113 nimias
2464 3068 2599 3111 esse
2642 3045 3142 3123 voluit.1taque

423 3137 737 3209 consulto,
791 3154 910 3201 non
975 3136 1196 3209 inertia
1261 3145 1368 3199 aut
1419 3138 1624 3201 taedio
1681 3139 2139 3219 defatigationis
2198 3159 2301 3201 eas
2359 3136 2854 3201 comminutiones
2902 3132 3141 3205 vitavit,

425 3242 573 3305 quas
619 3225 887 3287 nonnulli
933 3226 1114 3287 etiam
1163 3226 1560 3301 affectarunt,
1622 3238 1682 3289 et
1735 3238 1877 3289 sunt
1925 3229 2025 3308 qui
2080 3228 2367 3307 exigant,
2423 3225 2619 3306 qualis
2668 3232 2767 3287 est
2813 3220 3139 3285 Purbachii

421 3314 482 3375 in
521 3313 834 3393 eclipsium
881 3313 1106 3375 tabulis
1143 3314 1473 3377 subtilitas,
1542 3314 1776 3377 Videas
1815 3324 2021 3378 autem
2068 3317 2361 3397 quosdam
2406 3315 2464 3376 in
2514 3314 2607 3374 his
2655 3330 2889 3373 omnem
2938 3328 3141 3371 curam

421 3420 661 3481 ponere,
711 3410 780 3465 ut
823 3404 1000 3481 plane
1049 3403 1399 3483 scrupulose
1444 3404 1579 3465 loca
1623 3403 1889 3468 siderum
1928 3412 2288 3481 scrutentur,
2337 3404 2436 3483 qui
2485 3404 2623 3463 dum
2670 3398 3029 3473 secundariis
3079 3405 3142 3459 et

423 3489 724 3565 tertianis,
773 3489 1105 3571 quartanis,
1156 3492 1470 3571 quintanis
1507 3491 1770 3555 minutiis
1816 3492 2073 3577 inhiant,
2121 3492 2391 3571 integras
2420 3489 2664 3551 interim
2701 3495 2909 3567 partes
2953 3504 3138 3566 prae-

423 3585 665 3641 tereunt
723 3598 913 3665 neque
961 3580 1326 3659 respiciunt3
1394 3588 1459 3642 et
1503 3581 1562 3642 in
1609 3580 1927 3643 momentis
1975 3602 2094 3643 των
2138 3600 2505 3657 matroneum
2548 3595 2733 3655 saepe
2779 3574 2971 3648 horiS‚
3021 3592 3139 3635 non

421 3666 607 3728 etiam
652 3686 950 3749 nunquam
995 3668 1206 3731 diebus
1261 3670 1411 3732 totis
1467 3671 1774 3731 aberrant.
1870 3671 2001 3731 Hoc
2058 3666 2331 3731 nimirum
2386 3676 2520 3737 est,
2584 3664 2742 3745 quod
2799 3664 2860 3724 in
2917 3660 3139 3723 fabulis

418 3754 740 3837 Aesopicis
786 3756 854 3819 fit
899 3756 976 3819 ab
1023 3776 1112 3832 eo,
1163 3758 1262 3835 qui
1309 3760 1508 3839 jussus
1553 3758 1769 3820 bovem
1816 3758 2104 3821 amissum
2148 3757 2465 3830 reducere,
2515 3756 2655 3816 dum
2702 3751 2951 3815 aviculis
3001 3749 3137 3829 qui-

417 3844 673 3907 busdam
719 3846 1038 3925 captandis
1085 3846 1326 3921 studet,
1394 3866 1584 3928 neque
1643 3844 1734 3909 his
1795 3846 2028 3926 potitur
2092 3855 2154 3909 et
2219 3845 2369 3907 bove
2434 3846 2619 3906 etiam
2664 3842 2796 3946 ipso
2844 3840 3136 3919 privatur.

420 3932 752 3996 Recordor
775 3953 911 3997 cum
957 3942 1022 3996 et
1067 3935 1196 4015 ipse
1235 3935 1490 4014 juvenili
1539 3936 1893 3999 curiositate
1941 3935 2315 4016 impellebar,
2364 3942 2427 4003 et
2474 3932 2648 4014 quasi
2694 3931 2754 3992 in
2800 3926 3142 4011 penetralia

419 4022 683 4085 siderum
734 4022 1048 4103 pervenire
1105 4024 1439 4127 cupiebam:
1532 4025 1745 4106 Itaque
1811 4024 1887 4087 de
1950 4026 2064 4087 hac
2130 4023 2526 4105 exquisitione
2587 4018 2888 4083 interdum
2954 4014 3140 4078 etiam

416 4110 664 4175 rixabar
710 4132 846 4177 cum
891 4114 1114 4193 optimo
1163 4120 1228 4175 et
1273 4114 1534 4175 maximo
1561 4115 1690 4176 viro
1723 4111 2078 4195 Copernico.
2152 4111 2279 4175 Sed
2324 4113 2449 4183 ille,
2496 4130 2629 4173 cum
2675 4106 2913 4189 quidem
2958 4102 3141 4166 animi

421 4201 542 4265 mei
587 4202 841 4265 honesta
887 4201 1218 4281 cupiditate
1268 4203 1705 4276 delectaretur,
1765 4202 1934 4265 molli
1990 4201 2235 4265 brachio
2282 4202 2602 4283 objurgare
2648 4216 2743 4261 me
2800 4203 2863 4258 et
2906 4193 3140 4257 hortari

417 4288 689 4364 solebat,
749 4298 816 4353 ut
861 4309 1104 4353 manum
1149 4292 1334 4353 etiarn
1382 4291 1456 4351 de
1503 4291 1716 4353 tabula
1772 4292 1987 4353 tollere
2038 4290 2364 4353 discerem·
2440 4288 2612 4368 Ego,
2669 4284 2901 4365 inquit,
2962 4283 3014 4345 si
3062 4282 3140 4344 ad

421 4384 756 4449 sextantes,
805 4396 958 4457 quae
1005 4387 1150 4441 sunt
1191 4380 1474 4458 scrupula
1520 4381 1747 4454 decem,
1796 4381 2119 4441 veritatem
2158 4379 2468 4440 adducere
2496 4384 2730 4457 potero,
2780 4391 2896 4433 non
2944 4370 3139 4433 minus

422 4466 706 4529 exultabo
755 4467 986 4543 animis,
1037 4488 1214 4550 quam
1263 4468 1496 4531 ratione
1544 4487 1789 4531 normae
1837 4477 2084 4549 reperta
2118 4468 2527 4548 Pythagoram
2577 4462 2937 4542 accepimus.
3012 4456 3139 4521 Mi·-

421 4562 597 4617 rante
661 4576 756 4619 me
813 4563 877 4617 et
933 4556 1322 4619 annitendum
1379 4576 1516 4619 esse
1575 4558 1650 4620 ad
1699 4558 1962 4619 certiora
2008 4557 2283 4631 dicente,
2352 4554 2464 4617 huc
2512 4552 2748 4634 quidem
2796 4569 2929 4612 cum
2977 4548 3139 4611 diffi-

421 4644 650 4705 cultate
697 4646 882 4707 etiam
928 4652 1282 4725 perventum
1329 4647 1402 4708 iri
1450 4647 1927 4719 demonstrabat,
1976 4664 2109 4709 cum
2156 4644 2311 4721 aliis,
2364 4652 2489 4706 tum
2522 4641 2711 4704 tribus
2758 4638 3139 4721 potissimum

421 4732 497 4795 de
546 4734 768 4795 causis.
843 4732 1074 4796 Harum
1119 4732 1376 4814 primam
1423 4754 1560 4797 esse
1610 4735 1833 4815 ajebat,
1886 4735 2045 4815 quod
2082 4694 2605 4805 animadverteret,
2655 4730 2977 4811 plerasque
3025 4726 3138 4789 ob-

421 4820 802 4885 servationes
831 4830 1106 4894 veterum
1141 4824 1415 4889 sinceras
1455 4842 1570 4885 non
1603 4843 1756 4899 esse,
1808 4824 1918 4887 sed
1964 4822 2451 4886 accommodatas
2500 4820 2577 4883 ad
2628 4838 2762 4883 eam
2807 4816 3141 4881 doctrinam
