3634 5575
650 320 784 390 428
883 298 900 311 ‘
1775 321 1857 375 n·
1894 322 2253 375 ramme.
2800 384 2821 419 .

579 502 589 509 ⁷
655 480 876 558 efficit3
941 481 1196 562 denique
1245 482 1370 545 fere
1416 488 1841 546 momentanea
1886 488 2012 558 est,
2080 488 2143 545 et
2198 490 2565 547 commutato
2622 486 2841 567 angulo
2866 480 3293 566 ,geometrico
3335 482 3389 547 iu

655 571 872 651 ἄλογον
915 577 980 633 et
1023 570 1434 652 ἄνᾳρμοστω,
1479 571 1690 635 statim
1737 580 1842 634 aut
1887 572 2067 651 paulo
2113 578 2258 651 post
2300 572 2593 653 quiescit,
2652 573 3054 658 quantumvis
3106 592 3389 634 crescen-

655 660 817 723 tibus
863 660 1176 723 stellarum
1223 661 1557 723 luminibus.
1649 659 1823 731 Quae
1890 679 2026 723 cum
2087 660 2165 723 ab
2211 661 2587 741 experientia
2640 664 2765 726 sint
2807 662 3196 726 confirmata
3222 662 3387 723 ‘vali-

657 750 935 813 dissime:
987 750 1447 829 suppeditarunt
1490 749 1634 811 mihi
1682 750 1971 828 dogmata
2018 751 2351 829 sequentia.

1689 838 1950 900 Thesis
1995 838 2328 901 XXXVII.

837 925 991 990 Cum
1039 924 1298 989 Creator
1339 926 1506 987 Deus
1563 927 1766 988 mnndi
1812 927 1989 1006 hujus
2034 928 2305 1007 corporei
2360 934 2641 989 ornatum
2686 946 2765 989 ex
2810 926 3019 989 forma
3072 944 3384 1007 corporea,

655 1036 808 1097 quae
857 1016 1167 1096 quantitas
1210 1022 1330 1090 est,
1379 1015 1770 1078 desumserit:
1821 1024 2289 1078 consentaneum
2336 1024 2449 1091 est,
2498 1017 2665 1096 ipsos
2712 1016 2952 1097 quidem
3000 1017 3211 1091 locos,
3262 1016 3385 1095 ipsa

656 1106 861 1186 spatia
905 1098 1210 1184 molesque
1259 1122 1574 1183 corporum
1620 1124 1754 1167 eam
1802 1105 1880 1167 ad
1909 1124 1975 1165 se
2006 1112 2211 1167 mutuo
2256 1105 2707 1187 proportionem
2748 1124 2886 1167 esse
2918 1105 3193 1179 sortita,
3246 1122 3384 1185 quae

657 1195 744 1256 sit
788 1201 924 1256 orta
969 1213 1048 1255 ex
1093 1193 1418 1255 solidarum
1462 1193 1782 1273 figurarum
1831 1194 2124 1255 ordinatis
2172 1194 2525 1274 generibus:
2576 1194 2733 1274 quod
2777 1193 2839 1255 in
2878 1192 3213 1275 Mysterio
3260 1212 3381 1254 meo

661 1281 1175 1362 Gosmographico
1219 1281 1502 1363 probavi:
1553 1276 1849 1345 motiones
1894 1300 2037 1344 vero
2085 1302 2417 1363 corporum,
2468 1302 2621 1364 quae
2659 1282 2789 1345 vita
2816 1282 3037 1345 mundi
3071 1288 3203 1357 est,
3255 1288 3383 1343 tunc

651 1371 748 1433 vel
811 1372 1078 1434 suaviter
1140 1390 1472 1442 consonare
1529 1372 1628 1433 vel
1687 1370 1999 1451 cooperari
2066 1372 2336 1447 fortiter,
2404 1372 2643 1452 quando
2690 1389 2766 1433 ex
2816 1372 3034 1451 planis
3088 1369 3381 1433 ordinatis

655 1461 994 1523 desumtam
1041 1460 1270 1523 habent
1313 1460 1780 1542 proportionem.
1874 1460 2034 1523 Nam
2080 1468 2149 1521 ut
2192 1460 2440 1541 planum
2486 1460 2685 1535 solidi,
2736 1460 2823 1523 sic
2866 1468 3085 1523 motus
3120 1458 3381 1538 corporis

653 1555 750 1611 est
793 1549 1018 1627 imago.
1115 1547 1632 1619 Quemadmodum
1685 1566 1830 1611 vero
1886 1548 2081 1609 solida
2127 1549 2407 1611 ordinata
2455 1549 2515 1611 in
2574 1548 2909 1629 geometria
2966 1549 3167 1628 plura
3214 1566 3378 1628 quam

654 1636 910 1717 quinque
953 1638 1329 1717 impossibile
1379 1644 1475 1699 est
1521 1656 1690 1699 esse:
1745 1638 1837 1699 ita
1880 1637 2151 1699 rationes
2200 1656 2430 1719 quoque
2486 1636 2869 1701 harmonicas
2924 1656 3008 1699 ex
3058 1638 3379 1717 planorum

652 1726 1062 1787 ordinatorum
1109 1727 1558 1806 comparatione
1605 1734 1773 1788 ortas
1819 1726 2022 1806 plures
2070 1733 2209 1788 octo
2258 1746 2375 1788 non
2424 1746 2580 1803 esse,
2630 1727 2751 1789 alio
2788 1735 3073 1808 tempore
3125 1726 3192 1787 in
3218 1724 3373 1787 Har-

649 1812 918 1889 moniciS,
964 1813 1097 1876 Deo
1143 1816 1405 1892 volente,
1455 1814 1909 1878 demonstrabo.

1667 1903 1925 1971 Thesis
1970 1901 2335 1965 XXXVIII.

823 1991 1098 2053 Motuum
1147 2010 1290 2071 ergo
1337 1992 1720 2063 formatrices
1771 1992 2041 2053 rationes
2092 1998 2233 2053 octo
2281 2010 2413 2053 cum
2462 1990 2601 2067 sint,
2650 1991 2803 2053 coeli
2852 2010 2995 2054 vero
3046 1990 3117 2053 in
3160 1989 3372 2051 Terras

647 2080 808 2143 actio
857 2080 984 2153 (vel
1033 2080 1236 2160 quasi)
1283 2087 1480 2143 motus
1531 2081 1615 2143 sit
1663 2082 1901 2161 aliquis,
1952 2088 2015 2141 et
2062 2079 2376 2159 contingat
2420 2080 2881 2143 intermediante
2920 2080 3105 2142 radio
3138 2078 3365 2151 stellae,

651 2170 750 2251 qui
799 2170 1012 2243 (radii)
1051 2168 1111 2231 in
1142 2169 1344 2231 Terris
1375 2175 1594 2231 coeunt
1622 2169 1967 2249 faciuntque
2008 2170 2299 2248 angulos:
2348 2168 2617 2230 rationes
2646 2188 2791 2249 ergo
2818 2169 3219 2231 harmonicas
3246 2174 3369 2227 octo

649 2259 707 2321 in
747 2257 1114 2321 dimensione
1161 2258 1370 2320 horum
1416 2260 1766 2337 angulorum
1811 2256 2231 2320 versabuntur.
2323 2258 2421 2320 Ac
2458 2264 2695 2319 veteres
2729 2258 2965 2338 quidem
3015 2276 3144 2319 non
3174 2256 3365 2337 plures

649 2348 905 2428 quinque
967 2354 1326 2427 receperunt
1372 2349 1756 2428 (aspectus
1811 2347 1994 2426 vulgo
2053 2346 2279 2420 dictos)
2326 2346 2834 2426 conjunctionem,
2902 2345 3365 2427 oppositionem,

649 2438 1029 2517 quadratum,
1089 2436 1340 2511 trinum,
1400 2436 1699 2498 sextilem.
1793 2436 1885 2499 At
1948 2454 2043 2497 me
2102 2435 2257 2497 ratio
2316 2434 2573 2515 primum
2640 2442 2767 2496 tres
2826 2434 3055 2497 addere
3128 2432 3365 2496 docuit:

649 2524 980 2605 quintilem,
1021 2523 1418 2604 biquintilem‚
1471 2524 2073 2609 sesquiquadratum:
2124 2543 2271 2605 quos
2316 2524 2702 2604 postmodum
2744 2524 3133 2605 experientia
3162 2521 3359 2586 multi-

645 2614 788 2696 plex
832 2613 1226 2676 confirmavit.

1694 2701 1796 2762 Th
1813 2720 1845 2762 e
1862 2701 1965 2763 sis
2010 2699 2314 2763 XXXIX.
2960 2780 2969 2785 -

825 2789 1091 2855 Causam
1153 2809 1260 2854 cur
1314 2790 1585 2870 operatio
1643 2793 2023 2870 planetarum
2079 2790 2355 2852 binorum
2410 2796 2539 2852 tam
2588 2789 2787 2853 valide
2843 2787 3207 2854 intendatur
3262 2784 3361 2850 sub

645 2883 812 2962 ipsos
858 2888 1214 2960 aspectuum
1263 2880 1572 2951 articuloS,
1622 2881 1801 2942 aliam
1849 2887 2122 2942 statuere
2168 2898 2287 2941 non
2332 2898 2616 2959 possum,
2664 2899 2845 2960 quam
2890 2881 3226 2942 animalem
3270 2877 3357 2939 fa-

647 2971 958 3038 cultatem.
1005 2988 1160 3049 quae
1206 2987 1284 3030 ex
1329 2989 1446 3030 una
1491 2977 1667 3049 parte
1715 2970 1798 3030 sit
1844 2969 2247 3049 geometricae
2304 2968 2565 3030 rationis
2612 2969 2797 3047 (quae
2846 2989 2915 3030 as
2962 2979 3171 3032 ectum
3218 2985 3357 3028 con-

649 3060 903 3131 format)
951 3077 1149 3137 capax
1205 3066 1270 3119 et
1313 3059 1512 3120 altera
1555 3066 1730 3139 parte
1776 3056 2045 3137 corporis
2094 3056 2227 3136 ejus
2273 3061 2523 3136 potenS,
2591 3056 2653 3117 in
2702 3075 2817 3137 quo
2866 3079 2903 3118 a
2964 3056 3359 3120 madvertitur

647 3147 936 3226 operatio.
1025 3146 1187 3209 Nam
1234 3166 1348 3208 non
1394 3147 1464 3208 fit
1507 3148 1655 3222 hoc,
1721 3148 1863 3227 quia
1912 3146 2193 3208 uniuntur
2237 3145 2390 3207 radii
2446 3145 2507 3206 in
2553 3163 2669 3206 uno
2720 3145 2961 3225 angulo.
3058 3143 3357 3224 Angulum

607 3289 610 3296 .
651 3234 808 3296 enim
853 3241 918 3296 et
959 3233 1152 3314 pridie
1201 3243 1264 3296 et
1307 3235 1600 3316 postridie
1652 3241 1958 3314 aspectus,
2009 3243 2073 3296 et
2115 3241 2407 3314 perpetuo
2456 3233 2688 3295 faciunt
2732 3233 2995 3314 aliquem
3024 3233 3151 3297 bini
3180 3228 3355 3302 radii,·

651 3323 922 3404 operatio
968 3342 1113 3386 vero
1159 3331 1302 3386 tunc
1351 3326 1590 3389 demum
1639 3325 1870 3400 existit,
1920 3343 2053 3387 cum
2102 3322 2355 3404 angulus
2404 3322 2590 3384 habet
2617 3323 2915 3386 rationem
2958 3321 3353 3385 harmonicam

649 3431 758 3475 seu
804 3433 1000 3494 σχημα
1046 3413 1463 3485 (Ptolemaeus
1513 3415 1670 3478 enim
1721 3434 2169 3495 σχηματισμους
2214 3412 2410 3485 dicit).
2504 3408 2829 3474 Rationum
2876 3431 3023 3474 vero
3074 3421 3141 3474 et
3186 3407 3351 3474 sche-

651 3509 882 3563 matum
935 3521 1044 3582 per
1089 3521 1154 3563 se
1205 3502 1372 3565 nulla
1416 3511 1514 3566 est
1559 3503 1904 3565 efficientia.
1997 3502 2213 3581 Fitque
2260 3501 2357 3563 hic
2403 3500 2582 3581 plane
2627 3502 2817 3571 idem,
2878 3502 3038 3582 quod
3084 3502 3147 3563 in
3195 3500 3349 3561 loco·-

649 3589 914 3653 motione
975 3590 1322 3654 animalium
1375 3591 1502 3654 fieri
1549 3593 1726 3654 solet.
1819 3589 1892 3652 Si
1951 3590 2083 3672 quis
2130 3587 2389 3665 diceret,
2455 3590 2695 3653 obiecta
2748 3589 2916 3655 visus
2972 3609 3081 3670 per
3126 3587 3347 3652 oculum

648 3679 1050 3760 ingredientia
1095 3697 1336 3742 movere
1386 3680 1606 3742 animal
1652 3698 1871 3760 posse,
1938 3698 2047 3741 nec
2094 3696 2245 3758 opus
2292 3697 2427 3740 esse
2482 3679 2561 3740 ad
2604 3680 2719 3741 hoc
2766 3679 3014 3742 animali
3062 3678 3342 3742 facultate

645 3767 707 3830 in
753 3769 886 3849 ipso
931 3787 1184 3850 corpore
1228 3776 1413 3846 moto,
1461 3776 1800 3832 monstrose
1848 3767 2396 3848 philosopharetur.

1780 3857 2051 3920 Thesis
2097 3857 2237 3918 XL.

824 3943 996 4006 Haec
1043 3950 1244 4006 autem
1292 3946 1572 4022 facultas,
1624 3965 1776 4027 quae
1824 3947 1944 4009 vim
1992 3945 2166 4008 addit
2210 3942 2575 4023 aspectibus,
2624 3963 2741 4005 non
2790 3951 2887 4006 est
2932 3944 2993 4006 in
3020 3942 3171 4023 ipsis
3199 3937 3339 4003 stel

647 4033 744 4096 lis.
835 4033 997 4096 Nam
1041 4039 1327 4112 aspectus
1375 4034 1453 4109 hi,
1504 4035 1577 4096 de
1593 4036 1821 4124 quibus
1869 4035 2140 4109 dicimus,
2188 4035 2249 4096 in
2278 4033 2467 4094 Terra
2504 4032 2861 4113 contingunt
2906 4040 3163 4112 suntque
3192 4044 3339 4092 mera

649 4143 881 4204 σχεσις,
927 4140 1042 4184 non
1126 4141 1170 4182 x
1213 4130 1379 4185 motu
1425 4113 1740 4187 stellarum
1786 4123 2123 4186 formaliter
2168 4121 2491 4202 profluens,
2542 4122 2652 4183 sed
2702 4141 2779 4184 ex
2808 4117 3214 4184 accidentario
3242 4113 3343 4177 situ

645 4212 922 4274 binarum
969 4211 1088 4272 stel
1117 4229 1286 4273 arum
1333 4229 1468 4274 cum
1515 4213 1722 4274 Terra.
1817 4211 2341 4284 Quemadmodum
2398 4229 2541 4290 ergo
2578 4211 2797 4272 anima
2856 4229 3105 4272 movens
3152 4219 3341 4307 corpus

613 4321 762 4374 ‚non
813 4307 909 4362 est
953 4301 1015 4362 in
1063 4299 1327 4378 objecto,
1377 4302 1488 4363 sed
1525 4302 1608 4363 ibi
1654 4302 1760 4364 ubi
1801 4301 2025 4383 objecti
2062 4301 2299 4380 species
2328 4305 2853 4379 repraesentatur·
2899 4299 2995 4361 ita
3031 4299 3187 4376 hanc
3212 4296 3332 4364 vim,

645 4409 798 4470 quae
845 4389 1126 4451 efficaces
1171 4389 1359 4452 efficit
1403 4399 1706 4472 aspectus,
1758 4409 1892 4453 cum
1938 4391 1999 4452 iu
2046 4388 2319 4451 omnibus
2364 4388 2785 4450 sublunaribus
2814 4388 3182 4469 corporibus,
3226 4391 3335 4444 tum

645 4479 706 4541 iu
769 4479 904 4559 ipso
951 4495 1170 4558 magno
1219 4479 1444 4541 Terrae
1491 4479 1670 4560 globo
1725 4480 1931 4542 inesse
1987 4497 2237 4540 necesse
2298 4483 2415 4540 est.
2516 4475 2773 4540 Scilicet
2834 4476 3029 4540 omnis
3088 4469 3335 4539 animalis

649 4567 910 4630 facultas
971 4576 1068 4631 est
1119 4565 1316 4648 imago
1379 4568 1498 4630 Dei
1549 4587 2023 4649 γεωμετρουπος
2090 4568 2150 4629 in
2208 4566 2539 4641 creatione,
2608 4567 3023 4647 excitaturque
3082 4565 3159 4628 ad
3212 4575 3337 4641 opus

649 4675 820 4720 suum
862 4657 980 4720 hac
1029 4656 1286 4720 coelesti
1322 4666 1675 4738 aspectuum
1723 4659 2057 4739 geometria
2102 4676 2211 4718 seu
2256 4656 2588 4719 harmonia.

1754 4748 1861 4809 Th
1878 4747 2030 4809 esis
2074 4744 2245 4807 XLI.

824 4832 1302 4897 Inconsideratis
1363 4854 1524 4898 nova
1568 4835 1985 4918 philosophiae
2032 4835 2227 4898 forma
2270 4831 2599 4908 videbitur,
2671 4851 2823 4914 quae
2880 4849 2999 4894 non
3048 4838 3179 4895 est:
3236 4819 3333 4888 nisi

3528 657 3540 847 ἢ
