3634 5575
1552 277 1724 346 ceu
1751 277 1957 332 x-n.
2996 282 3121 352 135

395 435 528 508 quia
565 435 880 506 praecessit
905 443 1206 510 conceptus
1225 437 1380 494 illius
1407 439 1636 505 numeri,
1680 443 1777 496 sed
1817 441 1941 498 ideo
1980 443 2233 515 sequitur
2266 449 2567 516 conceptus
2606 445 2835 512 numeri,
2876 447 3009 520 quia
3032 463 3127 506 res

393 516 768 586 geometricae
805 517 1018 574 habent
1053 519 1206 574 illam
1243 519 1712 590 multiplicitatem
1749 521 1805 576 in
1832 539 1911 586 se,
1960 523 2267 580 existentes
2304 525 2465 595 ipsae
2494 542 2751 580 numerus
2779 533 3121 585 numeratus.

551 597 622 666 b)
658 597 806 652 Eece
850 597 1202 654 manifestam
1246 598 1772 666 hallucinationem;
1815 609 1943 656 octo
1984 620 2096 657 non
2140 609 2231 658 est
2257 621 2389 674 pars
2417 605 2797 676 sexagenarii,
2844 610 2941 662 sed
2978 610 3123 662 bene

393 692 524 746 pars
567 681 654 730 est
693 677 906 732 numeri
952 677 1096 744 120,
1141 678 1232 750 qui
1273 687 1364 734 est
1405 679 1490 735 bis
1534 681 1630 736 60.

1565 915 1607 924 --
1629 917 1671 922 ---
1681 915 1955 926 ——-———-——

1539 1111 1780 1211 Caput
1832 1111 1969 1186 XI.

1033 1267 1150 1332 De
1181 1268 1310 1333 nitu
1345 1280 1708 1352 corporum,
1745 1279 1807 1334 et
1840 1271 2085 1354 orifine
2117 1272 2391 1337 zodiaci.
2424 1275 2478 1348 ⁸)

569 1407 842 1472 Infestos
887 1409 950 1474 in
995 1409 1090 1472 bis
1147 1411 1448 1492 capitibus
1505 1411 1741 1474 habebo
1795 1411 2111 1494 physicos,
2176 1422 2533 1494 propterea,
2596 1415 2751 1494 quod
2808 1415 3119 1478 naturales

389 1497 770 1577 planetarum
814 1499 1220 1579 proprietates
1273 1519 1348 1563 ex
1394 1501 1574 1564 rebus
1619 1500 2118 1564 immaterialibus
2167 1511 2233 1566 et
2266 1503 2473 1582 figuris
2509 1503 2956 1566 mathematicis
3002 1505 3117 1566 de-

391 1585 552 1662 duxi,
599 1604 780 1666 porro
827 1605 972 1650 vero
1017 1589 1206 1652 etiam
1251 1608 1328 1652 ex
1373 1590 1536 1652 nuda
1581 1589 2013 1670 imaginatione
2052 1591 2389 1654 sectionum
2436 1591 2807 1672 quarundam
2854 1592 3115 1672 origines

392 1674 745 1738 circulorum
790 1675 1162 1757 investigare
1209 1678 1484 1742 audeam.
1579 1679 1694 1740 His
1738 1679 1951 1758 paucis
2005 1697 2359 1760 responsum
2414 1679 2593 1742 volo:
2651 1681 2807 1759 quod
2856 1678 3117 1744 Creator

391 1763 594 1834 Deus,
651 1783 785 1828 cum
830 1783 1000 1836 mens
1047 1767 1132 1828 sit
1187 1775 1248 1830 et
1315 1785 1468 1848 quae
1527 1767 1660 1829 vult
1717 1767 1906 1848 faciat
1926 1815 1943 1843 ,
2002 1787 2119 1830 non
2166 1767 2592 1848 prohibeatur,
2651 1787 2767 1849 qno
2814 1768 3009 1832 miuus
3055 1769 3117 1831 in

393 1851 678 1932 aptandis
723 1853 954 1916 viribus
1001 1861 1065 1916 et
1111 1855 1504 1935 designandis
1553 1855 1796 1919 circulis
1848 1856 1925 1918 ad
1982 1875 2080 1919 res
2126 1856 2225 1919 vel
2270 1857 2400 1919 sine
2446 1857 2703 1920 materia
2747 1857 2844 1920 vel
2891 1858 3115 1938 imagi-

393 1941 634 2006 natione
681 1949 1036 2007 constantes
1083 1943 1389 2025 respiciat.
1481 1941 1568 2006 Et
1612 1964 1748 2007 cum
1793 1945 1943 2007 nihil
1988 1945 2141 2008 velit
2182 1946 2316 2020 ille,
2375 1945 2491 2008 nisi
2546 1964 2781 2009 summa
2832 1965 2963 2008 cum
3009 1965 3115 2008 ra-

393 2030 588 2105 tione,
655 2029 920 2111 nihilque
967 2041 1214 2111 praeter
1259 2033 1392 2111 ejus
1451 2033 1829 2096 voluntatem
1885 2033 2193 2108 extiterit,
2258 2035 2465 2098 dicant
2517 2034 2707 2115 igitur
2762 2036 3113 2109 adversarii,

392 2137 688 2199 quaenam
736 2120 896 2182 aliae
940 2121 1212 2184 rationes
1259 2121 1392 2184 Deo
1441 2122 1662 2184 fuerint
1721 2123 2123 2202 aptandamm
2176 2123 2393 2185 virium
2448 2131 2565 2185 etc.
2589 2171 2605 2197 ,
2675 2141 2809 2185 cum
2870 2131 3116 2204 praeter

391 2207 766 2288 quantitates
809 2208 960 2271 nihil
1007 2209 1220 2272 esset?
1312 2207 1491 2280 Quod
1537 2210 1620 2286 si,
1669 2211 1810 2273 dnm
1848 2211 2001 2272 nihil
2048 2211 2386 2287 inveniunt,
2436 2211 2513 2273 ad
2558 2211 3114 2296 imper-scrutabiles

393 2293 760 2360 Conditricis
805 2297 1162 2378 Sapientiae
1208 2298 1368 2360 vires
1414 2298 1802 2378 confugiant:
1867 2299 2135 2363 habeant
2190 2299 2303 2363 sibi
2361 2319 2510 2361 sane
2564 2299 2721 2362 hanc
2776 2299 3114 2382 inquirendi

394 2386 858 2466 temperantiam
883 2432 901 2461 ,
965 2387 1190 2469 illaque
1239 2405 1374 2450 cum
1418 2387 1668 2468 pietatis
1715 2387 1997 2468 o’pinione
2058 2389 2367 2462 fruantur,
2438 2406 2547 2451 nos
2612 2407 2755 2449 vero
2809 2390 3123 2469 patiantur

395 2493 616 2536 causas
661 2493 739 2537 ex
786 2476 1228 2554 quantitatibus
1277 2476 1636 2539 verisimiles
1683 2477 1963 2546 reddere,
2026 2476 2342 2540 dummodo
2398 2475 2548 2538 nihil
2593 2475 2902 2557 indignum
2946 2483 3121 2540 tanto

395 2563 664 2626 dicamus
711 2563 962 2645 Opifice.
995 2563 1054 2639 ι’)
1150 2566 1340 2630 Nulla
1385 2565 1569 2644 igitur
1612 2565 1852 2630 vinctus
1898 2565 2187 2645 religione
2232 2583 2418 2646 pergo
2466 2565 2544 2626 sd
2589 2564 3123 2646 investigationem

393 2652 646 2716 zodiaci.
1966 2717 1997 2728 ,

567 2744 664 2805 Ac
713 2740 888 2804 initio
939 2742 1218 2807 existimo
1265 2741 1744 2806 verisimiliorem
1783 2759 2099 2823 corporum
2144 2741 2325 2806 situm
2375 2741 2705 2823 excogitari
2752 2760 2869 2804 non
2914 2757 3119 2823 posse,

393 2850 572 2914 quam
619 2851 752 2894 cum
801 2829 1010 2901 cubus,
1060 2832 1327 2903 maxima
1373 2832 1714 2910 figurarum,
1764 2832 2073 2894 inseratur
2110 2832 2239 2893 orbi
2278 2831 2828 2913 quomodocunque,
2876 2849 3014 2893 nam
3058 2832 3120 2893 in

392 2920 616 2983 circulo
647 2920 872 2982 nullum
902 2930 1002 2983 est
1028 2922 1281 2985 initium.
1343 2918 1608 2999 Oportet
1635 2929 1838 2998 autem
1882 2920 2178 3005 principia
2212 2920 2343 2983 sine
2380 2921 2613 2985 ratione
2642 2918 3031 2994 constituere,
3064 2920 3119 2993 θ)

391 3028 468 3070 ne
513 3008 780 3071 infinitus
829 3009 956 3072 fiat·
985 3029 1319 3090 regressus,
1353 3007 1410 3083 ⁴¹)
1465 3016 1531 3073 et
1573 3016 1646 3071 ut
1690 3009 2017 3091 aliquando
2058 3009 2383 3072 transitum
2429 3010 2763 3072 habeamus
2792 3013 2849 3081 ⁶)
2895 3008 2973 3072 ab
3016 3008 3117 3070 in-

391 3097 566 3159 finita
611 3098 886 3177 potentia
931 3099 1010 3161 ad
1057 3099 1288 3161 finitum
1333 3105 1555 3160 actum.
1647 3095 1789 3159 Jam
1850 3097 2034 3179 igitur
2094 3116 2217 3161 una
2280 3097 2564 3162 facierum
2628 3104 2951 3159 censeatur
3007 3116 3117 3177 pro

393 3186 548 3249 basi.
649 3186 926 3267 Pyramis
971 3187 1157 3271 igitur
1203 3186 1522 3249 inserenda
1569 3186 1719 3248 cubo
1765 3186 2071 3249 mediante
2116 3184 2261 3249 orbe
2306 3187 2487 3249 Jovio
2534 3187 2718 3249 debet
2760 3186 2939 3247 basin
2984 3184 3118 3247 basi

393 3275 532 3337 cubi
575 3276 957 3353 παραλληλω
1001 3284 1210 3340 tenere
1238 3274 1320 3350 ¹):
1382 3281 1446 3337 et
1501 3275 1923 3339 dodecaedrou
1967 3276 2298 3357 pyramidis
2344 3276 2499 3339 basi.
2523 3276 2579 3349 ε)
2672 3274 2876 3337 Aliter
2922 3275 3121 3335 ferunt

393 3364 884 3427 secundariorum
927 3365 1370 3446 proprietates,
1427 3372 1496 3426 nt
1539 3362 1818 3427 vidimus.
1912 3364 2281 3443 Erigendum
2328 3364 2513 3445 igitur
2557 3364 2913 3426 icosaedron
2960 3362 3123 3423 iutra

395 3454 844 3527 dodecaedron‚
910 3454 1000 3517 ita
1053 3463 1124 3516 ut
1169 3452 1483 3534 diagonius
1531 3451 1692 3515 illius
1747 3452 1857 3513 fiat
1902 3452 2137 3533 utrique
2182 3454 2599 3535 oppositarum
2644 3451 2880 3515 basium
2924 3451 3119 3513 dode·-

395 3542 600 3603 caedri
645 3542 1160 3623 perpendicularis
1205 3542 1266 3603 in
1315 3541 1557 3604 centris.
1628 3539 1863 3602 Eodem
1890 3547 2071 3621 pacto
2101 3542 2583 3621 suspendendum
2630 3540 2747 3602 erit
2792 3538 3119 3601 octaedron

393 3629 640 3693 minima
683 3631 1004 3710 figurarum
1049 3633 1212 3694 intra
1257 3630 1631 3702 icosaedron,
1682 3630 1772 3691 ita
1817 3637 1885 3691 ut
1932 3635 2073 3691 acta
2123 3638 2293 3693 recta
2334 3630 2540 3691 veniat
2591 3628 2657 3702 1)
2704 3646 2812 3708 ρει·
2850 3635 3121 3689 centrum

394 3719 562 3781 basis
618 3719 677 3781 in
737 3720 923 3795 cubo,
991 3716 1066 3795 2)
1115 3739 1222 3800 per
1277 3728 1546 3782 centrum
1611 3717 1778 3781 basis
1847 3718 2279 3793 tetraedricae,
2348 3716 2420 3793 3)
2465 3738 2575 3801 per
2622 3724 2891 3781 centrum
2939 3716 3117 3798 quin-

395 3807 680 3891 quanguli
729 3808 1144 3871 dodecaedrici
1167 3857 1182 3885 ,
1231 3804 1304 3882 4)
1352 3826 1460 3889 ρει·
1505 3808 1788 3888 angulum
1836 3806 2169 3879 icosaiidri,
2220 3806 2293 3883 5)
2339 3826 2449 3887 per
2496 3807 2780 3888 angulum
2826 3802 3117 3880 octaedri,

397 3894 468 3971 6)
515 3916 624 3977 ρει·
671 3906 940 3960 centrum
988 3898 1189 3960 mnndi
1247 3904 1309 3959 et
1355 3915 1569 3977 corpus
1617 3894 1862 3971 Solate,
1926 3905 1990 3960 et
2043 3914 2221 3977 porro
2269 3895 2567 3959 similibus
2614 3894 2963 3959 interstitiis
3012 3911 3121 3973 per

396 3987 707 4067 oppositos
770 3984 840 4061 7)
887 3987 1187 4061 octaedri,
1239 3984 1311 4060 8)
1359 3983 1658 4047 icosaedri
1706 3985 1979 4065 angulos,
2031 3982 2104 4059 9)
2144 3986 2563 4049 dodecaedrici
2609 3984 2777 4065 plani
2824 3990 3119 4055 centrum,

403 4074 516 4150 10)
561 4076 856 4139 teti-aedri
911 4076 1234 4157 angulum,
1313 4072 1418 4149 11)
1475 4074 1671 4136 cubici
1723 4074 1893 4155 plani
1948 4083 2238 4139 centrum.
2268 4072 2328 4150 ¹²)
2386 4072 2669 4156 'Majoris
2725 4072 2876 4135 lucis
2933 4090 3123 4133 causa

395 4165 601 4245 relego
647 4174 708 4227 te
755 4166 833 4227 ad
890 4165 1214 4237 tabellam,
1277 4162 1380 4225 ubi
1427 4162 1630 4225 omnia
1676 4182 1931 4245 corpora
1984 4164 2067 4226 ad
2119 4164 2277 4227 hunc
2337 4164 2575 4227 modum
2622 4180 2913 4243 expressa
2956 4167 3119 4222 sunt.

398 4251 630 4324 Quibus
677 4255 770 4316 ita
815 4253 1162 4316 constitutis
1211 4270 1326 4313 non
1374 4259 1608 4315 tantum
1655 4270 1955 4332 apparens
2001 4252 2063 4315 iu
2116 4251 2406 4315 octaedro
2454 4253 2841 4333 quadratum,
2886 4266 3117 4329 aequa-

395 4342 536 4405 liter
579 4362 621 4404 a
665 4341 844 4405 dictis
893 4343 1122 4405 dnobus
1185 4340 1422 4421 angulis
1484 4349 1777 4403 remotum
1800 4389 1816 4413 ,
1887 4343 1939 4405 si
1996 4343 2365 4423 producatur
2420 4340 2841 4413 circumcirca,
2910 4354 3119 4400 omnes

395 4430 616 4509 figuras
666 4438 850 4512 atque
899 4431 1050 4493 adeo
1099 4437 1293 4492 totum
1338 4430 1620 4491 mundum
1666 4429 1727 4492 in
1774 4428 1917 4493 bina
1963 4432 2195 4494 dividet
2241 4430 2545 4511 aequalia,
2594 4429 2704 4490 sed
2750 4427 2935 4491 etiam
2980 4444 3115 4488 om-

397 4518 556 4581 nium
619 4518 914 4595 laterum,
991 4538 1143 4601 quae
1210 4518 1344 4599 quis
1408 4518 1568 4581 inter
1632 4519 1827 4581 dictos
1893 4522 2145 4601 angulos
2212 4528 2275 4583 et
2338 4526 2547 4581 centra
2610 4514 2808 4580 media
2868 4533 3117 4578 censere

397 4615 622 4689 potest,
649 4606 697 4683 ί)
746 4627 949 4671 eorum
995 4608 1237 4689 inquam
1285 4608 1544 4670 omnium
1592 4608 1643 4669 si
1691 4608 2051 4688 regulariter
2096 4616 2396 4691 ponantur
2441 4606 2743 4669 sectiones
2772 4613 3036 4680 mutuae,
3057 4602 3117 4681 ΙΙ)

397 4716 550 4777 quae
598 4697 992 4778 prospicienti
1040 4718 1114 4761 ex
1161 4704 1369 4759 centro
1417 4704 1732 4777 apparent,
1780 4706 2102 4761 versantur
2130 4697 2187 4761 in
2220 4695 2429 4759 eodem
2461 4694 2741 4777 quadrati
2789 4693 3121 4759 octaedrici

397 4786 752 4851 continuato
797 4787 1004 4868 plano.
1081 4786 1266 4867 quue
1311 4784 1634 4868 praecipue
1679 4786 1739 4847 in
1785 4787 2133 4852 multifaciis
2178 4794 2249 4849 ut
2292 4786 2567 4865 cognatis
2610 4792 2885 4865 apparet.
2956 4782 3119 4847 Nam
