3634 5575
1455 399 1620 468 Caput
1653 401 1843 454 xvm.
1880 401 2013 455 xlx.
2982 404 3103 472 169

375 567 606 617 tuernnt
648 577 773 618 esse
819 561 1099 634 conjuncti
1139 560 1196 617 in
1239 563 1346 617 hoc
1391 563 1698 636 archetypo
1745 563 1947 619 mundi.
2032 563 2219 619 Causa
2273 565 2425 620 dicta
2470 570 2558 620 est
2602 565 2659 622 in
2706 567 3103 638 superioribus.

376 639 613 697 Nimium
641 643 786 698 enim
815 643 1164 698 considerent
1193 645 1384 698 orbes:
1427 645 1628 698 flerent
1671 645 1911 714 majores
1959 645 2495 715 prosthaphaereses
2542 645 2691 702 orbis
2722 647 2911 720 mag-ni
2958 649 3106 719 apud

377 723 644 794 singulos,
689 730 929 794 quantos
955 739 1065 778 non
1093 725 1467 778 observamus.
1549 725 1702 796 Ergo
1749 725 1857 780 fuit
1880 725 2281 794 respiciendum
2326 727 2395 781 ad
2424 725 2721 782 distantias
2750 727 3102 796 planetarum

363 807 418 858 'a
439 802 570 858 Sole
597 821 708 860 nen
733 803 1050 867 mediocres,
1097 805 1192 858 sed
1221 803 1506 874 apheliam
1545 821 1734 860 eorum
1779 804 2055 860 interioris
2093 811 2153 858 et
2190 797 2517 876 periheliam
2554 807 2867 871 exterioris,
2916 808 2969 862 id
2998 815 3103 872 est,

380 885 450 938 ad
478 882 922 938 eccentricitates
950 883 1322 954 planetarum,
1367 889 1512 955 quae
1559 885 1857 940 distantias
1898 884 2181 956 apheliam
2208 893 2269 940 et
2294 886 2623 956 periheliam
2651 888 2909 942 formant.
2999 892 3102 942 At-

381 963 471 1036 qui
499 962 577 1018 sic
603 965 676 1018 ad
703 963 921 1018 incerta
945 963 1345 1034 respiciebam:
1391 965 1628 1020 nondum
1673 965 1818 1020 enim
1848 971 1975 1020 erat
2002 965 2231 1037 cognita
2272 967 2744 1022 eccentricitatnm
2773 985 2963 1032 causa,
3009 985 3107 1022 cur

377 1049 544 1097 tanta
571 1050 724 1096 esset
751 1060 922 1113 penes
952 1043 1202 1114 singulos
1231 1045 1493 1114 planet-as
1523 1045 1933 1106 eccentricitas3
1978 1062 2074 1098 cur
2103 1051 2266 1100 tanta
2305 1046 2639 1108 differentia:
2686 1064 2782 1101 cur
2808 1049 3099 1112 Saturnus,

377 1122 600 1192 Jupiter
626 1123 920 1176 mediocres
965 1124 1252 1187 haberent,
1286 1123 1453 1187 Mam,
1483 1125 1786 1178 Mercurius
1816 1124 2101 1188 maximas,
2134 1125 2340 1188 Tellus,
2372 1127 2560 1180 Venus
2588 1126 2854 1182 minimas.
2940 1129 3103 1198 Igno·

379 1209 508 1258 rata
535 1219 719 1267 causa,
769 1203 1137 1274 quantitatem
1185 1203 1431 1274 ignorari
1479 1221 1704 1258 necesse
1751 1213 1875 1260 erat
1922 1221 1957 1259 a
1996 1205 2183 1276 priori.
2232 1205 2557 1260 remittebar
2604 1208 2675 1260 ad
2704 1207 2879 1262 nudas
2913 1208 3103 1262 obser-

335 1331 344 1338 .
378 1280 649 1337 vationes.

538 1359 602 1432 d)
640 1364 730 1417 Ita
747 1362 963 1434 quidem
991 1367 1148 1417 tenet
1174 1361 1528 1418 Ptolemaeus
1569 1369 1630 1417 et
1656 1381 1731 1418 ex
1759 1363 1857 1417 illo
1888 1365 2240 1434 Copernicus.
2314 1365 2410 1419 Sol
2439 1363 2583 1419 enim
2612 1361 2735 1432 (seu
2764 1361 2959 1430 Terra)
2991 1383 3101 1420 non

379 1449 600 1499 tantum
641 1442 893 1512 epicyclo
941 1449 1124 1506 caret,
1194 1445 1289 1496 sed
1333 1443 1504 1498 etiam
1551 1449 1847 1514 aequante,
1914 1449 1979 1498 ut
2024 1444 2107 1499 illi
2152 1445 2471 1516 putabant..
2556 1448 2637 1498 At
2680 1448 2975 1500 secundum
3020 1445 3101 1499 rei

379 1523 671 1578 veritatem
713 1523 770 1576 in
811 1528 964 1576 motu
1007 1522 1106 1576 ino
1145 1523 1530 1578 translationis
1569 1524 1718 1578 circa
1743 1523 1929 1580 Solem
1969 1524 2161 1579 similis
2206 1533 2297 1578 est
2322 1525 2499 1580 Terra
2540 1524 2833 1595 unicuique
2862 1525 3101 1597 reliquo-

379 1620 500 1658 rum
523 1603 882 1673 planetarum
927 1603 984 1656 in
1011 1602 1286 1666 omnibns;
1334 1610 1400 1658 ut
1443 1607 1885 1660 demonstratum
1932 1613 2021 1660 est
2063 1621 2100 1659 a
2124 1621 2211 1660 me
2260 1605 2313 1658 in
2346 1605 2645 1660 Comment.
2672 1599 2888 1671 Mai-tis,
2938 1610 3103 1675 parte

384 1682 570 1750 tertia,
619 1689 678 1736 et
721 1682 875 1752 Epit.
917 1685 1072 1738 Astr.
1121 1682 1216 1736 lib.
1264 1683 1314 1736 V
1317 1684 1386 1738 11.

539 1759 595 1828 e)
643 1763 750 1816 Hic
779 1761 924 1817 orbis
951 1751 1274 1816 Ptfflemaeo
1302 1762 1518 1826 Solis,
1565 1762 1867 1834 Copernico
1898 1763 2187 1828 Terrae,
2230 1763 2541 1820 Prutenicis
2580 1779 2861 1820 annuus
2905 1762 3103 1818 dictus.

539 1840 584 1906 f)
633 1840 789 1896 Haec
818 1841 1105 1911 Copernici
1135 1844 1363 1914 querela
1405 1843 1748 1912 potissimum
1779 1842 2013 1914 attingit
2054 1844 2181 1896 loca
2209 1861 2587 1916 apogaeorum
2618 1841 2783 1915 (quae
2811 1844 2939 1896 loca
2967 1841 3107 1898 nihil

386 1922 626 1977 attinent
653 1923 758 1976 hoc
786 1921 1069 1994 negotium
1099 1922 1468 1992 proportionis
1500 1920 1760 1988 orbium);
1805 1941 1914 1977 non
1945 1925 2138 1977 eadem
2168 1931 2255 1978 est
2284 1927 2350 1979 de
2380 1923 2905 1981 eccentricitatibus.
2988 1923 3105 1977 Ita·

385 2019 488 2074 que
525 2021 635 2057 non
679 2002 862 2073 pejus,
912 2003 1006 2056 sed
1053 2002 1248 2057 melius
1295 2003 1508 2057 habent
1553 2003 1708 2073 ipsae
1757 2003 1969 2057 orbium
2015 2003 2418 2074 spissitudines.

539 2077 607 2156 g)
654 2080 959 2136 Audaciam
1005 2099 1132 2136 ecce
1181 2082 1506 2152 sponsionis,
1557 2084 1839 2139 suffultam
1885 2083 2212 2139 difficultate
2260 2083 2584 2139 conditionis
2626 2083 2719 2138 hic
2762 2082 3103 2152 propositae.

383 2163 518 2217 Vide
567 2169 752 2216 tamen
795 2169 855 2216 et
899 2161 1250 2216 felicitatem:
1301 2164 1634 2233 exploratae
1663 2170 1794 2218 sunt
1841 2179 1878 2217 a
1904 2179 1990 2217 me
2020 2165 2364 2234 quantitates
2404 2162 2879 2218 eccentricitatum
2906 2179 2980 2218 ex
3008 2164 3105 2217 ob-

383 2242 788 2298 servationibns
817 2242 1042 2306 Brahei,
1074 2243 1398 2312 patefactae
1427 2244 1482 2296 in
1508 2243 1856 2299 Harmonicis
1886 2259 2091 2298 causae
2118 2243 2593 2298 eccentricitatum
2620 2242 2998 2316 singularum:
3044 2248 3107 2316 et

383 2339 512 2378 eece
539 2324 854 2393 productos,
901 2340 1012 2378 non
1039 2322 1256 2392 quidem
1283 2339 1358 2378 ex
1385 2323 1518 2378 solis
1549 2323 1584 2378 5
1613 2324 1827 2396 figuris,
1876 2323 1973 2378 sed
2021 2324 2365 2393 potissimum
2406 2342 2481 2380 ex
2510 2322 2693 2378 causis
2723 2320 3104 2377 eccentricita·

381 2409 498 2460 tum
554 2396 912 2472 (harmoniis)
957 2419 1115 2458 arcus
1164 2420 1264 2472 per
1311 2404 1498 2459 omnia
1539 2404 1780 2460 motibus
1826 2419 2113 2458 consonos.

537 2479 604 2548 h)
649 2482 930 2538 Laudabis
980 2481 1183 2575 opinor
1219 2483 1390 2538 etiam
1437 2484 1728 2553 puerulum
1775 2484 2083 2548 trimulum,
2144 2487 2587 2574 praesumentem
2635 2482 2814 2536 animo
2858 2497 3109 2554 pugnam

382 2579 502 2620 cum
529 2563 874 2654 gigantibus.
944 2563 1068 2616 Non
1096 2562 1239 2617 enim
1267 2581 1454 2618 omnes
1484 2564 1854 2620 astronomiae
1892 2564 2073 2626 naevi,
2123 2564 2227 2618 imo
2273 2563 2495 2616 minima
2537 2562 2759 2618 illorum
2798 2578 2932 2632 pars
2978 2567 3109 2616 suut

381 2661 454 2698 ex
500 2642 712 2698 vitiosis
760 2641 1266 2698 eccentricitatibus
1331 2643 1690 2714 singulorum.
1777 2645 1865 2700 De
1911 2644 2055 2700 Solis
2110 2645 2201 2697 vel
2250 2645 2457 2698 Terrae
2510 2641 2925 2712 eccentricitate
2980 2647 3111 2711 post

382 2723 610 2778 dicetur.
655 2741 666 2746 ·

542 2800 584 2867 i)
632 2802 804 2857 Nullo
833 2802 1100 2873 equidem,
1150 2820 1219 2856 ne
1246 2802 1465 2857 minimo
1496 2804 1736 2875 quidem;
1787 2805 1918 2876 quia
1945 2821 2052 2859 non
2082 2804 2325 2858 formant
2362 2804 2541 2866 orbes,
2592 2818 2695 2857 nec
2722 2802 3110 2869 praescribunt

385 2890 560 2938 metas
591 2880 1080 2938 eccentricitatum.
1139 2882 1246 2937 Sed
1275 2884 1369 2936 ubi
1397 2884 1552 2953 prius
1581 2883 1843 2938 inventae
1873 2885 2080 2940 fuerint
2107 2882 2567 2947 eccentricitates,
2610 2889 2674 2937 ut
2700 2900 2767 2937 ro
2797 2879 2879 2937 ὃτι
2906 2900 2982 2938 ex
3010 2885 3107 2938 ob·

383 2962 794 3017 servationibus
821 2962 1046 3026 Brahei,
1088 2962 1209 3032 jam
1235 2963 1470 3035 denique
1513 2965 1694 3018 locum
1734 2964 1911 3020 habet
1954 2962 2233 3035 inquisitio
2272 2978 2561 3017 causarum
2609 2979 2707 3017 seu
2742 2980 2811 3019 w
2848 2962 2999 3019 onon
3034 2980 3110 3017 ex

385 3042 470 3096 his
517 3042 756 3113 quinque
801 3041 996 3134 figuris
1041 3049 1104 3096 et
1139 3041 1352 3112 junctis
1399 3044 1846 3114 proportionibus
1896 3042 2242 3101 harmonicis.

541 3119 606 3187 k)
655 3124 790 3177 Cum
817 3122 962 3176 enim
1005 3122 1414 3179 harmoniarum
1459 3124 1536 3178 sit
1575 3124 1767 3195 aliqua
1805 3125 1984 3195 copia,
2033 3125 2249 3177 electae
2297 3122 2523 3177 fuerunt
2566 3139 2669 3193 pro
2697 3122 2934 3193 sing-ulis
2962 3120 3109 3193 bigis

380 3203 734 3272 planetarum
776 3201 1104 3267 vicinorum,
1163 3218 1308 3272 quae
1351 3203 1667 3274 quantitate
1717 3220 1881 3275 quam
1928 3204 2179 3291 proxime
2220 3206 2619 3273 responderent
2662 3202 3108 3273 proportionibus

381 3283 578 3337 harum
624 3282 863 3353 quinque
907 3283 1230 3355 figurarum.

1626 3452 1660 3457 --
1683 3448 1923 3459 —-—-—-

1491 3634 1732 3734 Caput
1782 3630 1997 3707 XIX.

715 3794 829 3858 De
872 3792 1266 3877 sinyulomm
1309 3798 1391 3867 in,
1421 3796 1628 3876 specie
1664 3792 2074 3876 planetarum
2116 3794 2381 3857 residua
2426 3791 2772 3856 discordia.

564 3937 738 4007 Haec
799 3937 986 4018 igitur
1049 3939 1108 3999 in
1175 3956 1396 4017 genere
1463 3936 1655 4010 fuere,
1725 3956 1878 4016 quae
1944 3956 2188 4000 causam
2246 3957 2439 3999 meam
2504 3935 2774 3999 relevare
2836 3941 3111 4012 possunt.

381 4026 558 4089 Nunc
621 4026 684 4087 in
731 4026 930 4105 specie
976 4026 1320 4102 videamus,
1391 4025 1602 4106 ecquid
1661 4026 1937 4087 excusari
1998 4027 2253 4105 amplius
2298 4026 2517 4107 possit.
2610 4022 2852 4084 Initium
2902 4040 2939 4081 a
2986 4018 3109 4082 Sa-

387 4123 560 4177 turno
607 4132 933 4177 sumamus.
1030 4118 1236 4195 Atque
1293 4116 1421 4194 ejus
1483 4114 1720 4195 quidem
1768 4112 2101 4191 vincennam
2158 4136 2380 4197 magna
2436 4117 2604 4178 facta
2660 4119 2758 4173 est
2803 4109 3109 4171 accessio:

385 4203 490 4264 sed
559 4220 710 4283 quae
777 4212 976 4266 tamen
1038 4204 1438 4266 differentiam
1484 4202 2109 4284 prosthaphaereseos
2156 4213 2411 4267 causata
2477 4210 2575 4267 est
2638 4220 2754 4265 non
2822 4199 3109 4279 majorem

386 4288 462 4354 41
529 4291 845 4372 scrupulis.
939 4294 1098 4357 Nam
1157 4294 1314 4355 sicut
1371 4292 1584 4372 ingens
1653 4292 1784 4371 ejus
1849 4291 2146 4355 distantia
2207 4294 2557 4356 faciliimam
2613 4288 2801 4353 errori
2863 4306 3107 4349 causam

387 4380 644 4461 praebet
687 4380 748 4442 in
797 4382 1252 4445 observatione:
1320 4381 1408 4443 sic
1458 4398 1625 4442 error
1671 4380 1730 4441 in
1781 4380 2078 4442 distantia
2127 4383 2401 4464 quamvis
2448 4383 2784 4444 luculentus
2834 4376 3111 4455 exiguam

385 4476 448 4531 et
493 4468 770 4549 opinione
819 4470 1106 4533 minorem
1154 4470 1342 4532 efficit
1393 4469 1456 4531 in
1511 4474 2037 4549 προσθαφαιρεσει
2084 4471 2523 4534 diversitatem.
2615 4469 2698 4531 Et
2744 4474 2947 4528 tamen
2996 4484 3106 4526 ne·-

389 4577 499 4638 que
546 4559 721 4637 hujus
770 4559 984 4621 sideris
1029 4567 1228 4621 motus
1277 4558 1616 4620 certissime
1664 4559 1967 4620 dimensos
2016 4580 2151 4623 esse
2182 4570 2579 4636 astronomos,
2626 4557 2726 4619 vel
2765 4555 2897 4616 scia
2924 4571 3104 4632 prae-

389 4644 578 4709 terita
620 4648 836 4729 hyeme
885 4668 1129 4711 cernere
1179 4656 1332 4711 erat.
1424 4648 1583 4709 Nam
1630 4647 1726 4709 die
1773 4645 1839 4710 2.
1896 4645 1993 4710 12.
2042 4650 2336 4711 Novemb.
2388 4669 2543 4711 anno
2596 4641 2764 4710 1594
2811 4642 3109 4705 Saturnus

387 4734 552 4798 visus
599 4742 697 4799 est
743 4745 958 4799 exacte
1006 4737 1163 4798 inter
1209 4735 1504 4799 cervicem
1547 4743 1613 4797 et
1658 4756 1760 4798 cor
1809 4737 2063 4811 Leonis,
2125 4738 2224 4799 ubi
2274 4743 2409 4800 es'se
2458 4736 2720 4800 debebat
2784 4734 3109 4795 secuudum

389 4825 684 4888 calculum
730 4824 828 4887 die
875 4823 984 4888 21.
1035 4822 1139 4889 31.
1190 4823 1477 4888 Octobris
1522 4824 1879 4904 praeterita.
1958 4826 2315 4888 Differentia
2362 4827 2521 4906 long.
2556 4822 2665 4888 37‘
2712 4823 2845 4905 plus
2890 4822 3106 4883 minus.

395 4910 568 4987 Quod
627 4914 679 4975 si
745 4915 900 4977 hauc
957 4916 1360 5000 quantitatem
1421 4934 1534 4976 non
1594 4914 1850 4977 excedat
1906 4916 2033 4997 ejus
2096 4936 2131 4976 a
2178 4913 2511 4997 Gopernico
2569 4910 2876 4977 discordia
2928 4930 3108 4989 προσ·
