3634 5575
624 368 756 438 358
1473 367 1677 418 Literae
1711 345 1917 432 Kepleri
1956 317 2263 434 aliorumque
2296 371 2502 418 mamae

625 527 994 594 vicinissima
1039 533 1244 590 tamen
1293 522 1612 588 Cerinthia
1655 525 1740 588 nil
1783 525 2024 605 pluviae
2042 573 2058 599 ‚
2122 525 2394 606 squalor,
2444 525 2729 602 ariditas,
2788 531 2857 588 ut
2900 525 3351 606 impedirentur

621 618 848 698 pabula
893 626 956 676 et
1005 616 1228 696 fruges.
1321 613 1458 676 Non
1497 613 1766 692 negarim
1811 613 2289 694 conjunctionem
2334 613 2396 688 ‘24
2423 609 2464 680 li
2514 614 2737 694 aliquid
2796 615 2995 676 facere
3044 615 3123 674 ad
3170 610 3341 674 leni-

621 707 908 782 tudinem,
957 712 1026 768 ut
1070 713 1133 766 et
1181 703 1424 764 stellam
1470 720 1689 763 novam
1735 709 1798 763 et
1844 721 2205 781 congressus
2254 702 2511 764 omnium
2566 705 2947 782 planetarum
2994 701 3051 764 in
3082 707 3162 775 ,Α
3240 701 3345 762 At

619 815 738 858 non
785 813 894 875 per
939 812 1026 866 se,
1077 793 1186 854 sed
1229 802 1339 871 per
1385 790 1740 852 facultatem
1787 791 2111 852 animalem
2140 791 2383 864 Terrae,
2434 809 2587 870 quae
2640 791 2752 853 fuit
2790 791 3119 854 stimulata.
3198 789 3345 852 Ne-

624 903 740 964 que
787 902 864 944 ex
909 884 971 959 <5
995 875 1038 959 15
1066 880 1128 955 21.
1173 881 1290 943 dici
1337 886 1573 959 potest,
1629 897 1735 940 cur
1781 877 2105 942 Germanis
2150 879 2305 942 lenis
2354 878 2535 941 fuerit
2582 879 2800 954 hiems,
2850 881 3029 942 Italis
3078 877 3345 958 frigida3

622 973 732 1034 sed
779 970 1124 1052 quaerenda
1168 969 1318 1030 haec
1365 968 1527 1031 intus
1574 967 1635 1028 in
1683 967 1911 1030 Terra:
1962 969 2179 1053 qnippe
2228 971 2289 1045 ό
2315 965 2357 1046 ij
2386 967 2449 1042 ‘ll
2493 967 2765 1032 omnibus
2812 969 3045 1032 eadem.

798 1060 931 1133 (Ad
979 1054 1074 1131 6.)
1151 1057 1266 1124 ..An
1321 1057 1497 1118 Luna
1551 1074 1689 1117 cum
1743 1056 2048 1136 parallaxi
2110 1057 2467 1136 dirigenda?
2558 1053 2859 1128 Quaestio
2914 1055 3339 1136 impertinens,

618 1169 752 1212 cnm
799 1149 873 1210 de
921 1147 1096 1224 longe
1141 1145 1474 1224 majoribus
1521 1144 1915 1224 disputemus.
2010 1145 2227 1208 Dicam
2254 1154 2459 1208 tamen
2491 1146 2891 1208 sententiam:
2938 1143 3177 1206 omnino
3215 1143 3343 1204 hoc

617 1245 715 1300 est
755 1235 1108 1315 principium
1155 1233 1606 1311 astrologicam,
1657 1241 1848 1308 astra,
1896 1234 1987 1298 uti
2036 1235 2337 1309 videntur,
2386 1235 2475 1296 sic
2504 1235 2735 1296 censeri
2782 1255 2823 1296 a
2866 1241 3084 1296 natura
3130 1231 3337 1294 facul-

619 1332 750 1386 tate
798 1323 1080 1386 naturali.
1176 1323 1340 1401 Ergo
1370 1322 1547 1383 Luna
1591 1339 1725 1385 cnm
1767 1323 2070 1401 parallaxi
2118 1331 2215 1385 est
2260 1322 2527 1385 locanda¹
2562 1322 2621 1384 in
2652 1323 2861 1402 genesi
2900 1330 2967 1384 et
2992 1321 3339 1400 dirigenda.

616 1411 848 1474 Videor
893 1412 1148 1472 eandem
1195 1430 1328 1473 cum
1355 1410 1640 1490 Tychone
1685 1429 1935 1473 cansam
1980 1413 2212 1475 afferre.
2304 1413 2373 1474 In
2410 1429 2549 1472 mea
2595 1411 2805 1490 genesi
2850 1429 3031 1473 casus
3076 1408 3344 1470 evidens

615 1502 714 1574 fit,
761 1519 899 1562 nam
943 1517 1052 1578 per
1088 1498 1428 1586 parallaxin
1476 1499 1652 1560 Luna
1697 1499 2093 1580 corporaliter
2129 1500 2486 1580 jungeretur
2528 1499 2826 1579 palilitio,
2896 1499 2949 1562 si
2996 1499 3172 1560 modo
3218 1515 3339 1578 per

615 1587 1046 1668 longitudinem
1084 1588 1459 1668 jungeretur.

798 1677 931 1749 (Ad
976 1673 1072 1750 8.)
1161 1675 1358 1738 Recte
1403 1693 1639 1750 mones,
1709 1683 1776 1736 ut
1824 1673 2127 1739 Chronica
2178 1675 2423 1750 adeam,
2492 1695 2644 1756 quae
2690 1685 2960 1739 meteora
3006 1673 3343 1752 consigna-

617 1774 776 1836 runt,
823 1765 1078 1844 indeque
1126 1764 1564 1844 experientiam
1607 1764 1902 1826 hauriam.
1996 1764 2245 1826 Faciam
2289 1763 2369 1838 id,
2418 1765 2519 1826 ubi
2566 1766 2699 1846 plus
2730 1765 2839 1827 otii
2878 1763 3165 1826 habuero.
3243 1763 3347 1822 At

621 1873 740 1918 non
789 1872 922 1916 cum
967 1853 1138 1916 coelo
1184 1861 1422 1915 tantum
1468 1852 1853 1932 comparabo,
1902 1851 2013 1914 sed
2062 1853 2313 1916 Terram
2360 1871 2560 1914 secum
2606 1853 2823 1930 ipsam.

801 1943 932 2015 (Ad
979 1937 1076 2015 9.)
1167 1941 1306 2004 Νοιι
1351 1942 1432 2004 ad
1461 1942 1861 2004 describenda
1888 1948 2163 2004 meteora
2208 1942 2351 2004 anni
2387 1937 2543 2004 160¹
2602 1943 2787 2004 otium
2822 1947 3121 2022 superest.
3204 1937 3339 2000 Fa·—

617 2032 744 2094 ciat
805 2049 912 2110 pro
979 2047 1074 2090 me
1137 2029 1405 2092 Joannes
1471 2029 1818 2103 (Eriksen),
1868 2029 1971 2092 ubi
2033 2030 2279 2092 redierit
2299 2077 2315 2104 ,
2383 2039 2489 2092 aut
2550 2031 2848 2093 Matthias
2915 2027 3339 2104 (Seiffardns).

617 2119 733 2182 Die
787 2117 888 2182 10.
941 2115 1110 2190 (20.)
1157 2119 1304 2180 Feb.
1355 2118 1446 2180 ais
1509 2137 1715 2180 eurum
1753 2124 1951 2180 ortum
1996 2126 2140 2197 post
2185 2119 2535 2192 lenitatem;
2582 2118 2740 2181 idem
2786 2119 2883 2179 bic
2930 2118 3008 2178 ad
3050 2133 3335 2197 unguem.

617 2207 812 2268 Vides
857 2205 1258 2268 universalem
1302 2214 1564 2280 ventum,
1615 2207 1716 2286 qui
1745 2213 2039 2280 serenat;
2106 2207 2205 2286 qui
2253 2207 2469 2287 pluvii,
2536 2207 2971 2287 particulares,
3030 2227 3070 2267 a
3114 2205 3335 2268 vicinis

617 2314 727 2358 tc..
753 2293 1078 2358 montibus.

793 2382 924 2455 (Ad
983 2378 1114 2454 10.)
1205 2380 1378 2452 Quae
1414 2381 1546 2461 jam
1593 2401 1776 2462 supra
1821 2383 2261 2445 affirmaveram
2311 2383 2399 2461 (p.
2452 2377 2640 2456 352),
2700 2390 2769 2444 tu
2814 2401 2955 2446 ecce
3002 2382 3226 2444 evertis
3273 2381 3337 2442 in

621 2471 938 2551 dirigendo
985 2470 1368 2532 latitudinem
1415 2469 1843 2533 adhibendam.
1933 2471 2037 2532 Ad
2066 2470 2498 2550 experientiam
2542 2490 2862 2550 provocas.
2944 2471 3120 2550 Nego
3164 2469 3337 2532 illam

619 2561 774 2626 adeo
821 2558 1106 2620 subtilem
1153 2578 1289 2620 esse
1335 2576 1538 2637 posse,
1587 2559 2069 2622 ut.snfficienter
2105 2566 2386 2632 testetur,
2433 2559 2529 2620 vel
2567 2560 2679 2620 hoc
2708 2561 2841 2622 solo
2864 2559 3124 2634 nomine,
3174 2557 3335 2638 qnod

621 2647 988 2712 directiones
1028 2647 1200 2726 ajunt
1237 2646 1530 2725 applicari
1561 2647 1639 2707 ad
1674 2647 2083 2709 revolutiones
2126 2664 2284 2710 anno
2330 2647 2427 2708 vel
2457 2649 2859 2728 praecedente
2890 2648 2989 2709 vel
3018 2655 3330 2728 sequente.

617 2737 780 2801 Dum
825 2755 970 2799 vero
1015 2753 1312 2816 provocas
1359 2736 1438 2799 ad
1487 2736 1825 2815 exemplum
1870 2735 2335 2815 profectionum,
2388 2737 2591 2817 ¹plane
2640 2745 2703 2799 te
2750 2737 2936 2813 rideo,
3004 2752 3141 2799 cnm
3182 2753 3333 2816 pro-

618 2827 804 2889 fectio
853 2844 1082 2886 merum
1127 2824 1213 2885 sit
1257 2822 1570 2884 somnium.

758 2913 888 2963 Fal>
907 2912 1116 2961 ricius
1153 2912 1226 2961 sic
1263 2909 1543 2961 concludit.
1597 2910 1706 2974 Ego
1741 2910 1796 2958 in
1832 2924 1950 2959 mea
1984 2911 2159 2974 genesi
2206 2910 2526 2961 directionem
2566 2908 2631 2971 Θ
2672 2912 2739 2963 ad
2776 2910 2828 2972 d
2864 2912 3129 2977 plurimum
3162 2914 3333 2963 timeo.

618 2981 732 3035 Scio
768 2996 948 3045 nempe
984 2981 1264 3031 horribilem
1301 2994 1442 3037 esse,
1494 2993 1589 3029 nec
1625 2986 1720 3029 tua
1753 2982 1882 3029 ratio
1921 2980 2164 3046 dirigendi
2200 2996 2357 3045 nuper
2392 2982 2577 3047 scripta
2624 2984 2845 3036 animum
2890 2998 3055 3035 meum
3089 2984 3331 3049 tranquil·

615 3054 721 3104 lare
757 3058 948 3135 potest,
1001 3058 1053 3102 et
1089 3065 1281 3114 semper
1318 3048 1558 3113 ejusmodi
1595 3050 1798 3099 directio
1851 3064 2039 3101 summe
2076 3052 2354 3115 periculosa
2390 3052 2497 3101 fuit.
2570 3054 2642 3102 At
2676 3052 2817 3103 Deus
2855 3054 3063 3113 efficiet,
3118 3070 3183 3104 ne
3221 3054 3330 3105 ani-

614 3136 747 3183 mae,
787 3124 830 3171 ni
865 3122 1078 3170 maxime
1115 3122 1322 3185 corpori,
1360 3126 1558 3171 noceat.
1633 3120 1789 3171 Hisce
1826 3128 1879 3171 te
1914 3128 2149 3187 tuamque
2184 3122 2351 3172 valere
2383 3124 2560 3185 jubeo,
2611 3130 2664 3174 et
2696 3140 2817 3190 rogo
2857 3133 3113 3183 amanter,
3150 3130 3210 3175 ut
3243 3140 3332 3189 pro

615 3192 838 3245 Uranica
871 3198 1044 3241 nostra
1079 3193 1306 3241 amicitia
1340 3192 1459 3242 mihi
1494 3192 1810 3255 respondeas.
1887 3192 2043 3249 Vale,
2082 3192 2219 3250 vale,
2270 3194 2411 3251 vale,
2466 3197 2741 3259 iterumque
2778 3200 2831 3245 et
2864 3196 3043 3247 millies
3078 3197 3217 3254 vale,
3276 3202 3333 3247 et

615 3278 722 3318 rem
757 3264 1138 3313 astronomicam
1171 3277 1320 3327 urge,
1371 3263 1686 3329 Martemque
1723 3263 1947 3321 debella,
1999 3272 2057 3313 ut
2112 3278 2282 3313 omnes
2336 3273 2643 3330 cognoscant
2694 3272 2854 3317 artem
2902 3273 3047 3319 tuam
3080 3282 3321 3332 superam

614 3333 832 3385 Martem
866 3333 1110 3383 hactenus
1146 3334 1399 3383 invictum.
1476 3332 1682 3398 Raptim
1720 3333 1944 3391 Ostelae,
1983 3335 2170 3383 Frisiae
2206 3336 2329 3395 vico,
2370 3336 2418 3386 d.
2446 3334 2542 3394 ,10.
2581 3332 2721 3399 (20.)
2758 3338 2879 3389 Feb.
2920 3336 3080 3388 1605.

793 3403 1209 3483 KepleruS.
1196 3425 1210 3439 ·
1261 3402 1315 3466 Ο
1364 3414 1426 3466 te
1475 3406 1760 3466 miserum
1805 3412 1874 3467 et
1917 3405 2247 3467 infelicem!
2342 3404 2462 3478 Qui
2490 3416 2585 3470 tot
2622 3408 2755 3489 jam
2793 3410 2943 3473 meis
2974 3410 3327 3473 instructio-

615 3494 791 3556 nibus
837 3493 1096 3574 nondum
1143 3493 1385 3554 liberari
1430 3503 1606 3573 potes
1654 3514 1692 3553 a
1737 3502 1903 3554 metu
1950 3493 2317 3571 directioniS,
2368 3497 2507 3577 quin
2554 3504 2621 3558 et
2665 3499 2955 3561 orandum
2986 3498 3099 3561 tibi
3126 3507 3326 3578 putas,

613 3601 690 3645 ne
735 3582 972 3643 animae
1018 3570 1253 3645 noceat.
1329 3581 1706 3643 Benefaciat
1747 3582 1917 3643 Deus
1966 3590 2105 3643 tuae
2152 3582 2416 3660 animae,
2467 3592 2733 3649 ceterum
2779 3595 2847 3649 ut
2892 3588 3183 3670 impediat
3226 3587 3327 3650 di-

615 3670 966 3745 rectionem,
1015 3688 1089 3729 ne
1137 3669 1225 3731 illi
1271 3678 1509 3743 noceat,
1559 3668 1708 3730 nihil
1755 3678 1855 3731 est
1898 3689 2168 3731 necesse.

791 3758 979 3819 Albe
1000 3766 1199 3830 rtus
1244 3757 1532 3819 Austriae
1570 3758 1903 3833 Archidux,
1956 3766 2132 3819 natus
2172 3766 2268 3819 est
2316 3758 2546 3821 oriente
2594 3756 2727 3823 22⁰
2770 3768 2871 3835 ,2¹,
2921 3758 2999 3840 Θ
3040 3764 3103 3827 in
3149 3758 3237 3828 0⁰
3264 3768 3327 3837 ,ἵ

617 3848 676 3910 in
709 3850 762 3919 ἆ)
799 3842 871 3924 Β,
921 3844 1139 3907 Luna
1123 3866 1182 3907 ιιι
1223 3840 1448 3921 11⁰5.
1523 3846 1915 3925 Philippus
1954 3847 2066 3908 ΠΙ.
2116 3846 2449 3929 Hispaniae
2499 3868 2639 3924 rex,
2684 3870 2839 3913 anno
2872 3848 3319 3933 78.14.Apr.

615 3954 791 3997 mane
841 3935 899 3997 h.
932 3928 994 3995 2.
1035 3930 1142 3995 20’
1173 3932 1439 3995 meridiei
1486 3941 1554 3994 ut
1579 3934 1863 4013 Maginus
1910 3934 2265 4015 perscripsit
2304 3936 2382 3997 ad
2411 3936 2867 4019 Tengnaglium.
2964 3941 3327 4004 Accidentia

617 4023 859 4103 privata
902 4022 1130 4101 ignore,
1181 4022 1423 4101 publica
1469 4042 1546 4083 ex
1591 4024 1993 4085 monumentis
2039 4024 2297 4102 publicis
2346 4024 2475 4104 ipse
2522 4028 2773 4108 corrige.

761 4110 1103 4160 Fabricius
1144 4106 1218 4171 (d.
1258 4107 1480 4173 2112]
1520 4108 1690 4175 Apr.):
1731 4110 1939 4175 Scripsit
1974 4112 2041 4161 ad
2076 4126 2157 4162 me
2192 4112 2270 4162 Jo.
2308 4112 2533 4172 Eriksen,
2572 4129 2628 4165 se
2663 4118 2909 4166 rationem
2944 4122 2996 4167 et
3033 4131 3213 4169 causas
3251 4118 3323 4169 di·

618 4182 893 4233 rectionum
928 4185 980 4229 et
1013 4181 1373 4244 profectionum
1407 4183 1668 4231 invenisse.
1744 4180 1976 4231 Promisit
2010 4195 2127 4232 suas
2152 4184 2480 4248 cogitationes
2516 4186 2582 4235 ad
2604 4200 2686 4237 me
2718 4188 2932 4249 mittere,
2971 4190 3060 4239 sed
3082 4190 3327 4241 hactenns

515 4244 520 4250 ’
617 4266 718 4302 non
753 4252 888 4302 fecit.
965 4248 1184 4311 Quaeso,
1219 4257 1278 4302 tu
1313 4252 1540 4310 adoleas,
1579 4265 1694 4303 cum
1729 4254 1905 4311 sciam,
1944 4254 2037 4305 tibi
2070 4259 2193 4303 nota
2228 4268 2339 4305 esse
2372 4256 2503 4307 illins
2539 4259 2725 4308 omnia.

797 4322 1211 4423 Keplerus:
1293 4322 1630 4385 Occasione
1693 4342 1962 4387 mearum
2026 4326 2461 4404 cogitationum
2524 4329 2600 4389 de
2664 4331 2867 4393 causis
2930 4332 3327 4394 directionum

617 4410 890 4473 Joannes
937 4409 1070 4490 ipse
1117 4430 1350 4495 quoque
1398 4412 1823 4475 exstimulatus
1870 4414 2004 4488 fuit,
2052 4414 2416 4495 tandemque
2462 4411 2682 4496 εὕρηκα
2720 4420 3105 4484 exclamavit.
3194 4420 3327 4501 Ego

618 4518 764 4562 vero
809 4498 928 4579 ipsi
971 4501 1323 4575 monstravi,
1371 4500 1585 4562 eadem
1628 4500 1825 4580 ipsum
1868 4502 2136 4580 cogitare
2166 4520 2415 4567 mecum.
2506 4506 2701 4608 Igitur
2746 4506 2875 4569 rem*
2912 4516 3107 4571 totam
3152 4509 3233 4571 ad
3258 4528 3329 4570 se

621 4588 950 4663 revocavit,
999 4588 1326 4664 affirmans,
1374 4606 1442 4649 se
1491 4590 1750 4651 nondum
1796 4599 1961 4653 recte
2010 4591 2347 4671 explicasse
2396 4612 2509 4657 sna
2554 4594 2742 4657 animi
2768 4614 2971 4667 sensa,
3020 4598 3327 4661 delibera·-

621 4684 822 4738 turum
863 4676 1136 4753 ulterius,
1187 4676 1482 4780 quomodo
1531 4678 1951 4757 explicandum
1978 4679 2063 4741 sit
2092 4680 2203 4741 hoc
2250 4700 2423 4743 snum
2448 4682 2779 4747 inventum.
2855 4686 2973 4749 Ita
3016 4686 3325 4769 negotium

619 4763 736 4825 hoc
781 4766 942 4825 inter
983 4782 1096 4828 nos
1143 4765 1388 4847 quievit.
1407 4760 1458 4839 ')
1555 4764 1821 4829 Chartae
1852 4785 2017 4829 meas
2048 4786 2086 4829 a
2112 4766 2193 4829 D.
2228 4766 2471 4833 Schelio
2518 4782 2805 4853 acceptas
2846 4774 2922 4836 de
2970 4776 3323 4839 directioni·-

621 4850 734 4915 bus
779 4851 924 4913 mihi
967 4853 1229 4929 remitte,
1279 4862 1348 4917 ut
1392 4852 1522 4935 ipse
1565 4872 1674 4935 per
1717 4854 1930 4919 literas
1974 4855 2120 4923 mibi
2166 4874 2233 4922 es
2279 4858 2585 4938 pollicitus
2634 4872 2697 4925 te
2738 4862 3061 4930 facturum.
3154 4863 3327 4939 Quas
