3634 5575
11 4323 28 5336 W.
11 4277 22 4306 -v
11 3989 20 4260 ’.ὴ-νῇ*
11 3893 20 3970 vv·-
11 3689 23 3878 -.w-q...-
12 3641 16 3670 --
11 3605 22 3622 v

655 380 794 457 28,
1745 404 1756 429 ι
1843 384 2165 439 Prooemium.

655 544 784 611 quod
819 545 972 595 otiam
1003 546 1162 597 multa
1197 548 1250 597 in
1284 546 1402 612 ipsis
1439 544 1698 611 Copornici
1729 546 1863 597 libris
1896 546 2009 597 loca
2054 546 2337 597 obscuriora.
2366 542 2607 595 Rhetious
2641 545 2723 595 hio
2760 559 2821 596 ex
2853 546 3069 609 professo
3106 542 3351 609 explicat.

653 616 784 666 unde
817 616 948 667 baec
981 614 1212 668 Narratio
1249 624 1302 668 et
1335 618 1622 669 Eucominm
1657 619 1764 669 loco
1800 618 1957 669 brevis
1994 620 2047 667 in
2082 616 2404 681 Copornicum
2440 619 2777 667 commentarii
2810 617 2983 667 haberi
3014 621 3261 681 ponunt.

793 686 908 737 Hae
946 702 1128 739 causae
1165 696 1282 739 sunt
1315 690 1518 739 additae
1552 688 1698 753 hujus
1729 688 2057 748 Narrationis,
2096 704 2207 741 cum
2241 687 2505 739 Bor-ussiae
2542 687 2773 738 Enoomio
2796 688 3009 739 Rhetioi.
3064 686 3143 737 Ne
3180 692 3351 735 tamen

653 764 825 809 noma
869 774 1058 823 quoque
1105 774 1258 825 opera
1302 761 1450 811 hosce
1495 760 1618 811 fines
1652 760 1847 813 facilius
1884 761 2212 825 consequendi
2248 760 2471 810 deesset:
2519 760 2675 809 visum
2716 760 2811 809 fuit
2844 767 2949 811 tam
2982 759 3350 814 Nan-ationem.

653 843 802 893 quam
836 829 1154 889 Enoomium‚
1205 846 1304 897 qua
1337 832 1442 883 fieri
1477 833 1639 895 potuit
1673 832 1960 897 diligentia.
2008 832 2255 888 revidere,
2307 837 2361 880 et
2395 845 2507 881 oum
2552 832 2953 881 annotationibus
2997 828 3353 911 marginalibus

655 902 808 951 etiam
841 900 1100 951 schemata
1133 903 1618 963 demonstrationum,
1655 917 1784 968 quae
1811 903 2051 955 Rheticus
2086 903 2220 954 baud
2258 902 2403 953 dubio
2438 908 2747 966 apposuerat,
2787 902 2875 953 sed
2908 904 2962 952 iu
2996 903 3123 966 typis
3160 900 3353 951 excusis

655 972 1034 1049 exemplaribus,
1083 974 1250 1024 nescio
1296 988 1395 1039 qua
1429 975 1784 1039 incogitantia,
1831 976 2013 1025 omissa
2047 974 2267 1028 fuerant.
2306 973 2505 1023 addere.
2580 972 2633 1025 Si
2668 986 2795 1037 quae
2830 988 2943 1023 vero
2980 974 3031 1023 in
3066 972 3239 1023 iisdem
3272 970 3353 1021 his

651 1032 856 1107 scriptis'
880 1057 913 1094 a
947 1057 1092 1108 scopo
1128 1052 1294 1095 nostro
1331 1046 1568 1098 alieniora.
1591 1046 1868 1103 habentur;
1908 1060 1971 1095 ea
1990 1046 2205 1110 prudens
2230 1046 2411 1095 Lector
2446 1060 2532 1094 suo
2567 1045 2675 1095 loco
2710 1045 2969 1109 relinquat.
3026 1043 3193 1094 Nostri
3228 1056 3349 1092 oan-

653 1114 781 1165 doris
818 1128 926 1165 esse
963 1114 1203 1173 duximus,
1241 1117 1394 1167 etiam
1430 1122 1598 1169 cetera
1633 1116 1738 1175 illa,
1775 1132 1903 1183 quae
1940 1118 1989 1167 in
2029 1117 2292 1180 exemplari
2328 1130 2459 1167 anno
2502 1113 2651 1165 1541.
2704 1116 2939 1167 Basileae
2974 1116 3123 1172 edito,
3160 1114 3350 1165 invoni-

649 1200 794 1242 mus,
833 1200 944 1237 cum
979 1186 1120 1236 titulo
1158 1193 1210 1237 et
1242 1188 1583 1251 praefatione,
1620 1187 1738 1239 licet
1775 1188 1839 1239 ad
1874 1188 2193 1253 principalem
2230 1194 2445 1237 nostrum
2481 1202 2683 1252 scopum
2720 1202 2819 1237 non
2854 1188 3101 1246 facerent,
3140 1186 3353 1237 fideliter

649 1256 903 1307 reddenda
937 1272 1062 1307 esse.

791 1327 1072 1391 Optandum
1099 1336 1265 1380 autem
1289 1335 1439 1387 esset.
1477 1329 1704 1392 alteram,
1737 1344 1887 1395 quam
1924 1331 2180 1395 aliquoties
2218 1330 2395 1381 author
2426 1330 2507 1381 bic
2541 1330 2811 1393 pollicetur.
2848 1329 3197 1380 Narrationem
3228 1340 3350 1393 quo·

650 1412 744 1463 quo
781 1400 1010 1449 emissam
1044 1400 1226 1457 fuiss03
1279 1408 1369 1449 ant
1401 1401 1444 1449 si
1479 1400 1644 1451 forsan
1681 1403 1867 1465 scripta
1900 1403 2096 1466 quidem
2132 1403 2279 1452 fuerit
2293 1438 2307 1462 ,
2359 1402 2448 1451 sed
2484 1400 2662 1451 alicubi
2698 1402 2961 1451 delitescat
3008 1396 3219 1461 (editam
3254 1412 3350 1463 ego

649 1484 748 1519 non
783 1470 908 1527 vidi,
957 1485 1052 1521 nec
1088 1473 1152 1521 ab
1187 1472 1283 1522 alio
1319 1473 1476 1521 visam
1511 1488 1574 1523 ex
1607 1486 1851 1536 quoquam
1884 1471 2129 1535 intellexi)
2164 1474 2319 1524 satius
2358 1479 2505 1529 esset.
2544 1486 2657 1521 eam
2689 1472 2883 1536 publice
2926 1472 3165 1523 utendam
3198 1484 3351 1533 quam

645 1540 699 1589 iu
745 1540 923 1591 abdiu‘s
969 1543 1322 1593 corrodendum
1369 1544 1516 1593 tineis
1567 1544 1786 1593 concedi.
1862 1544 2006 1605 Quod
2049 1546 2180 1595 idem
2228 1544 2290 1594 de
2328 1542 2700 1595 Commentariis
2738 1544 2931 1593 Erasmi
2964 1542 3261 1593 Rheinholdi
3294 1542 3350 1593 in

649 1612 847 1661 eosdem
885 1612 1142 1677 Copernioi
1176 1614 1321 1663 libros
1357 1614 1624 1678 optandum
1661 1620 1794 1675 erat,
1846 1618 1941 1665 nisi
1974 1616 2240 1667 immatura
2274 1619 2381 1678 ejus
2414 1616 2504 1664 viri
2537 1629 2667 1665 mors
2704 1630 2821 1679 opus
2858 1615 3169 1672 inchoatum,
3204 1618 3263 1663 ut
3298 1620 3355 1663 et

646 1682 830 1733 multas
855 1684 980 1733 aliar
997 1681 1318 1748 Reipublicae
1341 1685 1730 1737 mathematicae
1755 1686 2037 1739 utilissimas
2062 1687 2439 1741 lucubrationes
2480 1686 2767 1751 abrupisset.
2822 1686 2915 1745 Tu,
2942 1685 3124 1737 Lector
3148 1684 3349 1749 optime.

646 1754 723 1805 his
759 1754 935 1813 fruere,
975 1755 1138 1807 donec
1167 1762 1324 1807 totum
1361 1772 1502 1807 suum
1538 1756 1808 1809 Uranicum
1842 1758 1919 1809 vel
1958 1758 2236 1809 Cosmieum
2270 1760 2593 1822 opus,cu1us
2626 1758 2709 1807 hio
2742 1758 3060 1808 Ptodromum
3092 1756 3353 1817 habemur,

648 1824 904 1947 {spumei
913 1834 1094 1947 5ιιθιιέιοι
1129 1828 1342 1879 emittat.
1397 1826 1544 1878 Vale.
1602 1831 1785 1879 Actum
1809 1830 2069 1897 Tubingae
2104 1832 2157 1881 in
2188 1824 2395 1881 Musaeo
2429 1834 2613 1886 nostro,
2653 1829 2883 1880 Calendis
2908 1828 3151 1879 Octobris.
3206 1829 3352 1878 Anno

741 1899 840 1947 ntis

789 2037 1123 2103 Keplerus
1159 2040 1314 2091 literis
1349 2040 1602 2093 Maestlini
1639 2038 1709 2106 (p.
1749 2040 1840 2103 24)
1878 2042 2127 2107 respondit
2158 2041 2291 2094 hunc
2326 2042 2377 2093 iu
2413 2043 2641 2116 modum:

822 2146 1050 2226 Accepi
1083 2140 1306 2209 ‘literas
1356 2156 1496 2211 tuas
1543 2150 1909 2231 Praeceptor
1954 2149 2311 2225 clarissime,
2374 2157 2437 2213 et
2492 2150 2799 2230 exemplar
2853 2148 2967 2211 mei
3011 2146 3347 2211 Prodromi.

651 2234 1012 2314 Respondeo
1070 2236 1333 2299 breviter
1387 2238 1610 2301 omissa
1672 2240 1998 2303 honorifica
2051 2238 2504 2303 declamatione.
2607 2240 2869 2301 Primum
2932 2245 3133 2301 errata
3195 2258 3351 2318 quae

649 2323 1060 2399 animadverti,
1111 2344 1376 2407 quaeque
1425 2346 1664 2389 sensum
1705 2329 1969 2403 turbant,
2020 2328 2278 2408 adjunxi.
2355 2328 2421 2391 Si
2468 2329 2593 2391 fieri
2636 2336 2861 2408 potest,
2912 2328 3350 2408 subjungantur

647 2414 947 2491 opuscu10.
1040 2414 1273 2476 Deinde
1320 2416 1392 2477 de
1440 2414 1570 2480 200
1614 2418 2057 2500 exemplaribus
2116 2438 2364 2480 moneo:
2433 2418 2575 2499 quia
2626 2417 3003 2499 typographo
3060 2436 3347 2498 expresse

648 2501 796 2576 dixi,
855 2520 972 2563 non
1015 2520 1196 2582 posse
1243 2524 1336 2567 me
1383 2505 1488 2567 illa
1534 2506 1835 2587 accipere,
1900 2507 2015 2569 nisi
2062 2516 2202 2569 ante
2258 2508 2415 2569 diem
2458 2507 2709 2570 Martini
2758 2506 3107 2568 absolvatur
3154 2524 3347 2585 opus:

647 2610 762 2652 non
822 2590 1026 2653 videor
1081 2593 1292 2655 teneri.
1385 2592 1453 2656 Si
1501 2596 1628 2675 jam
1683 2598 2054 2676 accepissem
2114 2597 2512 2676 exemplaria,
2580 2595 2909 2676 potuissem
2968 2593 3025 2655 in
3086 2595 3347 2657 comitiis

645 2679 1000 2741 distribuere
1045 2680 1201 2743 inter
1245 2700 1543 2761 proceres.
1609 2686 1853 2747 Nullam
1900 2686 2151 2765 amplius
2196 2686 2384 2747 talem
2421 2685 2545 2747 scio
2584 2684 2979 2747 occasionem.
3046 2682 3148 2746 Ad
3192 2684 3345 2746 haec

635 2768 767 2848 jam
812 2789 987 2850 porro
1037 2771 1248 2833 venale
1295 2772 1408 2834 erit
1463 2793 1659 2836 meum
1717 2775 2100 2856 opusculum,
2166 2795 2273 2836 nec
2332 2795 2442 2854 ego
2500 2793 2688 2836 novus
2747 2774 3002 2855 amplius
3064 2793 3165 2835 ero
3214 2793 3349 2836 cum

644 2857 792 2920 meis
840 2859 1307 2938 exemplaribuS,
1365 2861 1704 2944 bibliopolis
1751 2863 2167 2926 invehentibus
2224 2865 2372 2940 alia,
2431 2871 2500 2926 ut
2554 2864 2792 2926 nimium
2852 2863 2963 2925 sim
3011 2861 3342 2926 habiturae.

646 2947 878 3010 Vereor
924 2956 1154 3022 autem,
1213 2956 1282 3011 ut
1336 2949 1394 3012 in
1441 2960 1548 3014 tua
1593 2971 1855 3032 persona
1899 2953 2177 3034 effugium
2224 2961 2491 3033 quaerat.
2585 2952 2653 3014 Si
2699 2961 2763 3015 tu
2810 2953 2869 3016 in
2916 2971 3099 3014 causa
3144 2970 3347 3014 morae

647 3035 833 3110 fuisti,
879 3037 1193 3115 promissis
1239 3039 1434 3116 stab0,
1485 3041 1537 3102 si
1583 3042 1683 3102 ille
1731 3042 1910 3104 aliter
1956 3043 2259 3123 quiescere
2306 3042 2495 3104 nolit:
2544 3042 2813 3123 quamvis
2850 3059 3066 3121 cogere
3094 3061 3187 3103 me
3226 3061 3345 3103 non

643 3125 855 3205 possit.
923 3125 1006 3187 Et
1053 3127 1386 3190 mehercule
1432 3136 1631 3192 metuo
1671 3138 1739 3192 ιιι
1786 3129 1872 3194 50
1909 3131 2116 3193 floreni
2162 3129 2291 3196 200
2320 3131 2757 3212 exemplaribus
2788 3130 3105 3194 sufficiant
3168 3131 3345 3193 Hanc

643 3213 829 3294 igitur
855 3233 983 3276 rem
1011 3222 1204 3278 totam
1234 3215 1341 3279 tibi
1370 3219 1674 3298 permitto,
1726 3219 2003 3302 quicquid
2039 3241 2173 3283 cum
2218 3221 2349 3302 ipso
2393 3229 2608 3301 pactus
2657 3221 2845 3283 amice
2894 3220 3097 3295 fueris,
3145 3227 3347 3282 ratum

644 3302 900 3366 habebo.
977 3303 1156 3368 Alias
1201 3306 1346 3372 mihi
1389 3308 1549 3370 ultra
1595 3305 1682 3372 50
1727 3311 2096 3390 exemplaria
2140 3311 2198 3374 in
2248 3310 2455 3393 Styria
2497 3328 2673 3391 porro
2722 3329 2839 3372 non
2886 3328 3033 3390 opus
3082 3317 3197 3370 est.
3274 3307 3347 3371 Si

643 3393 862 3454 metuis
909 3400 976 3454 ιιι
1022 3393 1210 3473 ipsum
1259 3397 1547 3472 offendas,
1597 3405 1661 3460 et
1705 3399 1816 3460 tibi
1862 3401 2045 3475 obsiS,
2096 3401 2148 3461 si
2186 3400 2326 3482 quid
2374 3409 2609 3462 tuarum
2656 3418 2851 3461 rerum
2896 3399 2979 3460 sit
3024 3399 3347 3480 aliquando

644 3480 1070 3558 excudendum,
1121 3503 1343 3548 excusa
1386 3493 1447 3548 te
1495 3487 1629 3567 ipsi,
1681 3495 1745 3549 et
1789 3489 1917 3551 sine
1964 3507 2059 3552 me
2108 3509 2241 3552 cum
2286 3489 2417 3568 ipso
2453 3488 2697 3569 pacisci.
2770 3489 2929 3552 Nolo
2967 3488 3087 3550 tuis
3130 3489 3346 3550 obesse

642 3571 988 3640 commodis.
1074 3574 1239 3636 Ante
1285 3576 1577 3640 nundinas
1623 3578 1950 3658 paciscere,
2000 3599 2073 3640 ne
2119 3587 2259 3658 post
2305 3597 2380 3640 ex
2426 3585 2643 3639 eventu
2688 3577 3080 3640 nundinarum
3127 3576 3200 3639 de
3248 3596 3344 3638 me

640 3665 892 3722 statuat.
987 3645 1174 3726 Nam
1200 3663 1523 3728 insidiosus
1579 3675 1690 3729 est.
1784 3667 2082 3730 Nuncium
2145 3686 2329 3728 onera
2391 3665 2831 3746 exemplaribus
2895 3667 2953 3728 in
3013 3666 3213 3728 reditu
3270 3687 3347 3730 ex

639 3747 904 3825 Alsatia,
949 3759 1128 3829 prout
1171 3751 1270 3815 ille
1319 3773 1478 3834 aqua
1505 3757 1601 3817 vel
1630 3735 1794 3816 terra
1822 3755 2183 3817 descendere
2214 3755 2565 3829 decreverit,
2616 3765 2900 3837 quantum
2948 3757 3107 3818 ferre
3152 3756 3343 3818 volet.

643 3869 726 3881 -—
753 3837 958 3901 Etiam
1002 3841 1148 3902 illud
1195 3849 1298 3903 tuo
1337 3843 1563 3921 judicio
1608 3845 1912 3923 permitte,
1962 3844 2101 3926 quid
2130 3863 2224 3907 me
2254 3843 2561 3923 Tubiugae
2611 3845 2807 3907 facere
2856 3845 3175 3907 honestum
3220 3844 3340 3906 sit:

641 3927 966 4009 cuicunque
995 3929 1298 4010 exemplar
1329 3932 1586 3994 dandum
1614 3953 1845 4004 censes,
1892 3934 2067 4006 dabo,
2118 3941 2182 3994 et
2220 3934 2349 4014 jam
2378 3933 2508 3996 dari
2536 3951 2643 4014 per
2672 3954 2837 3996 meos
2868 3932 3091 3996 amicos
3132 3934 3340 4014 jubeo.

640 4017 794 4080 Illud
843 4017 1026 4080 etiam
1077 4037 1170 4082 me
1225 4027 1480 4099 gravat,
1545 4041 1659 4103 quo
1725 4022 1919 4084 minus
1974 4019 2107 4086 200
2152 4041 2261 4103 ego
2320 4041 2517 4085 emere
2571 4023 2835 4103 possim,
2898 4024 3055 4105 quod
3099 4022 3347 4086 Rhetici

639 4106 906 4169 narratio
951 4108 1207 4186 pretium
1255 4109 1517 4187 augebit.
1609 4111 1815 4174 Habes
1862 4120 2243 4193 argumenta,
2292 4119 2355 4173 et
2398 4111 2587 4184 vides,
2634 4131 2912 4193 quorsum
2956 4113 3016 4176 in
3062 4113 3345 4192 pactione

640 4194 1074 4275 respiciendum
1129 4197 1228 4258 sit.
1319 4197 1504 4261 Porro
1569 4201 1816 4264 nuncius
1883 4201 1943 4262 in
2007 4201 2306 4263 mandatis
2362 4201 2582 4276 habet,
2650 4209 2719 4264 ut
2770 4199 2849 4264 12
2897 4203 2957 4266 fl.
3006 4201 3345 4282 Marpachii

641 4289 922 4364 acceptos
970 4285 1128 4364 apud
1171 4293 1232 4347 te
1282 4286 1571 4367 deponat,
1623 4298 1684 4352 et
1731 4289 1856 4353 fieri
1902 4297 2136 4370 potest,
2185 4298 2253 4353 ut
2295 4291 2545 4364 Lucius,
2594 4291 2874 4354 Decauus
2912 4291 3340 4372 Waiblingen-

642 4373 758 4446 sis,
813 4371 998 4436 etiam
1042 4374 1266 4456 aliquid
1309 4378 1470 4458 apud
1516 4387 1577 4442 te
1625 4379 1917 4459 deponat,
1976 4379 2037 4442 in
2091 4399 2277 4442 causa
2329 4381 2433 4442 filii
2490 4380 2615 4456 sui,
2676 4381 2774 4461 qui
2820 4381 2915 4442 hic
2962 4387 3073 4442 est.
3166 4379 3345 4461 Rogo

641 4461 949 4566 pecuniam
995 4463 1161 4528 illam
1205 4466 1502 4546 tantisper
1544 4469 1883 4542 custodias,
1932 4469 2067 4532 dum
2116 4470 2254 4551 quid
2300 4489 2375 4531 ea
2418 4470 2546 4532 fieri
2592 4470 2772 4532 velim
2832 4470 3187 4542 rescribam,
3235 4477 3344 4532 aut

641 4551 771 4630 ipse
827 4551 978 4614 forte
1036 4555 1308 4631 veniam,
1364 4555 1495 4618 Deo
1549 4559 1739 4621 vitam
1795 4559 2107 4638 largiente.
2212 4557 2417 4621 Causa
2471 4559 2627 4621 enim
2683 4578 2819 4620 mea
2881 4558 3343 4621 matrimonialis
3412 4555 3415 4560 ’

640 4639 866 4720 pendet
909 4641 966 4704 in
1006 4642 1228 4723 judicio
1277 4645 1705 4710 ecclesiastico.
1801 4646 1870 4709 Si
1916 4648 2143 4722 solvar,
2209 4648 2474 4722 decrevi,
2531 4657 2599 4711 ιιι
2646 4668 2797 4711 nunc
2844 4649 3080 4729 quidem
3127 4648 3345 4720 habeo,

642 4729 720 4790 ad
766 4749 874 4792 vos
929 4732 1157 4794 redire:
1217 4733 1331 4797 nisi
1387 4735 1548 4798 aliud
1603 4736 1937 4800 suaseritis.
2026 4737 2118 4800 De
2167 4738 2459 4801 sumtibus
2518 4738 2893 4800 schematum
2940 4745 3105 4800 tuum
3151 4745 3215 4799 et
3259 4736 3339 4812 D,

639 4817 1034 4882 Hafenrefferi
1079 4831 1211 4885 esto
1259 4824 1414 4888 inter
1456 4845 1549 4888 me
1597 4835 1660 4888 et
1703 4827 2139 4909 typographum
2186 4834 2473 4888 statuere.
2539 4827 2697 4888 Vale
2738 4825 2831 4893 Cl.
2878 4827 2932 4889 d.
2982 4833 3343 4911 praeceptor

639 4925 849 4993 meque
895 4929 1098 4972 amare
1143 4931 1346 4997 perge.
