3634 5575
1453 419 1618 484 eaput
1653 419 1865 471 m-v,
2668 443 2673 448 ·
2900 417 3023 486 129

305 577 460 640 intra
507 579 668 641 orbis
714 579 964 641 Terreni
1013 579 1324 642 ambitum.
1415 583 1622 660 Atque
1669 580 1758 640 sic
1805 579 2097 642 babemus
2146 579 2343 642 obiter
2388 597 2655 651 causam,
2702 599 2808 642 cur
2854 589 3029 642 extra

305 667 548 730 Terram
599 675 724 730 tres
771 675 1126 731 moveantur
1171 668 1477 747 planetae,
1527 670 1689 730 intra
1725 668 1873 728 duo:
1928 687 2077 748 quae
2126 669 2175 730 si
2224 668 2419 730 minus
2466 668 2675 730 lectori
2720 669 3028 747 probatur,

305 755 546 834 cogitet,
598 747 978 820 honorarium
1025 757 1140 818 hoc
1187 776 1345 833 esse,
1393 777 1513 818 non
1539 757 1950 837 praecipuum.
2018 757 2181 820 Nam
2220 757 2337 818 etsi
2378 757 2743 818 nesciremus
2782 775 3030 820 causam

305 844 378 906 ob
423 864 602 925 quam
647 863 832 924 supra
877 845 1126 908 Terram
1173 847 1298 918 (vel
1345 844 1552 908 Solem
1589 844 1957 918 Ptolemaei)
2002 855 2131 906 tres
2178 847 2339 907 irent
2385 847 2620 919 stellae,
2672 849 2874 907 tame'u
2923 865 3028 906 se-

303 933 546 1012 quentia
575 942 810 996 starent
839 953 974 996 cum
1007 935 1533 1015 praecedentibus,
1585 936 1726 1014 quia
1763 933 1937 996 nobis
1974 936 2049 995 de
2100 955 2163 996 re
2212 941 2476 996 constat.
2549 935 2678 997 Nec
2716 935 3031 1015 quisquam

306 1040 562 1102 unquam
609 1022 930 1098 dubitavit,
983 1023 1122 1105 quin
1169 1020 1210 1102 5
1239 1023 1300 1098 ‘li
1329 1031 1380 1093 d
1429 1023 1770 1103 superiores
1818 1021 1961 1086 sint.
2032 1022 2295 1085 Tantum
2323 1022 2471 1084 illud
2501 1030 2841 1084 teneamus:
2898 1041 3030 1084 cum

305 1121 432 1196 tres
481 1112 538 1172 in
589 1109 922 1190 Copernico
970 1113 1254 1192 planetae
1303 1113 1430 1174 sint
1472 1130 1656 1191 supra
1703 1112 1984 1186 Terram,
2042 1119 2317 1192 oportere
2376 1131 2487 1173 nos
2533 1111 2801 1172 ordinem
2852 1112 3031 1172 trium

305 1199 715 1278 primariorum
763 1219 1077 1280 corporum
1123 1201 1366 1271 cubum,
1425 1200 1769 1282 pyramida,
1836 1199 2251 1262 dodecaedron
2300 1208 2475 1262 extra
2520 1200 2726 1262 orbem
2772 1199 3031 1261 Telluris

303 1288 640 1358 collocare,
707 1290 1058 1351 octaedrum
1103 1308 1246 1352 vero
1295 1298 1358 1352 et
1403 1288 1762 1353 icosaedron
1826 1287 2024 1364 intra,
2096 1291 2146 1352 si
2202 1288 2465 1368 palmam
2522 1289 2581 1350 in
2629 1289 2741 1351 hoc
2788 1289 3031 1368 negotio

302 1377 555 1440 velimus
599 1377 897 1440 obtinere.

1489 1482 1654 1492 ...ο-

1481 1607 1721 1708 Caput
1777 1607 1866 1680 V.

557 1765 746 1843 Quod
791 1767 984 1828 cubus
1021 1765 1305 1859 primum
1351 1785 1713 1850 corporum,
1761 1773 1823 1828 et
1864 1767 2031 1829 inter
2076 1763 2423 1828 altissimos
2458 1749 2775 1848 planetae.

483 1907 820 1970 Veniamus
866 1909 1044 1970 modo
1091 1909 1168 1970 ad
1219 1908 1502 1988 primaria
1551 1908 1688 1983 tria,
1741 1927 1969 1988 suaque
1998 1908 2253 1987 singulis
2292 1906 2497 1988 spatia
2530 1907 2884 1969 tribuamus.
2950 1891 3039 1967 Et

310 1993 500 2058 cubus
549 1997 786 2077 quidem
835 1998 911 2058 ad
959 1999 1112 2058 fixas
1159 1999 1640 2078 appropinquare
1689 1997 1913 2072 debuit,
1965 1998 2337 2076 primamque
2364 1997 2831 2076 proportionem,
2876 2013 3035 2082 *quae

315 2086 472 2146 inter
501 2083 830 2148 Saturnum
858 2095 922 2148 et
948 2085 1166 2148 Jovem
1203 2095 1317 2160 est,
1367 2086 1778 2149 constituere:
1831 2086 1971 2165 quia
2018 2086 2375 2164 dignissima
2420 2085 2624 2146 mundi
2670 2102 2815 2162 pars
2863 2091 3039 2145 extra

314 2173 562 2236 Terram
609 2183 750 2236 sunt
795 2176 979 2236 fixae:
1031 2185 1096 2236 ut
1125 2175 1329 2237 circuli
1371 2179 1540 2254 (post
1569 2177 1868 2249 centrum)
1917 2173 2435 2238 circumferentia:
2484 2173 2669 2234 cubus
2716 2191 2859 2234 vero
2904 2172 3035 2250 pri-

311 2282 472 2324 mum
519 2281 736 2343 corpus
783 2263 844 2324 in
892 2283 998 2325 suo
1047 2264 1274 2326 ordine.
1357 2265 1414 2336 1)
1465 2263 1646 2326 Solus
1694 2263 1853 2324 enim
1901 2284 1938 2324 a
1984 2284 2097 2324 sua
2135 2263 2265 2324 basi
2314 2271 2659 2342 generatur,
2707 2280 2843 2322 cum
2890 2261 3037 2322 reli-

312 2370 434 2432 qua
479 2359 734 2432 quatuor
779 2370 896 2412 non
943 2362 1306 2430 generentur
1355 2353 1624 2414 faciebus
1685 2353 1849 2427 suis,
1918 2352 2028 2414 sed
2081 2361 2191 2413 aut
2244 2359 2417 2413 secta
2461 2351 2585 2411 sint
2632 2369 2663 2410 e
2713 2348 2901 2423 cubo,
2968 2355 3037 2410 ut

311 2439 598 2522 pyramis,
646 2440 888 2520 rejectis
937 2437 978 2501 4
1008 2441 1418 2522 pyramidibus
1459 2441 1867 2520 rectangulis:
1918 2449 2025 2502 aut
2072 2448 2269 2514 aucta,
2320 2449 2387 2502 ut
2433 2439 2871 2512 dodecaedron,
2920 2455 3035 2516 ap-

309 2527 528 2608 positis
575 2548 684 2590 sex
727 2529 1100 2609 pentaedriS.
1195 2527 1267 2604 2)
1326 2529 1506 2592 Solus
1569 2529 1626 2592 in
1685 2531 2089 2610 homogeneos
2152 2529 2337 2591 cubos
2404 2528 2532 2590 sine
2588 2527 2875 2606 prismate
2934 2545 3037 2588 re-

311 2617 468 2678 solvi
515 2625 739 2696 potest.
834 2614 904 2690 3)
955 2615 1136 2680 Solus
1187 2627 1284 2680 est
1331 2637 1569 2700 quaqua
1628 2637 1871 2680 versum
1923 2626 1988 2679 et
2044 2617 2131 2679 ine
2150 2623 2275 2679 tres
2324 2616 2591 2679 directas
2640 2615 3039 2677 dimensiones

243 2713 248 2717 ’
311 2705 656 2786 porrigitur.
747 2705 908 2768 Nam
953 2707 1308 2786 reliquorum
1360 2710 1546 2770 facies
1593 2707 1845 2770 inclines
1890 2715 2033 2769 sunt
2078 2715 2141 2768 et
2196 2705 2445 2779 alicubi,
2504 2720 2637 2766 cum
2685 2723 2753 2764 se
2802 2703 3037 2766 duabus

311 2796 560 2859 directis
601 2796 966 2858 sectionibus
1003 2797 1357 2876 praebeant,
1405 2798 1464 2859 in
1511 2798 1741 2878 reliqua
1785 2804 2086 2859 sectorem
2134 2797 2517 2859 frustrantur.
2594 2789 2679 2869 4),
2714 2793 2873 2855 Hinc
2920 2802 3038 2867 est,

313 2886 472 2964 quod
521 2886 686 2947 solus
731 2884 918 2947 habet
963 2892 1060 2947 tot
1105 2887 1321 2955 facies.
1381 2894 1528 2967 quot
1573 2886 1758 2949 habet
1801 2885 2072 2949 ternaria
2118 2884 2409 2947 dimensio
2457 2883 2779 2957 terminos,
2828 2899 3041 2962 nempe

313 2994 454 3049 sex,
505 2981 570 3035 et
617 2975 859 3054 duplum
903 2994 1210 3037 numerum
1259 2976 1544 3049 laterum,
1603 2966 1841 3038 scilicet
1890 2974 2220 3038 duodecim.
2314 2970 2387 3045 5)
2436 2971 2617 3035 Solus
2662 2970 3041 3052 undiquaque

313 3062 504 3125 habet
549 3064 864 3144 aequalem
911 3064 1231 3143 angulum,
1295 3066 1530 3127 scilicet
1595 3073 1847 3128 rectum.
1938 3067 2029 3125 At
2084 3064 2143 3125 in
2210 3062 2521 3144 pyramide
2580 3060 2827 3141 regula,
2886 3076 3043 3140 quae

313 3151 492 3215 sedet
538 3152 813 3214 adhibita
859 3154 1070 3215 mediis
1115 3153 1340 3231 planis,
1393 3155 1732 3233 discrepat,
1783 3154 1835 3215 si
1884 3172 2019 3215 eam
2062 3170 2275 3213 versus
2324 3151 2605 3231 angulum
2652 3149 3041 3229 intorqueas:

312 3258 426 3303 nec
475 3240 650 3303 solidi
701 3241 903 3320 anguli
953 3242 1033 3303 ad
1080 3259 1212 3303 eam
1259 3262 1528 3305 normam
1578 3242 1907 3323 quadrant,
1956 3260 2109 3322 quae
2156 3240 2539 3320 interjectum
2590 3239 2833 3318 longum
2880 3238 3042 3299 late-

313 3330 504 3391 ralem
551 3330 834 3411 angulum
883 3332 1145 3392 metitur.
1241 3327 1312 3406 6)
1370 3332 1526 3393 Hinc
1575 3333 1758 3393 etiam
1815 3331 1927 3392 soli
1982 3330 2305 3409 competit,
2367 3328 2523 3408 qnod
2580 3347 2657 3389 ex
2708 3328 3043 3405 μονοβιβλῳ

311 3417 650 3481 Ptolemaei
697 3419 850 3480 citat
897 3418 1238 3499 Simplicius
1287 3440 1467 3501 super
1510 3420 1706 3482 Arist.
1757 3421 1858 3481 lib.
1905 3419 1954 3480 I.
2007 3419 2080 3480 de
2130 3416 2317 3479 Coelo
2379 3435 2509 3496 cap.
2564 3414 2619 3477 1.
2680 3434 2789 3496 pro
2858 3435 3045 3477 causa

310 3506 702 3589 perfectionis
751 3506 808 3568 in
861 3508 1163 3571 ternario:
1228 3510 1386 3589 quod
1442 3509 1676 3571 scilicet
1728 3527 1845 3569 non
1880 3508 2105 3587 plures
2163 3506 2357 3567 tribus
2403 3506 2587 3567 rectis
2634 3504 3040 3586 perpendicu-

310 3594 544 3659 laribus
591 3596 668 3657 ad
714 3597 912 3659 locum
970 3598 1228 3659 solidum
1284 3598 1342 3659 in
1401 3598 1630 3660 solidos
1686 3604 1885 3659 rectos
1944 3595 2331 3657 dividendum
2377 3610 2729 3656 concurrere
2776 3592 3037 3671 possint.

313 3684 386 3759 7)
433 3682 556 3745 Est
612 3686 938 3749 solidorum
993 3686 1432 3749 rectilineorum
1489 3686 1748 3749 omnium
1807 3684 2314 3765 simplicissimum
2360 3700 2595 3761 corpus.
2689 3678 2869 3751 Quod
2926 3679 3043 3741 etsi

313 3772 374 3835 in
423 3774 732 3855 pyramide
781 3775 1130 3855 ambigitur,
1179 3784 1382 3839 tamen
1435 3796 1508 3838 ex
1553 3794 1624 3837 eo
1676 3775 1853 3837 facile
1900 3773 2223 3846 evincitur,
2286 3772 2445 3852 quod
2487 3769 2820 3853 pyramidis
2870 3787 3043 3829 men-

313 3882 462 3925 sura
508 3863 696 3925 cubus
743 3871 856 3939 est,
907 3883 1248 3927 mensuram
1295 3873 1499 3927 autem
1541 3865 1803 3945 priorem
1852 3881 1987 3923 esse
2034 3861 2335 3923 convenit.
2421 3860 2711 3921 Mensura
2756 3875 2897 3918 vero
2946 3864 3045 3917 est

313 3970 438 4014 non
485 3959 717 4013 tantum
768 3972 842 4013 ex
888 3952 1168 4016 instituto
1215 3954 1553 4028 hominum,
1613 3954 1712 4034 qui
1767 3952 2049 4033 quicquid
2096 3949 2421 4011 solidorum
2480 3948 2842 4020 metiuntur,
2908 3946 3041 4026 ejus

313 4040 728 4122 quantitatem
773 4042 832 4102 in
882 4042 1085 4121 parvis
1133 4042 1393 4105 cubiscis
1440 4042 1782 4122 concipiunt
1838 4041 2072 4109 animo,
2138 4040 2246 4101 sed
2302 4038 2491 4099 multo
2550 4036 2745 4115 magis
2803 4042 3041 4095 natura.

313 4128 551 4192 Rectus
598 4130 754 4191 enim
801 4130 1055 4207 angulus
1103 4132 1371 4211 aequalis
1421 4139 1519 4193 est
1565 4130 1760 4205 alteri,
1812 4146 2064 4209 quocum
2108 4127 2169 4189 in
2207 4128 2449 4207 planum
2488 4123 2849 4188 extenditur.
2924 4121 3045 4183 Est

316 4219 504 4299 igitur
549 4226 842 4300 perpetuo
891 4219 1005 4281 sibi
1053 4220 1324 4301 aequalis
1371 4220 1513 4300 ipsi,
1576 4228 1756 4300 atque
1806 4219 1957 4280 adeo
2004 4234 2183 4290 unua,
2245 4222 2576 4277 ceterorum
2622 4213 2895 4292 utrinque
2942 4209 3041 4271 in-

315 4308 472 4370 finiti
517 4316 680 4370 sunt.
773 4308 1122 4371 Mansuram
1169 4317 1372 4371 autem
1418 4310 1596 4371 decet
1641 4327 1818 4370 unam
1867 4315 1931 4368 et
1976 4306 2267 4379 eandem,
2332 4311 2512 4383 atque
2568 4301 2755 4363 etiam
2812 4299 3045 4361 finitam

316 4414 478 4459 esse.
573 4394 646 4470 8)
694 4396 848 4457 Hinc
897 4406 1021 4459 tam
1070 4399 1362 4461 foecunda
1409 4406 1507 4459 est
1551 4397 1702 4460 recti
1747 4397 1807 4458 in
1858 4394 2141 4457 circulum
2188 4392 2518 4473 inscriptio,
2570 4391 2697 4451 sine
2746 4408 2859 4468 quo
2909 4406 3041 4449 me-

317 4487 528 4549 diante
575 4504 688 4547 nec
735 4486 1098 4565 triangulum
1145 4506 1256 4549 nec
1303 4486 1808 4568 quinquangulum
1855 4503 1967 4546 nec
2014 4485 2092 4545 ab
2140 4482 2228 4544 eis
2278 4483 2555 4547 derivata
2598 4478 2845 4541 inscribi
2889 4495 3041 4558 pos-

317 4582 478 4637 sunt.
495 4576 550 4647 ⁸)
628 4570 700 4647 9)
748 4572 871 4637 Sed
903 4594 1094 4657 neque
1125 4576 1271 4639 illud
1309 4576 1810 4656 praetereundum
1856 4573 2011 4655 qnod
2067 4570 2511 4651 perfectissimo
2557 4567 2805 4629 animali
2849 4567 3041 4629 solers

313 4671 540 4725 natura
583 4682 693 4723 sex
739 4663 988 4725 easdem
1035 4670 1336 4737 ὄιαςασεις
1379 4662 1816 4746 perfectissime
1865 4660 2159 4735 attribuit,
2208 4678 2325 4721 non
2365 4658 2616 4719 obscuro
2665 4662 3037 4735 argumento,

317 4770 499 4833 quam
545 4751 658 4813 hoc
706 4769 922 4831 corpus
967 4770 1153 4833 penes
1201 4754 1366 4816 illam
1413 4754 1496 4815 sit
1542 4754 1602 4814 in
1647 4750 1863 4831 preti0.
1956 4750 2117 4813 Nam
2162 4748 2337 4810 homo
2397 4746 2524 4826 ipse
2582 4745 2823 4825 quidam
2872 4742 3041 4825 quasi

315 4841 507 4903 cubus
555 4849 688 4916 est,
747 4840 807 4902 in
856 4860 971 4921 quo
1016 4862 1128 4907 sex
1173 4844 1344 4923 quasi
1389 4844 1609 4923 plagae
1655 4847 1834 4916 suut,
1890 4856 2109 4919 supera
2130 4886 2146 4915 ‚
2204 4834 2435 4909 infera,
2492 4834 2733 4911 antica,
2782 4832 3040 4929 postica,

317 4930 567 5005 dextra,
615 4928 884 4991 sinistra.

463 5034 642 5087 Kopion
669 5034 810 5087 opor·
833 5034 868 5079 1.
2582 5024 2617 5087 0
2662 5084 2667 5089 ⁸
