3634 5575
1381 401 1444 454 de
1475 402 1624 454 rebus
1659 402 1983 468 utrologicis.
2906 396 3035 465 385

331 559 600 634 effectus,
649 558 904 622 tristitia
933 561 1164 636 cordis3
1213 568 1276 623 et
1303 569 1499 624 metus
1529 570 1642 638 est,
1694 581 1768 623 ne
1799 561 2115 624 adolescat
2144 559 2251 623 illa
2278 559 2335 621 in
2367 559 2749 622 crocodilum.
2845 558 3039 620 Deum

333 669 537 724 exora,
587 655 654 711 ut
700 658 761 711 te
809 658 1054 712 tueatur
1099 651 1179 712 ab
1225 651 1456 712 artibus
1503 649 1794 725 Satanae,
1847 649 1947 730 qui
1991 649 2229 712 vitiosis
2276 647 2617 711 humoribus
2666 648 2824 708 solet
2872 647 3041 709 abuti

337 745 400 799 et
446 738 790 818 hujusmodi
837 738 1132 801 bestiolas
1179 739 1402 815 fovere,
1453 739 1508 800 si
1552 740 1708 801 forte
1753 757 1865 818 per
1909 757 2015 800 eas
2060 737 2328 802 taedium
2358 735 2521 799 vitae
2566 735 2863 798 instillare
2891 754 3041 815 pos-

329 828 414 888 sit
446 827 547 907 pio
595 835 659 888 et
705 827 934 890 afflicto
980 827 1226 890 homini.
1319 827 1514 901 Scito,
1562 828 1817 891 eandem
1862 828 2209 900 bestiolam,
2253 826 2318 888 id
2364 834 2463 888 est
2511 825 2785 887 rosiones
2834 823 3041 885 orificii

333 915 653 978 ventriculi
717 923 780 977 et
824 935 919 977 me
969 917 1170 978 fovere
1210 917 1502 998 jejunum,
1551 936 1700 997 quas
1729 916 1941 979 crebro
1990 917 2165 996 ejicio
2214 914 2561 977 eructando.
2654 912 2805 975 Sum
2840 919 3045 974 autem

336 1013 404 1066 et
452 1023 563 1084 ego
612 1003 1102 1067 melancholicus.
1196 1005 1532 1086 conjugem
1567 1005 1726 1068 inter
1772 1014 1945 1068 astra
1989 1024 2107 1068 non
2152 1005 2421 1066 invenies
2441 1022 2461 1078 ς
2509 1002 2699 1064 Terra
2715 1001 2895 1082 parit
2928 1001 3041 1063 hoc

335 1113 524 1174 genus
572 1093 870 1155 animaliS.
963 1095 1233 1156 Fortuna
1278 1096 1516 1174 generis
1564 1103 1662 1157 est
1705 1094 2084 1158 vocabulum.
2177 1093 2295 1156 Illa
2338 1090 2702 1154 naturaliter
2760 1109 2878 1150 non
2924 1089 3043 1151 nisi
3126 1143 3145 1162 ,

332 1183 526 1245 tribus
573 1182 668 1244 his
715 1181 966 1243 vinculis
1017 1205 1056 1244 a
1101 1185 1270 1245 coelo
1319 1192 1416 1246 est
1465 1203 1656 1246 nexa:
1707 1183 1929 1256 animi,
1995 1182 2265 1264 corporis
2312 1181 2583 1262 gratioso
2630 1178 2867 1252 habitu,
2928 1197 3043 1258 quo

343 1270 718 1334 fascinentur
762 1271 835 1343 ii,
899 1288 1086 1349 penes
1135 1291 1284 1351 quos
1331 1280 1430 1334 est
1471 1280 1750 1352 potestas
1805 1271 2132 1352 ampliandi
2178 1279 2345 1333 tuam
2393 1271 2723 1342 fortunam,
2790 1267 3043 1346 denique

335 1360 512 1440 genio
571 1361 840 1421 tutelari.
933 1359 1021 1421 Et
1077 1361 1216 1440 quia
1275 1361 1509 1424 animus
1557 1362 1666 1423 tibi
1713 1360 2075 1424 naturaliter
2136 1368 2231 1422 est
2284 1357 2625 1433 subtristiS,
2694 1364 3087 1418 contemnes,

337 1448 540 1509 omnia
576 1448 777 1510 media
825 1448 1100 1510 fortunae
1149 1449 1628 1529 amplificandae,
1679 1468 1832 1531 quae
1881 1449 1983 1512 alii
2030 1448 2292 1530 probant
2334 1455 2397 1510 et
2426 1451 2871 1508 consectantur.
2946 1445 3041 1506 De

335 1536 548 1599 habitu
597 1536 866 1618 corporis
903 1536 1031 1617 ipse
1071 1537 1302 1617 judica.
1399 1539 1468 1602 Si
1528 1558 1786 1619 namque
1834 1557 1929 1600 me
1968 1557 2083 1601 non
2132 1557 2199 1598 es
2246 1534 2649 1615 corpulentior
2694 1541 2759 1598 et
2803 1531 3046 1614 gravior

336 1627 524 1702 vulta,
574 1644 876 1706 nunquam
923 1625 1032 1687 fies
1080 1628 1308 1689 consul.
1403 1629 1470 1688 In
1519 1646 1740 1706 genere
1788 1647 1956 1690 erras
2004 1647 2136 1688 cum
2182 1625 2449 1688 maxima
2474 1625 2785 1685 doctorum
2832 1621 3043 1684 multi:

338 1715 565 1789 tudine,
614 1714 988 1789 existimans,
1038 1735 1078 1776 a
1121 1715 1292 1777 coelo
1340 1715 1522 1778 fluere
1569 1735 1767 1778 rerum
1815 1722 2089 1778 eventus.
2182 1709 2343 1778 Illud
2386 1730 2529 1774 vero
2576 1711 2757 1791 plane
2802 1717 3045 1790 praeter

340 1804 534 1865 lucem
583 1804 660 1865 ad
707 1822 817 1865 nos
863 1801 1011 1864 nibil
1059 1804 1355 1880 demittit3
1421 1804 1623 1866 anima
1669 1805 1806 1882 (seu
1853 1804 2053 1884 potius
2101 1803 2259 1876 vita)
2308 1809 2435 1877 est,
2502 1819 2683 1880 quae,
2751 1806 3041 1862 nascente

339 1891 594 1968 homine,
643 1891 842 1954 influit
886 1890 946 1953 in
992 1892 1149 1954 hanc
1197 1893 1369 1974 quasi
1418 1895 1668 1956 formam
1717 1893 2021 1956 radiorum
2068 1892 2433 1967 sideralium,
2481 1889 2570 1952 sic
2618 1889 2714 1950 vel
2761 1889 2848 1950 sic
2896 1906 3045 1949 con-

337 1983 732 2061 figuratorum
803 1980 862 2042 in
923 1989 1145 2060 puncto
1201 1982 1512 2045 nascentis
1576 1981 1855 2045 hominis.
1949 1980 2018 2043 Si
2074 1979 2464 2060 configuratio
2528 1985 2626 2040 est
2678 1975 3046 2047 harmonica,

335 2069 650 2150 pulchram
697 2070 952 2131 formam
997 2070 1371 2133 nanciscitur
1418 2071 1653 2134 animus
1701 2071 1798 2134 vel
1848 2071 2125 2133 animalis
2176 2069 2459 2144 facultas,
2505 2085 2759 2146 eamque
2796 2064 3043 2134 retinet,

341 2179 519 2240 quam
565 2159 667 2220 diu
715 2167 812 2221 est
856 2158 914 2220 iu
967 2178 1238 2239 corpore,
1286 2159 1548 2222 fabricat
1589 2159 1775 2240 igitur
1803 2167 1868 2220 et
1895 2158 2206 2240 pulchrum
2246 2157 2359 2219 sibi
2399 2154 2782 2230 domicilium,
2830 2153 3049 2234 figurat

335 2248 580 2323 vultum,
632 2255 700 2308 ut
745 2267 934 2310 causa
977 2248 1311 2328 adjuvans3
1361 2247 1572 2329 quibus
1621 2247 1853 2310 duobus
1884 2248 2092 2310 fulcris
2123 2245 2248 2308 dixi
2285 2245 2398 2307 niti
2432 2243 2689 2306 hominis
2720 2243 3043 2317 fortunam,

251 2397 256 2400 .
339 2337 500 2417 quod
547 2337 932 2418 praecipuam
979 2337 1110 2417 ejus
1158 2337 1563 2400 conditionem
1625 2338 1871 2400 attinet.
1962 2337 2123 2401 Nam
2178 2342 2429 2396 eventus
2492 2332 2919 2413 particulares,
2986 2331 3047 2390 in

289 2450 298 2469 ¹
343 2425 562 2507 quibus
609 2425 716 2487 illa
763 2425 1100 2488 consistere
1145 2426 1402 2502 videtur,
1453 2435 1596 2489 sunt
1639 2426 1699 2488 in
1745 2433 2055 2507 potestate
2101 2424 2248 2497 Dei,
2314 2413 2377 2485 et
2436 2422 2569 2502 ejus
2634 2420 2935 2503 permissu
2986 2419 3049 2480 in

337 2521 654 2596 potestate
698 2514 860 2595 genii
906 2514 1205 2585 tutelaris,
1255 2523 1318 2578 et
1363 2514 1651 2578 divinitus
1699 2515 2125 2595 gubernantur.
2218 2513 2475 2576 Animus
2519 2528 2691 2582 vero,
2735 2515 2917 2588 prout
2952 2516 3051 2568 est

345 2609 754 2684 comparatus,
804 2603 894 2665 ita
938 2603 1015 2666 iis
1063 2603 1234 2666 novit
1278 2604 1385 2680 uti,
1437 2611 1501 2666 et
1548 2603 1705 2684 quod
1751 2603 1909 2664 male
1956 2601 2192 2677 cecidit,
2242 2601 2450 2677 lenire,
2500 2606 2606 2661 aut
2660 2599 2845 2660 etiam
2893 2596 3052 2678 quod

346 2693 505 2754 bene
552 2691 793 2767 cecidit,
845 2711 1024 2773 aegre
1073 2693 1388 2774 accipere,
1457 2693 1658 2773 inique
1703 2694 1999 2766 tolerare,
2047 2700 2112 2753 et
2156 2690 2245 2753 sic
2292 2709 2463 2752 suam
2508 2688 2647 2750 inde
2694 2686 2808 2748 sibi
2855 2685 3047 2748 fabri-

343 2801 484 2845 care
526 2782 846 2845 fortunam.
941 2779 1204 2845 Genesis
1260 2790 1367 2845 tua
1411 2781 1651 2845 videtur
1705 2781 1816 2844 tibi
1864 2802 1939 2845 ex
1985 2780 2245 2862 quadam
2290 2779 2491 2861 gratia
2534 2776 2737 2838 vultus
2804 2782 2869 2837 et
2914 2794 3047 2838 mo-

341 2890 492 2945 rum,
543 2878 651 2933 aut
695 2878 860 2933 certe
911 2890 986 2932 ex
1032 2871 1552 2935 commiseratione
1601 2879 1666 2934 et
1710 2870 2156 2934 existimatione
2186 2869 2433 2951 pietatis
2480 2864 2752 2948 polliceri
2783 2865 3049 2926 favorem

342 2960 664 3033 homiuum,
713 2960 776 3021 id
825 2965 923 3021 est
965 2960 1280 3039 pulchram
1329 2962 1666 3036 fortunam;
1711 2960 1872 3042 quia,
1920 2968 1990 3022 ut
2016 2960 2173 3021 male
2220 2959 2489 3020 habeant
2534 2954 2739 3029 ceteri,
2790 2958 3049 3015 atcerte

335 3048 577 3128 Jupiter
621 3047 681 3110 in
729 3048 926 3111 medio
975 3048 1128 3110 coeli
1175 3057 1322 3124 stat,
1373 3057 1664 3133 quantum
1709 3068 1784 3111 ea
1830 3048 1945 3124 die,
1994 3049 2113 3110 imo
2160 3066 2233 3110 eo
2264 3064 2439 3118 anno,
2485 3044 2818 3125 pervadere
2854 3040 3054 3122 potuit

341 3138 712 3218 altissimusg
759 3157 902 3199 nam
947 3138 1364 3218 capricornum
1408 3158 1480 3201 eo
1531 3158 1686 3201 anno
1735 3139 1955 3214 tenuit,
2024 3138 2261 3217 signum
2308 3134 2723 3197 humillimum.
2818 3130 3051 3211 Estque

337 3227 745 3307 configuratus
793 3226 1022 3289 Veneri
1068 3226 1401 3307 triangulox
1457 3227 1767 3290 invenient
1810 3227 1996 3309 igitur
2038 3226 2101 3287 in
2148 3232 2210 3288 te
2259 3223 2515 3286 feminae
2572 3221 2732 3302 quod
2784 3219 3047 3300 placeat,
3104 3282 3111 3289 ,

337 3315 494 3377 unde
541 3315 828 3396 conjicio,
895 3315 1119 3378 habere
1183 3324 1247 3378 te
1300 3335 1482 3396 posse
1549 3317 1810 3397 aliquam
1866 3314 2173 3395 optionem
2226 3314 2386 3375 inter
2433 3313 2626 3375 lectas
2673 3308 2939 3387 virgines
2988 3315 3052 3368 et

339 3412 669 3482 matronas,
719 3406 923 3485 itaque
971 3404 1260 3484 possibile
1309 3424 1467 3480 esse,
1513 3412 1584 3467 ut
1628 3404 1776 3467 felix
1822 3403 2195 3466 nanciscaris
2240 3400 2599 3480 conjugium.
2693 3398 2784 3460 At
2838 3404 3051 3460 contra

339 3492 450 3557 Sol
495 3494 686 3556 habet
731 3492 1064 3557 Saturnum
1111 3502 1564 3557 antecessorem
1609 3494 1670 3556 in
1701 3492 1905 3556 sextili
1932 3492 2172 3567 Martis,
2220 3490 2376 3551 unde
2416 3487 2691 3567 conjicio,
2740 3493 2803 3548 te
2831 3486 3051 3547 nemini

337 3583 536 3646 minus
571 3584 836 3663 placere,
886 3602 1064 3663 quam
1093 3583 1205 3645 tibi
1232 3582 1368 3663 ipsi,
1419 3584 1576 3644 unde
1607 3582 1922 3656 timiditas,
1974 3582 2175 3643 vultus
2204 3576 2506 3651 demissi0,
2554 3583 2624 3637 ut
2653 3592 2770 3637 non
2800 3574 3050 3647 audeas,

333 3673 480 3749 etsi,
528 3672 765 3752 quando
813 3671 1030 3747 audes,
1077 3672 1334 3734 tristitia
1379 3672 1616 3734 oculum
1659 3678 1912 3733 naturae
1961 3666 2337 3742 occaecavit,
2402 3673 2471 3728 ut
2487 3664 2835 3745 ,genuinam
2882 3669 3049 3723 tuam

341 3780 464 3823 non
509 3779 831 3842 agnoscas,
877 3761 940 3822 in
988 3779 1248 3841 persona
1295 3764 1500 3823 erres:
1527 3759 1697 3840 ,quod
1744 3760 1796 3820 si
1835 3760 2022 3821 semel
2050 3756 2354 3839 repulsam
2379 3754 2637 3837 patiaris
2685 3750 2875 3832 (quod
2909 3749 3052 3811 novi

340 3850 488 3913 nihil
532 3850 738 3926 habet,
785 3848 905 3910 nisi
953 3857 1250 3929 quatenus
1298 3847 1728 3912 melancholico
1775 3848 1867 3910 ita
1894 3848 2197 3921 videtur),
2234 3846 2365 3926 jam
2402 3862 2579 3925 porro
2610 3840 2876 3905 timidior
2904 3840 3048 3902 red-

345 3940 526 4014 ditus,
575 3938 931 4019 desperabis
979 3940 1306 4001 secundam
1351 3938 1736 4019 interpellare
1780 3938 1963 4018 paulo
2010 3934 2431 4017 splendidioris
2469 3933 2767 3995 fortunae.
2859 3928 3051 4009 Atqui

339 4028 671 4090 laxandum
716 4034 816 4089 est
858 4034 990 4090 rete
1035 4027 1253 4089 iterum
1301 4035 1482 4107 atque
1528 4028 1766 4102 iterum,
1816 4025 1935 4089 etsi
1964 4045 2085 4087 uua
2111 4030 2287 4087 nocte
2328 4022 2476 4085 nihil
2506 4018 2768 4100 ceperis:
2820 4017 3052 4080 animus

339 4116 730 4193 attollenduS,
779 4116 1086 4177 exuendus
1132 4124 1470 4179 contemtus
1515 4116 1620 4189 tui,
1672 4115 1813 4195 quia
1858 4116 1913 4177 is
1958 4114 2216 4176 vitiosus
2260 4112 2322 4173 in
2370 4118 2431 4172 te
2479 4118 2593 4181 est,
2637 4108 2819 4187 idque
2865 4106 2927 4166 in
2956 4105 3053 4166 his

343 4205 647 4280 externis3
705 4222 847 4266 nam
894 4204 968 4267 de
1017 4204 1252 4267 actione
1311 4224 1442 4267 cum
1488 4204 1620 4266 Deo
1669 4205 1799 4284 jam
1856 4222 1971 4264 non
2030 4204 2257 4282 loquor.
2351 4198 2632 4281 Inprimis
2697 4194 3048 4267 cavendum,

343 4314 418 4357 ne
464 4301 528 4357 te
576 4312 748 4356 amor
793 4300 1097 4367 occaecet,
1147 4293 1247 4375 qui
1297 4294 1454 4357 solet
1499 4312 1636 4355 esse
1683 4294 1741 4354 in
1789 4290 2241 4353 melancholicis
2287 4288 2543 4357 delirus,
2596 4292 2659 4347 et
2705 4284 2805 4364 qui
2851 4281 3051 4344 sobrio

333 4383 560 4464 judicio
609 4384 682 4445 de
731 4381 1010 4463 personis
1059 4390 1124 4443 et
1172 4382 1616 4445 conditionibus
1675 4380 2100 4448 consectandis
2175 4386 2239 4440 et
2283 4378 2523 4459 optione
2586 4373 2866 4436 habenda
2910 4371 3051 4451 plu—

337 4473 552 4536 rimum
595 4479 838 4535 noceat.
934 4470 1058 4533 Sed
1102 4470 1297 4546 video,
1347 4479 1583 4551 tempus
1631 4470 1853 4543 abisse,
1904 4488 2017 4550 quo
2066 4468 2223 4531 solet
2270 4486 2435 4528 amor
2472 4482 2707 4527 nocere.
2800 4460 3055 4523 Interim

341 4560 580 4625 sextilis
625 4558 668 4639 15
718 4567 784 4622 et
827 4566 907 4635 d,
961 4556 1042 4636 Θ
1091 4578 1222 4622 cum
1269 4555 1311 4640 ij
1359 4560 1629 4622 laborem
1677 4567 1739 4620 et
1785 4557 2163 4637 diligentiam
2201 4564 2435 4630 notant,
2484 4572 2637 4634 quae
2666 4558 2810 4613 sunt
2853 4548 3055 4613 media

341 4651 422 4713 ad
469 4650 746 4713 fortunae
795 4649 1092 4728 quendam
1139 4666 1500 4710 successum.
1593 4650 1648 4721 D
1701 4647 1779 4710 ad
1805 4641 1848 4726 15
1899 4647 2100 4708 veniet
2147 4644 2368 4708 aetatis
2407 4638 2511 4706 56.
2552 4639 2810 4716 circiter,
2862 4636 2942 4715 Θ
2974 4638 3055 4699 ad

337 4732 490 4809 [ld
536 4736 763 4801 aetatis
810 4734 949 4811 21„
997 4736 1074 4799 ad
1123 4742 1180 4807 >le
1208 4733 1250 4815 ij
1299 4745 1362 4800 et
1407 4742 1480 4807 Δ
1517 4744 1570 4807 ο*
1617 4736 1756 4798 anni
1795 4732 1899 4797 51.
1950 4733 2071 4810 533
2120 4734 2453 4797 ascendens
2501 4731 2578 4792 ad
2608 4722 2680 4795 C]
2713 4737 2763 4799 ὅ
2803 4747 2958 4791 anno
2987 4723 3051 4799 8,

340 4830 419 4891 ad
465 4832 539 4898 Δ
565 4824 607 4909 ij
656 4836 722 4890 et
767 4832 824 4896 ³1<
854 4833 907 4896 ο*
951 4844 1005 4888 c.
1056 4822 1162 4890 29.
1211 4822 1297 4889 30
1347 4826 1592 4888 aetatiS.
1685 4824 1810 4888 Sed
1856 4822 1952 4885 hic
2011 4824 2197 4887 horae
2245 4820 2547 4903 quadrans
2593 4818 2813 4881 vitiose
2869 4836 3050 4898 prae-

347 4918 568 4981 teritus
612 4912 657 4978 4
704 4925 896 4979 annos
941 4914 1148 4979 efficit.
1239 4914 1323 4978 Hi
1370 4916 1610 4979 fuerunt
1655 4913 1796 4977 anni
1822 4911 2339 4996 periculosissimi.
2436 4908 2650 4992 Spero,
2698 4908 2761 4972 in
2790 4925 3051 4989 sequen-

443 5018 624 5072 topi-11
650 5020 796 5070 opor·
815 5020 850 5063 1.
2562 4998 2657 5067 25'
