3634 5575
575 403 662 471 46
1763 391 2083 457 Prooemium.

575 567 656 630 qui
695 580 816 616 sane
853 567 1088 631 perpauci
1127 562 1280 629 (quod
1309 564 1570 615 dolendum
1611 562 1713 629 est)
1753 566 1984 623 existunt,
2024 564 2257 627 experior,
2293 570 2351 614 ut
2386 564 2509 615 certi
2542 563 2659 628 quid
2693 566 2745 613 in
2779 564 2857 613 his
2892 560 3055 627 quoad
3089 562 3285 613 licuerit

575 643 839 687 statuatur.
898 638 977 687 Ad
1011 638 1186 687 ultima
1223 638 1318 687 dno
1353 638 1664 687 luminarium
1701 636 1929 701 deliquia,
1968 650 2097 699 quae
2132 637 2183 686 in
2206 636 2469 685 Februario
2506 634 2719 699 proxime
2758 636 2925 698 elapso
2956 634 3283 699 contigerunt,

574 715 626 757 te
663 708 833 758 sedulo
871 708 1146 758 attendisse
1183 723 1280 757 non
1321 709 1486 759 dubito
1505 743 1518 766 ,
1565 720 1715 772 quare
1753 722 1920 757 eorum
1957 708 2110 756 etiam
2144 714 2396 757 momenta
2430 714 2483 757 et
2517 705 2697 770 pheses
2730 706 2878 756 isthic
2914 705 3284 755 animadversas

573 780 758 828 indica.
832 778 1010 829 Lunae
1045 779 1238 843 eclipsis
1275 794 1403 845 quae
1441 778 1525 827 11.
1568 783 1672 841 ejus
1705 781 1889 830 mensis
1926 779 2007 827 die
2040 779 2265 844 contigit,
2300 778 2383 828 hic
2417 778 2500 827 ubi
2534 778 2673 842 polus
2710 778 2932 827 elevatur
2968 770 3067 825 53⁰
3102 772 3283 837 35¹5,

573 852 864 914 principium
890 852 1080 908 habuit,
1118 852 1313 915 quando
1339 852 1556 914 superior
1581 850 1755 900 Lunae
1791 850 1967 899 limbus
2005 850 2325 899 attollebatur
2360 863 2508 913 supra
2540 848 2844 899 horizontem
2880 845 2978 895 ²4⁰
3008 846 3127 907 fere,
3166 846 3282 896 hinc

573 930 766 985 tempus
803 923 1024 985 provenit
1060 920 1278 971 adhibito
1314 924 1415 971 viso
1450 921 1559 973 loco
1597 921 1772 972 Lunae
1819 922 1965 985 juxta
2008 930 2229 970 nostram
2263 922 2623 970 restitutionem
2660 927 2713 971 et
2746 921 3092 969 refractionum
3127 920 3281 981 impe·

575 992 791 1042 dimento
828 994 1020 1043 sublato
1057 992 1104 1044 h.
1135 992 1183 1041 4.
1214 992 1296 1042 14·
1335 1000 1448 1057 post
1481 993 1697 1043 mediam
1733 1000 1931 1042 noctem
1956 993 2353 1041 antecedentem.
2410 992 2543 1041 Finis
2583 991 2782 1057 deliquii
2814 992 2947 1040 infra
2980 990 3284 1039 horizontem

575 1066 753 1113 evenit.
811 1062 934 1113 Visa
979 1072 1146 1114 autem
1183 1072 1260 1113 est
1283 1064 1431 1115 Luna
1465 1065 1616 1113 ferme
1651 1070 1764 1113 tota
1799 1063 2047 1118 offuscari.
2080 1062 2305 1114 minima‘
2323 1066 2429 1125 ejus
2464 1062 2773 1127 portiuncula
2810 1064 2873 1113 ab
2900 1062 3077 1111 umbra
3100 1060 3285 1109 Terrae

572 1134 729 1185 libera
765 1136 1022 1185 existente.
1099 1134 1225 1185 Solis
1262 1136 1534 1199 eclipsatio,
1573 1148 1702 1199 quae
1739 1132 1825 1183 25.
1864 1135 1943 1184 die
1980 1135 2193 1194 accidit,
2232 1134 2311 1185 hic
2349 1142 2587 1199 quantum
2624 1137 2753 1183 inter
2786 1140 3093 1184 recurrentes
3128 1132 3285 1181 nubes

577 1207 967 1257 animadvertere
1001 1206 1168 1263 licuit,
1217 1208 1411 1256 initium
1459 1206 1633 1256 habuit
1667 1207 1718 1255 h.
1764 1204 1811 1255 9.
1842 1204 1927 1254 520
1968 1220 2014 1255 a.
2052 1220 2119 1255 m.
2138 1240 2151 1260 ,
2205 1221 2293 1270 per
2336 1206 2550 1255 armillas
2598 1207 2909 1271 aequatorias
2948 1202 2979 1252 6
3016 1203 3195 1267 pedum
3232 1203 3287 1252 in

576 1277 814 1327 diametro
854 1278 993 1335 (nam
1029 1280 1358 1329 instrumenta
1391 1292 1506 1327 mea
1542 1280 1874 1328 astronomica
1916 1276 2013 1327 huc
2058 1278 2110 1325 in
2146 1278 2465 1327 Germaniam
2507 1293 2541 1345 ⁸e
2580 1277 2776 1335 Dania,
2824 1283 2885 1325 ut
2928 1276 3152 1325 conscius
3196 1274 3283 1331 sis,

575 1345 832 1409 transtuli)
868 1350 1100 1412 temporis
1135 1358 1388 1399 momenta
1426 1349 1721 1399 denotando.
1795 1348 2015 1399 Medium
2050 1352 2161 1410 ejus
2202 1351 2277 1397 uti
2324 1364 2482 1413 neque
2528 1349 2678 1398 finem
2725 1349 2787 1398 ob
2834 1346 3185 1399 crassiusculas
3232 1351 3286 1395 et

577 1422 837 1470 continuas
873 1420 1032 1470 nubes
1069 1420 1454 1470 intervenientes
1489 1421 1772 1484 conspicere
1809 1436 1907 1469 non
1942 1420 2167 1469 dabatur.
2226 1419 2535 1469 Conveniunt
2570 1420 2697 1469 haec
2733 1426 2957 1483 tempora
2988 1420 3041 1466 in
3074 1424 3285 1481 utraque

579 1492 744 1553 eclipsi
783 1492 905 1540 satis
940 1492 1162 1555 praecise
1201 1506 1312 1541 cum
1347 1499 1514 1541 nostro
1551 1492 1886 1556 redintegrato
1932 1491 2147 1545 calculo.
2186 1506 2247 1540 ex
2286 1488 2353 1538 18
2390 1490 2666 1541 Lunai-ibus
2704 1497 2757 1540 et
2794 1487 2825 1538 6
2864 1489 3113 1539 solaribus
3148 1490 3282 1553 prius

575 1562 816 1611 subtiliter
862 1563 1109 1611 denotatis
1161 1563 1557 1626 eclipsationibus
1606 1563 1872 1626 depromto.
1956 1560 2025 1611 Ut
2065 1560 2133 1632 gie
2180 1562 2289 1612 aliis
2334 1562 2451 1612 hinc
2494 1564 2609 1613 inde
2656 1574 3011 1626 saepenumero
3060 1560 3287 1624 expensis

575 1634 826 1682 amborum
863 1632 1174 1683 luminarium
1209 1632 1503 1683 m‘otionibus
1553 1633 1650 1683 huc
1696 1635 1849 1683 etiam
1900 1634 2283 1683 conducentibus
2333 1634 2455 1683 nihil
2491 1634 2687 1683 addam.
2766 1632 3035 1693 Quantitas
3072 1632 3286 1693 corporis

577 1702 761 1753 Solaria
799 1703 973 1753 Lunae
1009 1706 1288 1753 interventu
1323 1704 1552 1754 offiiseati
1589 1705 1760 1754 debuit
1806 1707 1953 1765 juxta
1988 1719 2101 1753 mea
2137 1705 2401 1754 ratiocinia
2436 1720 2545 1755 esse
2582 1706 2721 1769 digit.
2763 1698 2899 1765 10³1,
2938 1705 2989 1751 in
3024 1702 3119 1752 hoc
3154 1701 3280 1751 hori-

577 1782 741 1832 zonte,
777 1774 923 1838 idque
962 1789 993 1824 a
1028 1775 1260 1838 superiori
1296 1783 1456 1839 parte,
1495 1790 1606 1825 cum
1644 1775 1861 1826 calculus
1900 1774 2229 1839 Ceperniceus
2268 1782 2318 1825 et
2350 1776 2528 1839 phasin
2564 1782 2616 1825 et
2648 1782 2903 1824 momenta
2937 1774 3081 1835 hujus
3118 1774 3282 1823 obser·

575 1847 784 1895 rationis
821 1846 966 1895 aliter
1001 1846 1259 1903 exhibeat,
1310 1848 1382 1895 uti
1431 1852 1483 1896 et
1517 1848 1568 1895 in
1605 1846 1794 1896 Lunari
1836 1846 2033 1909 eclipsi.
2080 1854 2187 1895 tam
2230 1849 2272 1895 is
2318 1862 2467 1911 quam
2500 1846 2831 1911 Alphonsinus
2878 1843 3081 1894 nimium
3124 1846 3197 1895 cis
3234 1852 3285 1893 et

575 1916 708 1966 ultra
741 1917 1092 1967 exorbitarunt.
1149 1920 1226 1966 An
1265 1918 1464 1981 deliquii
1504 1916 1689 1967 Solaris
1725 1918 2117 1981 magnitudinem
2152 1920 2331 1967 nostris
2367 1920 2585 1969 numeris
2620 1925 2756 1967 recte
2792 1918 3114 1981 attigerimus,
3150 1914 3279 1978 judi·

577 1996 693 2038 cent
727 1988 816 2045 illi,
855 1990 935 2051 qui
971 1991 1076 2050 ejus
1113 1988 1328 2037 medinm
1364 1990 1608 2039 sereniore
1646 2002 1769 2039 aura
1801 1990 1879 2037 usi
1917 1995 2289 2052 conspexerunt.
2348 1988 2407 2039 Id
2442 2005 2556 2039 vero
2594 1988 2846 2038 sciendum
2872 1995 2964 2045 est,
3002 1988 3199 2037 Lunam
3234 1988 3286 2035 in

581 2059 838 2109 noviluniis
875 2058 1116 2122 eclipticis
1151 2074 1248 2108 non
1287 2073 1524 2123 apparere
1563 2074 1625 2111 ea
1658 2060 2033 2125 magnitudine,
2084 2074 2185 2124 qua
2231 2061 2355 2111 alias
2400 2062 2453 2110 in
2496 2060 2806 2125 pleniluniis,
2854 2066 2969 2118 utut
3012 2060 3063 2108 in
3108 2059 3286 2109 eadem

577 2132 727 2181 fuerit
763 2141 796 2181 a
831 2130 986 2180 Terra
1020 2132 1316 2191 remotione,
1367 2132 1456 2181 sed
1499 2133 1639 2197 quasi
1683 2146 1770 2195 pro
1815 2132 1992 2195 quinta
2032 2139 2173 2193 parte
2208 2146 2323 2183 eam
2362 2134 2509 2181 certis
2548 2132 2609 2181 de
2654 2132 2816 2181 causis
2854 2130 2971 2179 alibi
3007 2130 3286 2180 reserandis

557 2204 948 2277 ⁸constringes-03
998 2202 1132 2251 unde
1164 2202 1228 2255 fit
1261 2209 1318 2251 ut
1353 2202 1500 2252 Luna
1534 2217 1783 2267 nunquam
1823 2208 1980 2251 totum
2018 2201 2181 2252 Solem
2218 2218 2411 2267 prorsus
2447 2204 2897 2269 obtegere-queat,
2938 2203 3131 2251 etiamsi
3168 2215 3283 2251 cen-

578 2274 769 2323 traliter
805 2273 968 2339 quoad
1002 2274 1160 2323 visum
1195 2274 1562 2338 interponatur,
1601 2275 1785 2323 lumine
1823 2272 1979 2323 Solari
2018 2288 2129 2323 eam
2167 2275 2365 2337 aliquali
2406 2275 2565 2325 adhuc
2599 2274 2807 2338 vestigio
2844 2274 3120 2331 ambiente,
3158 2272 3286 2336 quod

578 2353 631 2395 et
665 2347 716 2395 in
753 2344 846 2394 hoc
881 2344 1053 2394 ultimo
1091 2344 1302 2410 deliquio
1341 2346 1728 2395 animadvertere
1765 2351 1997 2408 poterant
2030 2345 2116 2403 illi,
2156 2348 2329 2411 quibus
2362 2348 2581 2397 maxima
2604 2345 2863 2395 offuscatio
2895 2346 3071 2407 patuit.
3128 2342 3283 2407 Opor-

575 2418 672 2467 tuit
709 2417 840 2466 enim
877 2422 997 2465 tunc
1034 2414 1198 2465 Solem
1236 2416 1296 2466 de
1333 2417 1520 2466 Lunari
1557 2430 1755 2480 corpore
1791 2418 2017 2481 utrinque
2052 2417 2161 2482 plus
2204 2418 2483 2478 includere,
2530 2418 2676 2481 idque
2724 2416 3089 2473 corniculatim,
3137 2410 3285 2479 quam

574 2488 710 2538 linea
743 2502 832 2551 per
867 2486 1160 2537 diametrum
1197 2487 1350 2538 ducta
1385 2488 1643 2553 exigebat,
1695 2492 1808 2536 utut
1843 2488 2020 2537 Lunae
2066 2490 2307 2538 diameter
2350 2495 2471 2539 tunc
2507 2489 2653 2538 fuerit
2696 2489 2840 2550 juxta
2876 2494 3095 2536 nostrum
3132 2488 3285 2537 etiam

577 2560 822 2611 calculum
860 2554 1040 2619 34³!sp
1078 2572 1315 2621 apparere
1354 2566 1520 2609 autem
1558 2559 1689 2623 apud
1727 2557 1891 2609 Solem
1928 2573 2025 2607 non
2060 2561 2220 2623 potuit
2254 2564 2413 2623 major
2448 2574 2597 2625 quam
2634 2557 2719 2611 ⁶28.
2758 2572 2907 2623 quam
2942 2558 3283 2609 limitationem
3388 2612 3395 2621 ‚

576 2645 608 2682 a
644 2632 840 2681 nemine
877 2638 1034 2679 antea
1070 2630 1460 2679 animadversam
1499 2632 1720 2695 cognovi,
1759 2630 1847 2679 sed
1884 2630 1933 2678 in
1971 2630 2157 2695 aliquot
2182 2630 2309 2681 Solis
2346 2631 2763 2681 observationibus
2794 2644 2904 2680 cum
2928 2636 3035 2679 tam
3072 2644 3103 2679 a
3140 2642 3284 2692 supe-

569 2704 702 2752 riore
735 2716 883 2766 quam
917 2701 1146 2750 inferiore
1181 2707 1324 2764 parte
1359 2707 1627 2767 tegeretur,
1665 2702 1736 2749 sic
1771 2714 1851 2750 me
1896 2702 2063 2751 docuit
2089 2704 2407 2765 experientia.
2466 2703 2624 2751 Tuum
2654 2703 2762 2759 erit,
2800 2700 2971 2750 excell.
2998 2700 3315 2757 Maestum,-

575 2774 693 2840 quid
727 2776 776 2822 in
813 2772 889 2822 his
927 2780 978 2821 et
1013 2771 1250 2821 similibus
1287 2780 1586 2834 compertum
1621 2773 1825 2828 habeas.
1864 2772 1982 2822 mihi
2019 2774 2169 2822 etiam
2206 2776 2395 2838 aperire
2412 2811 2426 2833 ,
2466 2780 2613 2838 atque
2648 2774 2701 2822 in
2734 2782 2984 2837 posterum
3016 2771 3287 2836 jucundam

577 2849 706 2895 inter
742 2860 830 2894 nos
868 2844 929 2892 de
968 2843 1112 2891 rebus
1151 2845 1486 2893 astronomicis
1525 2844 1854 2899 collationem,
1893 2859 2041 2907 quam
2080 2853 2130 2894 et
2167 2860 2259 2910 ego
2290 2861 2389 2894 non
2413 2848 2564 2895 invite
2590 2845 2867 2904 admittam,
2906 2858 3149 2894 exercere.
3204 2842 3289 2893 De

575 2917 828 2980 eclipsium
867 2921 1033 2964 autem
1057 2915 1359 2978 potissimum
1391 2914 1660 2964 Lunai-ium
1687 2929 1720 2964 a.
1755 2922 1806 2980 te
1839 2915 2085 2965 subtiliter
2112 2914 2461 2966 animadversis
2486 2919 2745 2966 momentis
2770 2929 2866 2970 me.
2906 2930 3053 2980 quarn
3076 2917 3283 2980 primum

573 2987 680 3036 fieri
706 2991 873 3049 queat.
912 2987 1168 3034 certiorem
1192 2985 1354 3045 redde,
1399 2993 1457 3034 ut
1482 2987 1832 3036 correctionem
1856 2986 2229 3050 longitudinum,
2270 2989 2331 3037 de
2356 3003 2457 3052 qua
2480 2988 2593 3037 dixi.
2633 3001 2780 3051 quam
2814 2988 2947 3036 brevi
2982 2989 3033 3036 in
3070 2987 3285 3050 quadam

575 3058 764 3108 tabella
799 3057 1042 3106 adornare
1077 3058 1323 3116 constitui,
1363 3065 1468 3107 tam
1503 3058 1647 3110 hinc.
1687 3071 1836 3121 quarn
1872 3073 1931 3106 ex
1968 3058 2079 3106 aliis
2114 3060 2403 3122 quibusdam
2442 3059 2641 3109 aliunde
2678 3061 2962 3122 conquisitis
2997 3059 3187 3108 indiciis
3226 3073 3287 3107 eo

571 3129 808 3195 promtius
846 3127 1118 3191 expediam.
1190 3127 1398 3192 Jamque
1433 3129 1575 3186 vale,
1626 3128 1689 3177 V.
1733 3127 1803 3176 Cl.
1854 3135 1905 3177 et
1942 3130 2003 3179 de
2039 3130 2183 3179 rebus
2231 3131 2568 3180 astronomicis
2616 3129 2931 3180 laudabiliter
2974 3132 3178 3186 merite,
3230 3132 3283 3186 in

575 3202 747 3266 quibus
785 3201 936 3250 etiam
961 3198 1260 3262 expoliendis
1297 3206 1349 3249 et
1383 3199 1740 3264 locupletandis
1777 3206 1835 3248 ut
1870 3202 1921 3248 in
1956 3208 2204 3264 posterum
2238 3217 2518 3267 perseveres
2552 3209 2605 3250 te
2641 3199 2884 3250 adhortor.
2942 3201 3039 3252 Ubi
3075 3202 3283 3264 rescrip-

577 3273 714 3333 seris,
757 3272 916 3328 effice,
953 3275 1010 3319 ut
1044 3270 1218 3319 literae
1253 3284 1540 3336 quocunque
1577 3271 1781 3320 tandem
1819 3272 2007 3320 viarum
2046 3273 2196 3322 ductu
2234 3275 2337 3323 sive
2374 3287 2459 3337 per
2500 3272 2890 3336 Norimbergam‚
2928 3274 3030 3322 sire
3068 3273 3285 3337 aliquam

579 3345 729 3396 aliam
777 3342 1020 3393 celebrem
1055 3341 1351 3392 Germaniae
1397 3344 1565 3392 urbem
1601 3343 1941 3408 Hamburgum
1976 3344 2307 3407 perferantur,
2358 3347 2407 3394 in
2444 3345 2707 3408 hospitium
2744 3345 2890 3394 isthic
2924 3359 3118 3400 meum.
3156 3342 3287 3408 quod

581 3423 658 3466 est
695 3415 826 3479 apud
847 3413 1016 3463 Herm.
1045 3411 1256 3463 Reutter
1289 3415 1380 3463 sub
1413 3416 1556 3480 signo
1584 3414 1806 3464 Coronae
1844 3429 2045 3472 aureae,
2080 3417 2248 3480 sicque
2286 3431 2373 3466 eas
2406 3431 2487 3466 me
2524 3423 2657 3466 certo
2694 3417 3005 3466 obtenturum
3040 3431 3140 3466 non
3178 3429 3286 3464 am-

579 3490 721 3553 bigo;
761 3488 962 3549 jamque
997 3485 1174 3534 iterum
1211 3491 1262 3536 et
1297 3489 1494 3550 saepius
1527 3487 1662 3536 vale.
3362 3535 3377 3542 ,

719 3557 982 3608 Dabuntur
1015 3555 1388 3623 Wandesburgo
1427 3559 1506 3608 die
1543 3557 1604 3606 21
1652 3554 1770 3620 (31)
1808 3561 1926 3622 Apr.
1973 3555 2111 3608 1598
2148 3557 2467 3620 (Maestlinus
2504 3558 2792 3623 adscripsit:
2828 3558 3157 3622 praesentiert
3188 3571 3287 3607 von

580 3629 871 3696 strastburg
907 3625 972 3676 29
1008 3627 1136 3691 Maii
1171 3625 1282 3690 98).

2246 3729 2254 3740 ·
2664 3701 2827 3765 fischo
2863 3700 3070 3758 Brahe,

580 3773 703 3826 Cum
753 3771 1092 3823 intellexissim
1154 3771 1466 3821 tabellarium
1523 3776 1627 3820 toto
1673 3770 1767 3819 hoc
1819 3770 1898 3819 die
1947 3769 2219 3837 Hamburgi
2702 3773 3010 3838 mauuppria.

577 3851 897 3900 moraturum,
935 3843 1099 3894 curavi
1125 3842 1398 3905 exemplum
1423 3843 1674 3891 literarum
1697 3841 1903 3905 Kepleri
1929 3839 1994 3890 ad
2020 3857 2101 3890 me
2124 3855 2227 3892 una

579 3933 691 3968 cum
714 3929 824 3964 meo
848 3927 1080 3976 responso
1107 3912 1330 3970 describi,
1367 3912 1538 3978 hisque
1565 3913 1785 3976 adjungi,
1824 3926 1919 3976 quo
1956 3910 2019 3961 de
2054 3927 2226 3963 earum

580 3989 731 4038 etiam
781 3985 1026 4036 contentis
1075 3984 1251 4033 certior
1295 3984 1466 4035 lieres:
1522 3984 1628 4033 ubi·
1653 3983 1796 4047 plura
1836 3983 1935 4032 huo
1984 3983 2225 4035 facientia

579 4057 816 4109 invenies.

721 4197 995 4250 Posteriore
1041 4203 1260 4261 tempore
1298 4198 1466 4261 Tycha
1511 4199 1562 4248 in
1605 4197 1759 4248 literis
1807 4198 1873 4248 ad
1908 4197 2177 4262 Keplerum
2224 4198 2352 4249 datis
2402 4198 2533 4251 hunc
2579 4201 2630 4250 in
2676 4200 2877 4250 modum
2923 4201 2987 4251 de
3020 4201 3283 4254 Prodromo

577 4273 814 4338 loquitur:
869 4269 950 4320 De
984 4269 1104 4318 libro
1141 4276 1241 4327 tuo,
1279 4271 1352 4320 uti
1386 4273 1428 4319 is
1465 4283 1576 4320 cum
1612 4285 1700 4318 suo
1737 4277 1909 4321 autore
1945 4277 2176 4326 meretur,
2212 4285 2404 4334 semper
2438 4287 2501 4322 ex
2540 4287 2636 4336 quo
2679 4272 2797 4321 mihi
2820 4274 3148 4338 introspectus
3186 4281 3281 4334 est,

579 4343 841 4395 honorifice
867 4343 1013 4400 sensi,
1051 4355 1146 4390 nec
1172 4349 1222 4391 te
1248 4349 1338 4391 aut
1361 4341 1482 4391 alios
1507 4355 1794 4406 quocunque
1819 4342 1963 4392 modo
1990 4342 2051 4391 de
2077 4341 2215 4392 hisce
2250 4341 2535 4392 sublimibus
2572 4350 2624 4393 et
2660 4357 2694 4394 a
2728 4344 2861 4409 vulgi
2898 4351 3051 4408 captu
3084 4347 3285 4396 remotis

581 4415 845 4479 disciplinis
881 4413 1134 4480 praeclare
1171 4420 1416 4463 merentes
1453 4420 1505 4463 et
1539 4414 1758 4462 veritatis
1807 4413 2039 4463 nucleum
2085 4414 2210 4470 serio
2256 4413 2551 4465 affectantes
2604 4414 2753 4464 laude
2798 4429 2891 4466 sua
2934 4417 3146 4480 privavi,
3197 4424 3286 4468 aut

579 4487 778 4552 privabo
813 4499 1054 4550 unquam,
1093 4486 1210 4548 quin
1247 4487 1407 4548 potius
1443 4485 1594 4534 extuli
1631 4493 1684 4534 et
1717 4486 1767 4534 in
1803 4492 2052 4548 posterum
2090 4485 2336 4535 extollam.
2410 4486 2519 4536 Hoc
2554 4487 2875 4550 praecipuum
2912 4497 3016 4546 est,
3066 4488 3197 4552 quod
3231 4490 3285 4539 iu

579 4567 666 4608 tuo
701 4557 956 4624 ingenioso
989 4557 1074 4606 illo
1110 4557 1291 4620 scripto
1329 4571 1440 4606 cum
1476 4556 1716 4620 plerisque
1752 4562 1921 4607 tamen
1960 4557 2069 4605 aliis
2106 4571 2265 4606 errore
2302 4559 2545 4608 communi
2582 4557 2826 4614 admittis,
2874 4573 2975 4608 non
3010 4561 3187 4623 probo,
3230 4566 3284 4610 te

509 4679 512 4682 ,
579 4629 858 4681 realitatem
893 4628 1142 4692 quandam
1177 4627 1370 4678 orbibus
1406 4628 1699 4678 coelestibus
1735 4629 1896 4678 inesse
1933 4635 2180 4685 statuere,
2229 4643 2323 4692 quo
2368 4629 2439 4677 sic
2482 4630 2719 4694 promtius
2755 4628 3071 4694 Coperniceis
3105 4633 3282 4698 imagi-

539 4733 544 4740 ·
579 4700 859 4753 nationibus
893 4701 1022 4749 viam
1071 4705 1230 4750 struas
1275 4701 1418 4764 eique
1460 4699 1656 4749 facilius
1702 4701 1993 4750 subscribas.
2068 4699 2313 4750 Metiones
2366 4699 2605 4750 coelestes
2652 4703 2989 4762 symmetriam
3034 4703 3283 4767 quandam

581 4774 863 4830 observare,
916 4777 968 4820 et
1009 4771 1224 4822 rationes
1269 4771 1497 4830 subesse,
1548 4785 1636 4822 cur
1672 4771 1805 4822 circa
1838 4772 1965 4822 haec
2000 4771 2079 4821 vel
2115 4772 2218 4821 alia
2262 4777 2437 4821 centra.
2484 4785 2517 4820 a
2552 4772 2714 4822 Terris
2758 4772 2837 4822 vel
2874 4771 2988 4824 Sole
3025 4774 3286 4838 dispariter

578 4851 770 4896 remota
807 4842 1169 4901 convolvantur,
1207 4857 1306 4892 non
1341 4843 1582 4910 negarim,
1617 4841 1706 4892 sed
1739 4843 2001 4893 harmonia
2036 4849 2089 4893 et
2124 4843 2493 4907 dispositionum
2530 4843 2764 4909 analogia
2798 4859 2861 4894 ex
2888 4847 3161 4908 posteriori,
3198 4846 3285 4896 ubi

579 4923 742 4968 motus
777 4921 830 4967 et
876 4919 1095 4968 motuum
1141 4915 1426 4966 occasiones
1473 4915 1542 4966 ad
1585 4915 1817 4966 amussim
1868 4915 2178 4966 constiterint
2192 4949 2207 4976 ,
2259 4929 2360 4964 non
2408 4921 2576 4966 autem
2618 4929 2682 4966 ex
2716 4917 2861 4980 priori
2876 4951 2891 4973 ,
2923 4917 3017 4979 ‚uti
3050 4923 3105 4968 et
3138 4925 3197 4968 tu
3232 4923 3285 4970 et
