3634 5575
494 376 633 441 270
983 444 991 453 ,
1588 378 1836 443 Apologi-
1865 377 2114 441 ΤῚΜ

497 536 595 597 Ex
648 535 745 597 his
790 543 1047 615 apparet
1090 534 1329 597 occasio
1368 534 1663 614 genuina,
1723 553 1878 614 qnae
1923 534 2250 615 Apollonio
2307 536 2460 599 hanc
2509 537 2898 599 assumtionis
2963 538 3218 599 formam

500 622 1001 703 suppeditaverit.
1095 623 1253 685 Nam
1310 622 1467 703 quod
1514 640 1828 685 accessum
1877 632 1940 685 et
1983 642 2288 686 recessum
2349 624 2730 703 planetarum
2787 626 2865 687 ad
2910 645 3020 687 nos
3073 643 3222 706 pro-

498 712 899 793 portionalem
944 711 1321 773 conversioni
1370 710 1535 773 Solis
1585 712 1824 785 attinet,
1875 712 2125 787 eundem
2175 713 2358 773 etiam
2395 714 2808 776 Ptolemaicae
2855 716 3224 798 hypotheses

426 800 433 807 ”
500 800 809 863 exhibent.
900 801 1113 880 Itaque
1164 799 1357 862 adhuc
1388 800 1550 869 ,nihil
1598 806 1713 871 est,
1762 816 1879 879 quo
1926 818 2062 861 sese
2092 808 2334 863 tueatur
2361 802 2556 863 Ursus
2603 802 2992 883 obtineatque
3019 804 3222 883 Apol-

500 889 721 951 lonium
740 908 877 951 esse
906 888 1273 949 inversarum
1302 888 1914 963 Aristarchianarum‚
1947 908 2216 968 quaeque
2248 890 2515 972 Tychoni
2551 890 2861 967 debentur,
2893 900 3221 954 auctorem.

676 978 789 1039 His
836 978 991 1039 adde
1040 984 1103 1037 et
1150 976 1292 1048 hoc,
1352 978 1511 1055 quod
1558 996 1688 1038 cum
1736 976 2137 1055 inaequalitas
2188 978 2298 1039 illa
2341 989 2568 1054 motus,
2635 998 2811 1059 quam
2860 981 3224 1059 Apollonius

501 1088 538 1127 a
584 1085 695 1127 sua
740 1064 1251 1127 demonstratione
1318 1065 1651 1144 sejunctam
1710 1084 1848 1125 esse
1895 1066 2112 1141 voluit,
2183 1066 2410 1146 negligi
2457 1076 2746 1147 nequeat,
2815 1068 3020 1149 itaque
3067 1086 3224 1148 apo-

504 1173 720 1257 gaeum
786 1162 851 1216 et
911 1154 1255 1234 perigaeum
1320 1153 1380 1213 in
1446 1154 1603 1215 linea
1660 1153 1809 1225 HN,
1877 1152 1984 1215 OE
2051 1154 2140 1227 (in
2195 1155 2434 1218 schem.
2503 1156 2740 1236 quinto)
2805 1174 3044 1235 semper
3107 1156 3226 1219 sibi

505 1243 623 1323 ipsi
668 1242 965 1323 parallela
1010 1241 1295 1305 constitui
1344 1242 1591 1316 debeat,
1641 1261 1717 1303 ex
1762 1260 1836 1303 eo
1882 1242 2109 1316 evenit,
2177 1250 2246 1304 ut
2291 1242 2405 1305 ΑΕ
2453 1245 2707 1324 apogaei
2756 1245 2976 1306 lineam
3021 1246 3224 1307 dicere

496 1332 629 1411 jam
670 1349 847 1411 porro
894 1348 1009 1393 non
1057 1330 1354 1409 possimus
1400 1337 1651 1409 totaque
1698 1332 2152 1392 nomenclatura
2196 1332 2498 1412 Tychonis
2547 1333 2789 1394 differat
2835 1333 2910 1394 ab
2959 1332 3224 1435 Apollo-

506 1420 625 1482 nio.
718 1417 923 1490 Quare
971 1437 1161 1497 neque
1208 1425 1433 1480 motum
1480 1420 1768 1522 planetae
1810 1420 1869 1480 in
1917 1419 2347 1498 praecedentia
2393 1420 2520 1482 fieri
2565 1422 2786 1483 statuit
2829 1440 2908 1481 ex
2951 1422 3012 1483 A
3059 1422 3116 1483 in
3147 1422 3224 1495 B,

504 1508 614 1570 sed
669 1509 731 1570 in
786 1508 1219 1586 consequentia
1272 1525 1348 1567 ex
1396 1506 1445 1569 G
1495 1508 1553 1569 iu
1598 1508 1651 1569 B
1710 1514 1924 1569 contra
1979 1526 2156 1587 quam
2201 1510 2581 1587 Apollonius.
2677 1512 2750 1571 In
2805 1515 2984 1571 tauta
3027 1528 3228 1573 rerum

506 1596 1005 1675 terminorumque
1054 1594 1407 1656 diversitate
1457 1596 1685 1659 frustra
1732 1597 1973 1658 laborat
2017 1595 2210 1658 Ursus
2253 1598 2633 1659 abstractam
2681 1618 2722 1659 a
2765 1598 3044 1679 Tychone
3094 1600 3225 1661 for-

505 1704 663 1747 mam
706 1684 1128 1765 hypothesium
1177 1684 1253 1744 ad
1299 1684 1685 1762 Apollonium
1732 1685 1986 1747 deferre.

1666 1980 2102 1995 -Ἦ

1666 2246 1908 2345 Caput
1959 2246 2088 2320 IV.

500 2402 649 2529 Non
712 2410 963 2467 emtam
1023 2400 1214 2469 ullibi
1272 2404 1642 2467 mentionem
1714 2405 2177 2487 hypothesium,
2255 2416 2416 2489 qnae
2481 2396 2696 2491 Pycho
2776 2410 2901 2471 sibi
2975 2413 3225 2486 asser-it,

1406 2492 1611 2556 Ursus
1655 2492 1996 2575 Apollonio
2043 2496 2318 2579 affin-xit.

675 2650 900 2713 Nescio
966 2668 1081 2729 quo
1148 2648 1367 2712 affectu
1424 2651 1773 2713 stimulante
1835 2652 1896 2713 id
1959 2672 2138 2714 unum
2199 2654 2364 2733 agit
2381 2654 2604 2729 Ursus,
2673 2660 2742 2716 ut
2785 2654 3087 2737 Tychonis
3149 2656 3226 2717 de

498 2740 715 2802 mundo
782 2737 1207 2820 conceptiones
1255 2739 1608 2821 antiquitati
1655 2749 1935 2816 asserat,
1994 2740 2380 2805 manifestam
2445 2742 2687 2806 veritati
2753 2742 2876 2805 vim
2943 2744 3222 2808 afferens.

500 2828 765 2890 Primum
822 2845 897 2887 ex
942 2827 1249 2889 veteribus
1306 2828 1365 2891 in
1423 2829 1615 2890 aciem
1662 2848 1846 2909 supra
1899 2831 2268 2908 produxerat
2314 2831 2720 2911 Apollonium.
2815 2831 2884 2894 Si
2943 2833 3054 2894 hoc
3113 2834 3226 2895 de-

505 2916 863 2978 fendendum
912 2916 1315 2994 suscepisset,
1380 2918 1803 2996 cognationem
1854 2919 2150 2997 quandam
2195 2920 2570 2983 intercedere
2613 2921 3024 3000 Apolloniano
3077 2941 3226 3000 pro-

502 3003 750 3066 blemati
781 3022 914 3064 cum
944 3003 1240 3086 Tychonis
1274 3005 1733 3086 hypothesibus,
1786 3015 2030 3085 poterat
2072 3009 2319 3082 tolerari
2363 3010 2606 3089 partim,
2660 3010 2720 3070 in
2769 3010 2987 3072 ceteris
3037 3029 3225 3072 excu-

502 3093 644 3156 sari.
740 3092 913 3154 Nunc
970 3092 1110 3172 quia
1162 3092 1341 3172 plane
1398 3101 1714 3174 utrumque
1779 3099 2142 3174 exaequat‚‘
2179 3098 2460 3177 apparuit
2522 3098 2794 3177 proximo
2853 3097 3054 3178 capite
3119 3119 3226 3160 eos

502 3200 618 3242 non
673 3181 851 3260 plene
896 3180 1057 3242 Urso
1119 3181 1305 3243 fuisse
1372 3183 1686 3261 cognitos,
1753 3183 1992 3245 minime
2054 3203 2196 3247 vero
2252 3187 2348 3248 vel
2409 3187 2630 3248 lectum
2698 3187 2797 3250 vel
2853 3187 3228 3250 intellectum

499 3267 813 3349 Apollonii
856 3269 1183 3348 problema.
1278 3267 1579 3351 cognatio
1629 3279 1832 3333 autem
1872 3272 1984 3338 ,ina
2031 3273 2454 3353 hypothesium
2499 3275 2800 3355 Tychonis
2847 3294 2982 3338 cum
3019 3277 3222 3354 Apol-

500 3357 646 3419 lonii
703 3358 1107 3438 problemate,
1175 3376 1353 3439 quarn
1416 3367 1479 3420 et
1537 3378 1721 3439 supra
1778 3361 2189 3422 demonstravi
2255 3369 2318 3424 et
2363 3363 2494 3442 jam
2541 3363 2788 3426 concedi
2849 3383 3030 3444 posse
3076 3363 3222 3440 dixi,

491 3446 621 3526 jam
668 3445 906 3526 quidem
952 3447 1229 3522 cernitur,
1278 3455 1599 3528 postquam
1629 3448 1834 3530 Tycho
1883 3469 2052 3510 suam
2098 3451 2299 3512 mundi
2347 3452 2598 3513 formam
2641 3450 3068 3514 diversissimis
3120 3454 3220 3513 in-

502 3535 715 3596 ductus
764 3535 1131 3613 argumentis
1179 3544 1241 3596 et
1269 3537 1584 3598 constituit
1614 3544 1682 3598 et
1716 3535 2004 3616 prodidit.
2099 3539 2348 3619 Absque
2383 3540 2494 3600 hoc
2525 3548 2710 3616 esset,
2759 3540 2919 3602 haud
2947 3541 3226 3622 equidem

501 3624 651 3696 scio,
696 3643 774 3684 an
823 3623 1133 3704 quisquam
1194 3625 1345 3686 adeo
1394 3625 1554 3687 felici
1611 3627 1846 3686 futurus
1897 3625 2112 3688 fuisset
2155 3627 2423 3707 ingenio,
2496 3636 2562 3690 ut
2624 3647 2700 3690 ex
2736 3630 2867 3690 solo
2914 3629 3226 3709 Apollonii

500 3712 875 3793 problemate
905 3713 1181 3792 inspecto
1208 3713 1268 3774 in
1300 3699 1599 3795 Tychonis
1647 3713 2054 3792 cogitationes
2085 3716 2347 3777 incidere
2377 3717 2716 3797 potuisset;
2765 3718 2916 3780 adeo
2961 3719 3226 3780 obscura

506 3809 601 3862 est
646 3801 798 3863 haec
847 3800 1128 3880 cognatio
1177 3820 1509 3882 coecusque
1555 3801 1867 3864 transitus,
1955 3819 1973 3828 “
3051 3853 3058 3860 .

678 3887 857 3950 Alte‘r
916 3909 993 3949 ex
1048 3889 1351 3951 veteribus
1400 3891 1665 3972 Tychoni
1723 3891 1801 3952 ab
1847 3891 2006 3953 Urso
2063 3897 2348 3970 tanquam
2404 3893 2670 3954 aemulus
2728 3895 2804 3956 ob
2853 3895 3058 3957 oculos
3105 3897 3224 3958 ad·-

503 3977 737 4039 ducitur
784 3977 1205 4038 Martianus
1254 3977 1592 4059 Capella,
1632 3973 1715 4052 ¹⁸)
1773 3979 1832 4039 in
1883 3999 1998 4058 quo
2045 3979 2232 4041 multo
2277 3981 2472 4044 adhuc
2517 3981 2874 4046 imbecillius
2922 3991 3054 4045 stat
3095 3984 3224 4046 Ur·-

503 4086 605 4126 sus
666 4084 845 4145 quam
905 4064 964 4126 in
994 4065 1355 4143 Apollonio,
1448 4067 1692 4129 Etenim
1738 4067 1790 4128 is
1841 4077 2077 4140 auctor,
2146 4086 2278 4128 cum
2333 4070 2650 4132 honestam
2707 4090 2738 4132 e
2788 4071 2984 4134 literis
3039 4072 3226 4134 animi

502 4153 938 4216 recreationem
981 4163 1221 4233 peteret
1268 4155 1389 4227 (vir
1436 4156 1595 4218 enim
1648 4155 1929 4236 politicus
1977 4163 2112 4217 erat
2170 4165 2234 4217 et
2277 4175 2526 4236 praeses
2573 4159 2882 4234 Africae),
2943 4161 3222 4240 poeticen

501 4241 1003 4324 encyclopaediae
1052 4241 1410 4322 conjungere
1461 4245 1707 4318 statuit,
1773 4244 2094 4324 fabulaque
2140 4246 2516 4326 pereleganti
2576 4247 2832 4310 conficta
2877 4249 2952 4309 de
2996 4249 3225 4329 nuptiis

502 4331 786 4392 Mercurii
834 4338 897 4392 et
934 4329 1329 4410 philologiae,
1381 4350 1514 4393 cum
1560 4332 2003 4412 philosophiam
2032 4333 2410 4395 Platonicam
2457 4341 2583 4396 tum
2627 4335 2687 4396 in
2733 4336 2934 4417 specie
2989 4347 3225 4416 septem

504 4426 670 4480 artes
721 4420 817 4494 (ut
863 4419 1272 4499 appellamus)
1325 4420 1607 4481 liberales
1655 4421 1745 4481 ita
1790 4421 1997 4500 tetigit
2044 4429 2106 4481 et
2149 4423 2462 4500 percurrit,
2511 4431 2580 4484 ut
2623 4443 2741 4486 non
2769 4434 3004 4487 tantum
3050 4445 3222 4488 sum-

393 4565 401 4571 .
502 4525 662 4567 mam
723 4507 1011 4586 cujusque
1073 4507 1429 4570 brevissime
1492 4517 1848 4588 exponeret,
1913 4509 2023 4570 sed
2090 4509 2272 4571 etiam
2320 4510 2601 4590 quidquid
2659 4512 2718 4573 in
2774 4512 3026 4593 singulis
3089 4515 3228 4593 ipse

503 4594 992 4672 deprehendebat
1037 4595 1291 4676 insigne,
1340 4597 1702 4671 abstrusum,
1752 4597 2194 4672 admirandum,
2244 4607 2350 4659 aut
2394 4599 2520 4660 tale
2577 4601 2734 4680 quod
2780 4600 2978 4682 ipsum
3020 4603 3219 4685 potis-

500 4682 711 4744 timum
760 4681 1087 4757 afficiebat,
1136 4685 1199 4746 id
1244 4704 1379 4748 cum
1426 4685 1747 4765 diligentia
1776 4686 2237 4767 cincinnatoque
2280 4686 2440 4767 stylo
2469 4687 2822 4752 inculcaret.
2913 4691 2982 4752 Iu
3013 4699 3218 4754 astro·

501 4769 705 4832 nomia
747 4771 1155 4846 Macrobium,
1202 4774 1465 4837 Plinium
1512 4781 1577 4834 et
1622 4773 1966 4836 Vitruvium
2011 4774 2390 4853 potissimum
2441 4785 2682 4838 secutus
2728 4786 2859 4852 est,
2908 4779 3220 4842 Romanus

502 4857 759 4920 Latinos
806 4859 1136 4940 scriptores
1191 4861 1369 4944 idque
1418 4862 1601 4938 adeo,
1651 4870 1721 4924 nt
1764 4880 1840 4924 ne
1871 4862 2112 4943 quidem
2141 4862 2218 4924 ab
2247 4865 2546 4928 erroribus
2591 4883 2800 4928 eorum
2845 4866 3216 4944 discesserit,

2777 5105 2812 5126 Q
