3634 5575
1533 360 1700 414 not-0
1733 362 1969 415 ssim.
2404 412 2416 417 ,
2979 364 3111 433 203

385 534 497 573 non
534 519 830 589 respicitur
869 536 1084 575 summa
1119 522 1412 591 planorum
1451 524 1780 597 angulorum
1821 526 1877 579 in
1919 526 2111 581 solido.
2195 526 2471 581 Fortassis
2528 528 2625 582 ille
2682 530 2897 583 colorat
2936 534 3113 583 totam

386 600 732 655 harmoniam
772 617 810 654 a
850 601 1047 671 quinta
1083 601 1142 655 in
1183 608 1454 671 quartam,
1499 611 1588 657 est
1629 606 1773 661 enim
1815 613 1876 659 et
1916 612 2095 661 motus
2136 607 2259 675 ejus
2287 607 2491 672 varius,
2534 614 2597 662 et
2622 612 2921 663 octaedron
2950 609 3111 663 mira-

388 679 526 740 bile,
567 687 632 735 ιιι
670 687 762 735 εει
801 697 926 750 cap.
978 679 1072 735 17.
1115 681 1222 736 mei
1263 682 1458 736 libelli.
1541 683 1650 737 Sed
1689 703 1798 739 non
1842 702 2063 754 possum
2104 686 2411 750 affirmne,
2468 688 2602 758 quia
2650 691 2887 743 nondum
2928 687 3140 743 andivi·

384 759 530 813 hanc
569 760 692 829 ejus
735 761 1160 825 colei-ationem,
1203 779 1307 816 nec
1345 763 1626 818 reviviscit
1651 765 2029 837 Pythagoras,
2074 765 2164 835 qui
2194 766 2299 819 hoc
2324 767 2459 820 mihi
2482 766 2709 831 referat,
2755 768 2860 821 nisi
2900 768 2947 822 si
2990 768 3113 835 ejus

387 840 574 894 anima
613 841 670 895 in
709 858 798 895 nie
837 840 1123 911 migravit.
1209 843 1398 895 Habes
1441 860 1702 897 summam
1744 845 1910 912 huius
1951 844 2369 915 disputationis,
2422 863 2534 918 qua
2574 847 2631 901 in
2670 847 2853 901 lucem·
2890 848 3111 911 emissa,

386 920 570 974 nescio
613 938 686 977 an
728 920 1004 990 Tycbonis
1046 922 1408 976 domunculae
1451 924 1782 979 chartaceae
1826 926 1899 977 ab
1948 924 2057 977 bac
2104 925 2323 981 immani
2376 934 2733 981 concentuum
2790 928 3113 982 coelestium

384 999 738 1055 vehementia.
777 1001 1048 1070 impulsae
1092 1002 1432 1056 corruiturae
1475 1003 1602 1066 sint,
1648 1006 1791 1075 quod
1830 1012 2015 1058 tamen
2045 1022 2153 1058 non
2182 1006 2237 1059 in
2280 1005 2537 1061 invidiam
2580 1008 2727 1061 tanti
2768 1006 2869 1060 viri
2910 1008 3115 1061 dictum

385 1080 532 1134 volo.
615 1082 742 1135 Jam
783 1088 846 1133 tu
887 1083 1044 1135 modo
1085 1081 1238 1143 vide,
1283 1098 1368 1135 ·an
1423 1082 1526 1136 illa
1573 1084 1857 1139 diminutio
1912 1100 2259 1139 numerorum
2308 1086 2364 1139 in
2404 1094 2451 1155 ‘22
2492 1094 2552 1139 et
2590 1084 2622 1147 5
2674 1086 2903 1141 tolerari
2955 1088 3119 1141 salva

386 1162 727 1216 astronomia
763 1162 962 1231 possit.

530 1306 723 1358 Similia
757 1311 862 1375 egit
895 1309 1142 1373 Keplerus
1179 1310 1368 1372 aliquot
1403 1312 1548 1359 annis
1597 1318 1710 1375 post
1756 1326 1869 1362 cum
1918 1316 2203 1377 Angusto
2250 1312 2547 1375 Principe
2592 1313 2973 1369 Anhaltino‚
3028 1314 3111 1375 qui

387 1394 518 1432 anno
557 1376 694 1428 1607
729 1380 858 1429 haec
893 1382 1110 1445 Keplero
1147 1381 1367 1442 scripsit:
1428 1416 1616 1439 .....
1655 1389 1793 1431 sonst
1828 1386 1975 1433 weiss
2008 1384 2089 1433 ioh
2126 1383 2264 1433 nicht
2300 1384 2361 1432 ob
2398 1383 2486 1433 der
2520 1383 2650 1434 Herr
2698 1388 2845 1448 muge
2890 1382 3112 1447 gesehen

387 1450 523 1500 habn
559 1450 651 1499 das
686 1452 887 1501 bilcblin
937 1466 1033 1501 von
1083 1452 1198 1501 dem
1236 1449 1578 1515 Corporalisch
1615 1451 1979 1503 Octoeedronte
2030 1454 2147 1504 oder
2198 1455 2277 1503 die
2324 1454 2479 1504 kunst
2516 1452 2781 1518 Corporum
2816 1452 3115 1518 regularium

387 1522 613 1587 gensndt
650 1537 712 1571 ex
747 1525 964 1573 numeris
999 1522 1242 1571 formalib.
1284 1522 1486 1572 erstlich
1521 1524 1788 1581 erinnden.
1836 1526 1889 1574 in
1924 1524 2135 1576 welches
2178 1524 2379 1575 buehlin
2424 1524 2629 1575 vorrede
2685 1525 2776 1573 der
2808 1525 3115 1573 Astronomi-

390 1592 544 1641 schen
581 1595 774 1644 musica
821 1594 918 1645 viel
964 1592 1182 1659 gedacht
1226 1592 1376 1651 vird,
1426 1594 1537 1644 vell
1587 1594 1710 1645 alles
1758 1595 1873 1645 suff
1912 1596 2001 1645 des
2036 1596 2349 1660 Pythagoras
2372 1596 2595 1645 'zahlen-
2620 1594 2667 1643 1.
2706 1592 2755 1643 2.
2798 1592 2847 1643 3.
2884 1592 2932 1642 4.
2972 1594 3021 1643 5.
3062 1592 3113 1643 0.

388 1662 565 1713 stehen
604 1664 693 1713 soll
710 1700 726 1721 ,
763 1665 858 1716 vie
893 1666 946 1714 in
983 1664 1180 1715 Musica
1215 1678 1304 1713 aus
1341 1670 1414 1721 nt,
1451 1679 1524 1722 re,
1561 1667 1646 1721 mi.
1686 1666 1754 1727 fla,
1793 1667 1885 1723 sol,
1920 1667 1989 1723 la,
2027 1668 2118 1717 mit
2152 1666 2285 1717 ihrer
2318 1667 2592 1730 pei-fection
2626 1666 2725 1715 md
2759 1666 3115 1729 imperfectiori,

389 1734 470 1785 die
506 1734 634 1785 Zahl
671 1736 760 1785 der
793 1741 953 1795 notan
986 1736 1315 1791 entstanden‚
1353 1736 1466 1785 weil
1502 1736 1734 1801 dispason
1771 1739 1853 1787 ein
1890 1737 2213 1789 volkomliche
2250 1742 2433 1787 octava
2464 1739 2517 1788 in
2552 1736 2771 1795 Musica,
2810 1736 2907 1787 Ein
2942 1737 3119 1801 quinta

388 1808 440 1854 in
478 1808 782 1857 astronomia
820 1803 1085 1868 (Mei-linus
1109 1820 1187 1869 cp.
1221 1803 1331 1867 59).
1384 1804 1610 1871 Septima
1643 1809 2075 1873 imperfectissima
2108 1811 2159 1859 in
2194 1808 2395 1858 Musica
2426 1808 2519 1859 hat
2553 1822 2646 1873 gar
2680 1808 2799 1857 kein
2835 1820 3113 1859 consonan-

385 1878 542 1935 tiam,
579 1878 648 1927 ist
679 1878 731 1926 in
770 1878 1085 1926 Astronomia
1123 1876 1400 1941 oppositum
1435 1877 1797 1941 planissimum,
1849 1880 1954 1930 also
1990 1894 2127 1931 nona
2160 1880 2347 1945 figura,
2402 1881 2466 1929 ist
2501 1878 2631 1930 auch
2668 1879 2961 1942 imperfecta
2996 1893 3117 1929 con-

387 1949 642 2007 sonantia,
694 1947 803 1997 weil
855 1950 927 1998 sie
971 1950 1047 1997 nit
1081 1949 1313 1997 stimmen
1357 1948 1462 2005 vil,
1515 1964 1674 2015 neque
1725 1965 1837 2001 cum
1882 1953 2121 2009 unisono,
2172 1950 2301 2001 noch
2337 1952 2427 2000 mit
2464 1951 2553 2001 der
2586 1956 2697 2000 sext
2732 1949 2861 1999 noch
2898 1950 2991 1999 mit
3027 1949 3115 2000 der

388 2024 583 2069 octava.
657 2017 744 2070 Da
779 2018 940 2068 dieses
977 2018 1091 2069 sehr
1128 2018 1325 2069 ehnlicb
1367 2032 1530 2069 vnsrm
1567 2021 1755 2071 discurs
1792 2037 1847 2071 so
1886 2024 1973 2071 vir
2008 2023 2059 2071 in
2099 2022 2284 2073 Gor-lits
2322 2024 2411 2071 mit
2449 2021 2689 2071 einander
2740 2021 2955 2086 gehabt,
3008 2021 3117 2069 sein

387 2090 656 2140 resolution
691 2090 783 2141 soll
817 2090 913 2139 mir
947 2104 1040 2155 gar
1073 2090 1172 2139 lieb
1207 2088 1346 2139 sein“
1389 2088 1480 2140 sco.

532 2214 614 2263 Ad
644 2214 774 2263 haec
810 2212 1056 2278 Keplerus
1093 2209 1164 2274 (d.
1207 2210 1292 2261 29.
1328 2212 1432 2263 .Ῐιι1.
1476 2208 1670 2275 1607);

542 2314 662 2367 Das
690 2313 926 2367 Biichlin
965 2329 1088 2367 vom
1132 2313 1595 2384 Corporalischen
1639 2314 2041 2369 octocedronte
2085 2314 2201 2367 hab
2243 2314 2333 2367 ich
2373 2312 2459 2367 nit
2496 2312 2746 2383 gesehen
2764 2352 2777 2375 ‚
2823 2312 2935 2365 hab
2978 2312 3118 2365 aber

279 2392 288 2399 '
387 2393 574 2446 selber
610 2409 714 2446 vor
757 2392 884 2447 ailff
914 2393 1126 2447 Jahren
1180 2394 1538 2463 dergleicben
1587 2399 1793 2447 etwass
1856 2395 2173 2463 aussgeben
2234 2394 2421 2447 lassen
2442 2433 2456 2456 ‚
2518 2393 2662 2446 vnnd
2723 2408 2784 2444 so
2842 2391 2931 2444 ioh
2970 2392 3114 2445 mich

387 2472 546 2527 recht
585 2472 831 2536 besinne,
873 2474 939 2526 E.
983 2475 1043 2527 F.
1089 2474 1322 2527 Gnaden
1365 2490 1432 2527 zu
1475 2474 1688 2527 Gorlitz
1730 2473 1979 2545 gezeigt‚
2023 2475 2277 2544 genandt
2314 2472 2639 2544 Hysterium
2684 2471 3115 2541 Cosmographi-

389 2568 525 2616 cum,
569 2554 767 2606 dessen
807 2553 1194 2607 vnnterscheid
1235 2569 1343 2606 von
1383 2555 1506 2607 dem
1547 2554 1736 2607 Intent
1775 2554 1921 2607 dises
1952 2553 2355 2609 octocedrontis
2397 2552 2543 2606 diser
2584 2552 2673 2611 ist.
2718 2554 2847 2608 dass
2894 2568 2955 2603 er
2997 2550 3113 2604 sich

390 2634 756 2695 verwundert,
799 2632 908 2685 wie
949 2650 1010 2686 es
1052 2633 1288 2702 zugehe‚
1333 2635 1461 2686 dass
1504 2633 1616 2687 alle
1655 2632 1905 2703 Corpora
1942 2632 2229 2705 regularia
2270 2648 2399 2687 auss
2441 2630 2595 2685 disen
2634 2630 3117 2702 Pythagonsoben

387 2712 602 2766 Zahlen
649 2713 698 2765 1.
745 2711 798 2765 2.
843 2711 898 2765 3.
945 2713 1000 2770 4.
1047 2712 1100 2767 5.
1145 2714 1200 2766 6.
1243 2712 1613 2777 herkhomen,
1658 2713 1847 2784 gleich
1887 2714 2001 2767 alss
2044 2715 2269 2767 wiirden
2319 2713 2406 2765 die
2449 2712 2696 2781 Corpora
2744 2728 2821 2763 ex
2874 2710 3117 2764 numeris

389 2792 581 2855 creirt,
626 2791 720 2846 Ich
769 2793 906 2846 aber
947 2792 1206 2864 anzeige‚
1251 2794 1500 2886 Corpora
1541 2810 1664 2848 esse
1705 2799 1909 2848 natura
1952 2794 2137 2863 priora
2176 2809 2297 2848 cum
2338 2809 2525 2847 eorum
2566 2790 2997 2859 compositione,
3022 2795 3119 2843 ut

385 2879 446 2925 et
487 2872 726 2926 musicas
768 2873 1182 2943 proportiones·
1225 2891 1302 2927 ex
1353 2873 1420 2926 iis
1461 2879 1663 2943 postea
1701 2874 1983 2928 conciliari
2036 2873 2369 2945 dignitatem
2420 2871 2655 2926 numeris
2696 2868 3109 2942 Pythagoricis:

389 2952 464 3005 Ut
503 2968 612 3005 non
653 2951 776 3006 ideo
819 2953 990 3006 cubus
1032 2959 1224 3008 nactus
1268 2959 1358 3008 est
1396 2970 1502 3008 sex
1540 2954 1729 3024 plana,
1775 2954 1905 3025 quia
1945 2954 2193 3008 senarius
2235 2960 2325 3008 est
2363 2952 2644 3022 perfectus
2686 2965 2941 3004 numerus
2959 2990 2974 3013 ,
3019 2951 3116 3005 sed

391 3037 588 3084 contra
629 3031 752 3085 ideo
780 3031 1032 3086 senarius
1061 3039 1151 3086 est
1176 3032 1426 3102 pulcher,
1471 3033 1818 3104 quia'eubus.
1862 3035 2097 3103 primum
2123 3050 2337 3102 corpuS,
2381 3032 2557 3086 habet
2596 3036 2683 3086 tot
2723 3031 2922 3099 plana;
2966 3029 3117 3098 prius

392 3110 534 3164 enim
576 3118 670 3166 est
711 3127 800 3165 res
841 3113 994 3184 ipsa,
1051 3119 1256 3182 postea
1299 3112 1382 3166 rei
1423 3113 1578 3168 notio
1617 3113 1814 3168 existit
1852 3113 1909 3168 in
1958 3120 2168 3176 mente,
2226 3127 2481 3170 numerus
2531 3127 2663 3165 vero
2718 3117 2807 3164 est
2848 3111 3117 3179 quaedam

387 3207 568 3243 rerum
611 3190 762 3244 notio
782 3231 796 3252 ,
839 3192 1036 3246 mentis
1081 3208 1238 3262 opus.
1322 3192 1412 3246 Sic
1453 3193 1730 3248 ternarius
1774 3209 1932 3247 sacer
1971 3199 2062 3246 est
2102 3211 2211 3246 non
2251 3192 2601 3264 originaliter
2642 3198 2703 3244 et
2744 3189 2971 3259 propria
3010 3189 3119 3242 vir-

387 3277 533 3333 tute,
595 3273 689 3324 sed
744 3269 876 3340 quia
927 3271 1193 3332 trinitatis
1249 3288 1520 3340 personae
1580 3272 1938 3343 explicantur
1977 3273 2083 3327 hoc
2122 3273 2386 3326 ternario.
2470 3273 2617 3326 Dass
2661 3287 2723 3323 er
2762 3276 2851 3334 ιιι,
2895 3286 2982 3332 re,
3026 3268 3115 3330 mi,

394 3351 481 3412 fa,
527 3349 638 3413 sol,
682 3349 744 3403 la
791 3351 945 3404 zehlt
985 3351 1083 3404 mit
1129 3353 1179 3404 1.
1225 3350 1277 3404 2.
1324 3351 1377 3405 3.
1425 3353 1476 3406 4.
1523 3351 1576 3406 5.
1623 3354 1676 3406 6.
1719 3353 2013 3425 geschicht
2065 3352 2322 3424 populari
2374 3351 2615 3414 ratione,
2667 3351 2815 3403 vnnd
2856 3349 3015 3403 hetto
3058 3365 3121 3402 er

391 3430 533 3482 eben
576 3446 640 3484 so
681 3429 930 3501 ffieglich
971 3431 1174 3485 zehlen
1211 3430 1510 3486 khenden:
1553 3432 1626 3495 la,
1671 3432 1772 3495 sol,
1818 3433 1895 3496 fa,
1939 3431 2027 3494 mi,
2073 3450 2150 3496 re,
2194 3439 2274 3485 ut.
2322 3431 2457 3490 ,Illic
2498 3435 2852 3498 comparatur
2890 3445 3117 3483 acumen

391 3588 748 3654 multitudini,
790 3589 882 3643 hic
920 3589 1194 3661 gravitas,
1239 3597 1300 3643 et
1339 3589 1552 3644 meliori
1583 3591 1732 3661 jure.
1814 3590 1983 3645 Acuti
2022 3591 2168 3645 enim
2208 3605 2381 3645 causa
2418 3587 2763 3660 geometrica
2804 3593 2893 3640 est
2932 3587 3119 3656 parvi·

392 3677 480 3724 tas
497 3711 512 3734 ,
571 3670 764 3741 gravis
805 3685 980 3724 causa
1019 3676 1110 3724 est
1147 3669 1508 3740 magnitud03
1561 3671 1887 3742 magnitudo
1938 3688 2071 3726 vero
2120 3678 2180 3725 et
2218 3669 2508 3724 multitudo
2550 3668 2945 3738 quodammodo
2986 3683 3117 3718 con·

389 3749 636 3804 veniunt.

546 3831 702 3884 Aber
741 3845 910 3883 wann
951 3843 1118 3882 mann
1163 3829 1282 3883 will
1323 3830 1602 3900 exquisite
1643 3830 1919 3894 bandeln,
1976 3837 2107 3884 tune
2157 3846 2265 3884 non
2306 3835 2468 3884 tanto
2510 3833 2600 3882 εει
2639 3824 2867 3899 gravior
2905 3841 3021 3878 vox
3056 3828 3123 3876 ut

385 3924 518 3962 voce
563 3911 649 3972 la,
709 3915 916 3981 quanto
968 3908 1148 3978 major
1188 3911 1225 3964 6
1269 3925 1433 3980 quam
1481 3913 1530 3964 l.
1613 3910 1861 3965 Sondern
1902 3911 2047 3964 allso
2087 3911 2258 3964 findet
2298 3927 2358 3963 es
2400 3908 2517 3962 sich
2558 3909 2614 3963 in
2656 3904 3000 3979 geometrica
3038 3903 3117 3956 di·

385 3989 664 4043 mensione
708 3989 1043 4061 quantitatis
1087 4005 1228 4061 quae
1271 4004 1459 4042 vocem
1500 3991 1648 4044 edit:

844 4075 908 4122 ιιι
986 4080 1047 4203 rge
1227 4086 1288 4122 re
1371 4069 1442 4122 mi
1621 4069 1694 4124 mi
1774 4069 1838 4122 fa
2017 4069 2079 4123 fa
2158 4069 2243 4122 sol
2420 4069 2507 4123 sol
2586 4067 2647 4120 la

1228 4149 1298 4203 10
1394 4148 1429 4201 9
1626 4151 1696 4204 16
1776 4152 1801 4203 1
1814 4149 1847 4203 5
2031 4149 2068 4203 9
2176 4149 2215 4204 8
2434 4151 2504 4204 10
2600 4147 2635 4200 9

387 4227 573 4282 Wann
613 4243 770 4282 mans
812 4243 882 4282 zu
923 4227 1032 4282 eim
999 4147 1502 4284 8Denominatore
1543 4228 1817 4292 reducirt,
1861 4228 2033 4284 findet
2072 4247 2133 4282 es
2177 4228 2295 4283 sich
2336 4229 2494 4283 also.

1139 4314 1206 4360 ut
1363 4323 1426 4360 re
1586 4309 1658 4364 mi
1822 4309 1883 4361 fa
2042 4309 2127 4362 sol
2288 4310 2351 4362 la

1116 4386 1228 4441 180
1345 4389 1456 4442 160
1571 4389 1686 4442 144
1789 4388 1901 4442 135
2028 4389 2141 4442 120
2275 4387 2387 4442 108

381 4465 454 4519 So
498 4463 574 4518 ist
614 4481 674 4518 es
720 4465 1094 4530 arbitrarium,
1139 4467 1268 4520 dass
1311 4481 1437 4519 man
1481 4485 1584 4522 nur
1625 4469 1785 4522 seclis
1828 4483 2027 4522 namen
2068 4471 2167 4522 der
2206 4467 2459 4522 stimmen
2500 4465 2627 4527 bat,
2672 4464 2813 4515 vnnd
2857 4476 3115 4532 gezogen

379 4563 455 4598 ex
497 4544 707 4614 hymno
741 4545 976 4599 Joannis
1013 4546 1328 4617 Baptistae,
1367 4558 1427 4601 ιιι
1461 4559 1650 4618 queant
1683 4555 1810 4603 laxis
1863 4549 1875 4615 Ι
1918 4567 2151 4604 resonare
2186 4554 2320 4603 fibris
2368 4547 2377 4616 Ι
2426 4553 2551 4601 mira
2587 4555 2835 4615 gestorum
2886 4540 2897 4611 Ι
2944 4545 3119 4596 famuli

382 4638 577 4682 tuorum
621 4626 634 4697 Ι
681 4633 814 4684 solve
850 4633 1022 4697 polluti
1071 4628 1082 4695 Ι
1129 4631 1250 4684 labii
1283 4635 1497 4691 reatum,
1535 4639 1712 4684 sancte
1734 4633 1988 4684 Joannes!
2058 4627 2163 4680 Hic
2205 4632 2335 4679 sunt
2376 4627 2411 4679 6
2453 4625 2747 4694 pericopae
2789 4620 3117 4689 incipientes

380 4721 494 4760 una
535 4707 724 4760 a‘ltera
764 4706 936 4760 altius
975 4715 1086 4760 uno
1127 4708 1308 4779 gradu
1350 4705 1519 4768 vocis
1565 4723 1683 4760 cum
1726 4723 1865 4777 ergo
1908 4705 2069 4760 initia
2108 4706 2304 4759 harum
2346 4709 2567 4757 essent.
2610 4709 2675 4755 ut
2712 4717 2775 4755 re
2814 4699 2887 4754 mi
2930 4699 2991 4754 fa
3031 4700 3116 4752 sol

378 4785 468 4849 la,
531 4785 737 4840 mansit
787 4803 982 4842 nomen
1023 4785 1128 4840 hoc
1181 4785 1265 4841 illi
1315 4785 1513 4862 gradui
1567 4787 1752 4852 vocis,
1815 4802 1975 4865 quem
2033 4785 2274 4840 obtinuit
2324 4783 2551 4863 syllaba
2599 4783 2743 4842 haec
2782 4781 2837 4835 in
2878 4778 3119 4837 melodia

377 4861 548 4941 hnjus
589 4865 796 4944 hymni.
