3634 5575
566 372 710 456 258(
1550 366 1557 370 ·
1660 372 1906 445 Apologia
1939 370 2186 437 Tyehonis

567 541 635 617 et
675 533 921 613 Lunae:
972 531 1145 613 quasi
1191 549 1305 591 non
1354 548 1545 610 aeque
1594 530 1668 592 de
1714 538 1794 605 d,
1858 530 1938 604 ῼ,
2002 531 2047 607 ζὲ
2092 548 2164 591 ac
2211 530 2288 589 de
2334 526 2414 606 Θ
2465 534 2530 589 et
2571 529 2625 601 J)
2678 528 2774 589 vel
2821 527 3074 589 Eudoxo
3117 527 3288 609 prius

567 621 951 684 constitisset
997 620 1071 681 de
1120 617 1493 699 digressione
1558 620 1769 681 horum
1816 618 2270 679 evidentissima
2317 617 2394 679 ab
2423 625 2781 698 aequatore:
2843 624 2907 677 et
2943 616 3114 695 quasi
3163 634 3286 675 non

562 698 809 773 zodiaco
858 707 1078 769 circulo
1126 707 1397 787 singulos
1442 726 1550 787 pro
1596 706 1853 786 singulis
1897 706 2162 786 planetis
2198 705 2486 767 Eudoxus
2533 704 2968 777 subordinarit,
3017 703 3118 784 qui
3169 704 3282 765 de-

564 796 905 879 clinationis
952 796 1113 859 illius
1162 796 1522 859 varietatem
1570 794 1906 868 efficerent3
1955 802 2062 857 aut
2110 794 2280 875 quasi
2331 812 2520 874 neque
2553 791 2846 873 Calippus
2895 792 3283 854 animadver„

564 886 735 963 terit,
802 882 845 961 5
902 892 967 947 et
1020 884 1083 959 ‘Ll-
1128 903 1316 963 aeque
1377 892 1557 963 atque
1616 892 1853 945 ceteros
1911 881 1951 945 5
2001 882 2257 945 diversis
2321 882 2690 962 temporibus
2747 881 3150 963 inaequaliter
3203 880 3286 941 ab

563 982 888 1055 aequatore
946 973 1194 1035 distare.
1288 974 1502 1052 Itaque
1560 990 1693 1035 cnm
1758 970 1906 1033 nihil
1951 990 2062 1050 pro
2109 990 2178 1033 se
2221 971 2658 1033 Fracastoreus
2714 970 2970 1045 habeat,
3035 974 3288 1048 praeter

562 1080 839 1125 numeros
896 1069 1207 1123 secuturos
1279 1078 1497 1140 eosque
1554 1060 1721 1121 varie
1767 1059 1828 1121 in
1868 1059 2311 1138 exemplaribus
2357 1059 2750 1138 depravatos,
2819 1058 2931 1119 hoc
2987 1057 3052 1121 in
3096 1076 3286 1119 causa

560 1169 802 1213 manere
850 1150 1147 1221 existimo,
1198 1149 1347 1211 duos
1391 1148 1809 1211 tantummodo
1839 1146 1972 1209 Soli
2019 1158 2082 1211 et
2109 1148 2318 1212 Lunae
2367 1148 2542 1209 orbes
2589 1167 2632 1207 a
2676 1141 2934 1227 Calippo
2983 1146 3280 1226 adjectos,

560 1258 677 1300 non
742 1245 1023 1318 quatuor,
1092 1237 1151 1298 h.
1202 1255 1259 1299 e.
1320 1238 1529 1316 cuique
1593 1255 1799 1311 unum3
1869 1236 2138 1297 additum
2187 1254 2328 1297 vero
2393 1236 2645 1315 singulis
2703 1255 2780 1297 ex
2835 1234 3090 1315 quinque
3165 1252 3284 1295 non

560 1324 981 1391 declinationis
1037 1336 1145 1387 aut
1190 1325 1557 1401 latitudinis,
1615 1325 1726 1386 sed
1782 1322 2254 1387 eccentricitatis
2309 1324 2656 1387 efficiendae
2705 1344 2912 1385 causa..
3007 1324 3284 1386 Videant

561 1414 693 1489 alii,
760 1434 843 1483 an
886 1414 1021 1475 sola
1064 1433 1445 1475 numerorum
1480 1414 1805 1475 concordia
1849 1412 2138 1487 sufficiat,
2202 1420 2268 1474 ut
2305 1421 2679 1488 statuamus,
2735 1412 3043 1491 cognitam
3089 1410 3282 1473 fuisse

560 1501 817 1583 Calippo
876 1502 1175 1581 geminam
1224 1502 1281 1563 in
1328 1504 1504 1563 Luna
1570 1500 2094 1581 inaequalitatem,
2163 1500 2242 1561 ad
2288 1500 2458 1581 cujus
2503 1508 2768 1563 motuum
2825 1499 3280 1564 similitudinem
3357 1530 3382 1543 ν

560 1590 745 1653 etiam
806 1589 971 1653 Solis
1044 1590 1537 1670 inaequalitatem
1602 1590 1901 1669 geminam
1969 1588 2201 1651 fecerit.
2303 1590 2556 1651 Manent
2617 1588 2800 1668 igitur
2864 1589 2978 1651 hac
3040 1589 3279 1650 ratione

552 1676 593 1759 15
642 1678 810 1752 etQ-l
854 1679 1033 1739 orbes
1080 1678 1386 1759 quaterni,
1456 1686 1533 1753 ὀ,
1583 1682 1653 1755 ζὲ,
1715 1678 1764 1751 Q
1813 1679 2060 1755 veniunt
2105 1678 2280 1739 orbes
2329 1677 2516 1758 quini,
2578 1674 2658 1753 Θ
2701 1686 2766 1739 et
2807 1680 2860 1749 D
2922 1676 3138 1739 infimis
3187 1675 3282 1751 (in

558 1767 955 1835 Aristotelico
1004 1766 1393 1846 sphaerarum
1430 1767 1669 1840 ordine)
1730 1766 1944 1828 itidem
1979 1765 2274 1846 quaterni.
2353 1765 2512 1828 Hinc
2567 1766 2670 1827 lux
2697 1766 2966 1829 ,affertur
3019 1765 3280 1827 obscuro

552 1854 908 1927 Aristotelis
957 1856 1087 1917 loco
1145 1854 1247 1916 lib.
1297 1856 1379 1917 11.
1439 1856 1511 1916 de
1571 1856 1738 1916 coelo
1794 1874 1931 1935 cap.
1986 1852 2086 1916 12.
2179 1854 2292 1915 Ait
2335 1853 2419 1915 ibi
2465 1853 2864 1917 Aristoteles:
2932 1854 3079 1934 „qui
3131 1853 3277 1934 pla-

557 1951 736 2014 netae
784 1942 1043 2008 medium
1090 1952 1364 2011 teneant,
1432 1944 1852 2022 eos-pluribus
1907 1938 2171 2025 motibus
2218 1942 2430 2005 cieri.“
2517 1944 2752 2021 Nempe
2799 1942 2896 2005 hic
2942 1950 3022 2017 ό,
3071 1944 3146 2021 ζὲ,
3199 1942 3282 2016 Ω,

554 2032 737 2098 medii
782 2033 1107 2104 secundum
1152 2032 1583 2107 Aristotelem,
1633 2032 1829 2111 quinis
1876 2032 2139 2094 motibus
2186 2030 2438 2105 cientur,
2485 2026 2526 2109 Β
2559 2039 2638 2092 et
2680 2030 2744 2105 ‘ll
2787 2029 3028 2105 summi,
3081 2027 3162 2107 Θ
3214 2039 3282 2091 et

553 2122 617 2205 D·
670 2119 798 2195 imi,
860 2120 1169 2201 quaternis
1226 2128 1483 2183 tantum.
1577 2118 1712 2191 Quo
1770 2122 1868 2181 vel
1923 2120 2054 2186 solo
2114 2120 2244 2181 loco
2305 2128 2517 2181 nostra
2569 2117 2994 2197 interpretatio
3059 2126 3280 2181 contra

552 2210 1019 2274 Fracastoreum
1063 2210 1341 2274 munitur.
1431 2210 1743 2272 Hactenus
1791 2226 1936 2287 ergo
1982 2226 2162 2269 unam
2207 2214 2445 2286 partem
2489 2207 2784 2287 propositi
2821 2208 2916 2269 sui
2961 2207 3279 2287 expedivit

554 2296 951 2369 AristoteleS,
1014 2298 1153 2359 dum
1200 2316 1384 2377 supra
1428 2297 1547 2359 sibi
1592 2296 1906 2375 proposuit
1959 2295 2492 2375 „interrogandos,
2549 2296 2648 2376 qui
2705 2296 2854 2359 haec
2899 2295 3277 2375 inquirunt.“

552 2385 699 2465 Jam
742 2384 1011 2465 sequitur
1058 2387 1257 2450 altera
1300 2404 1481 2465 pars;
1544 2384 1789 2458 dicebat
1831 2404 2088 2465 namque
2133 2384 2399 2463 „partim
2455 2384 2570 2445 sibi
2619 2383 3022 2464 quaerendum
3067 2383 3274 2447 esse.“

551 2475 763 2553 Itaque
812 2473 985 2535 addit
1031 2473 1120 2545 (in
1166 2474 1438 2553 Metaph.
1488 2472 1603 2535 loc.
1654 2472 1819 2546 cit.):
1883 2474 1981 2547 „si
2027 2482 2230 2535 autem
2277 2491 2483 2533 omnes
2531 2472 2705 2534 simul
2757 2471 2996 2552 positae
3045 2472 3274 2535 debent

556 2562 991 2643 apparentibus
1040 2562 1420 2637 satisfacere,
1469 2581 1729 2639 necesse¹
1764 2569 1863 2633 est
1909 2560 2234 2626 secundnm
2281 2580 2753 2641 unumquemque
2793 2562 3106 2640 planetam
3133 2579 3274 2621 esse

532 2642 729 2730 alias.
758 2651 1069 2729 sphaeras.
1102 2650 1605 2747 unfi,‚pauciores,
1654 2668 1805 2729 quae
1855 2652 2174 2719 revolvant
2221 2658 2284 2710 et
2329 2648 2408 2718 ad
2456 2650 2617 2711 idem
2661 2650 2992 2719 restituant
3035 2667 3274 2729 semper

555 2738 812 2819 primam
858 2738 1189 2820 sphaeram.
1226 2740 1463 2822 stellae,
1492 2739 1663 2816 infra,
1697 2738 2043 2816 ordinatae:
2105 2737 2216 2802 hoc
2265 2738 2419 2813 enim
2464 2746 2646 2818 pacto
2697 2738 2891 2802 solum
2936 2736 3278 2818 continget,

552 2829 935 2908 planetarum
984 2837 1203 2897 motus,
1229 2836 1545 2907 praestare
1593 2828 1824 2906 omnia,
1883 2827 2446 2906 quae.apparent‚.“
2533 2827 2651 2888 Hic
2697 2847 2792 2888 me
2841 2825 3125 2890 aliorsum
3171 2826 3280 2888 inv.

555 2916 883 2978 clinantem
940 2917 1379 2978 Fracastoreus
1443 2916 1503 2978 in
1559 2916 1751 2988 viam..
1783 2916 2055 2993 reduxit:
2119 2914 2408 2996 quamvis.
2454 2915 2514 2976 in
2577 2915 2932 2994 quibusdam
2995 2914 3074 2983 ab
3135 2915 3272 3008 insu

450 3009 458 3014 ’
554 3003 881 3067 etiamnum
927 3003 1303 3078 dissentiam,
1355 3023 1603 3085 quorum
1650 3005 1761 3066 hoc
1790 3003 2064 3083 primum
2088 3011 2225 3082 est,
2273 3003 2430 3083 quod
2477 3022 2630 3084 quae
2679 3005 2776 3066 hic
2823 3004 2902 3066 ab
2929 3002 3271 3078 Aristotele.

407 3147 433 3160 ,
552 3093 687 3170 ipso
718 3085 1167 3154 'subnectuntur
1224 3092 1641 3172 philosophica
1684 3092 1904 3171 magia,
1951 3111 2128 3172 quam
2156 3091 2582 3166 astronomica,
2632 3093 2758 3172 ipse
2797 3093 2984 3157 etiam
3011 3089 3272 3171 calippo

556 3179 793 3253 tribuit,
865 3181 1024 3260 quod
1086 3181 1531 3250 inconsiderate
1589 3182 1836 3245 factum.
1928 3182 2142 3261 Itaque
2197 3180 2487 3243 Eudoxus
2549 3189 2614 3242 et
2661 3179 2954 3261 Calippus
3015 3181 3272 3247 totidem

557 3269 865 3348 ponebant
928 3269 985 3330 in
1045 3269 1296 3348 singulis
1358 3271 1741 3348 planetarum
1794 3269 2072 3351 sphaeris
2127 3269 2336 3344 orbes,
2402 3276 2546 3349 quot
2601 3276 2868 3332 motuum
2928 3268 3284 3333 varietates.

558 3357 1157 3435 deprehendebantur
1204 3357 1263 3418 in
1312 3359 1512 3420 stella.
1604 3358 1978 3420 Aristoteles
2033 3357 2427 3438 philosophus
2483 3357 2673 3421 utitur
2719 3359 3021 3420 axiomate
3065 3357 3268 3436 philo-

554 3445 834 3526 sophicO,
900 3445 1222 3525 superioris
1284 3457 1512 3508 motum
1574 3447 1892 3526 sphaerae,
1929 3445 2355 3511 communicari
2412 3464 2546 3507 cum
2605 3444 3019 3521 inferioribuS,
3089 3445 3284 3525 idque.

555 3541 734 3612 raptu
782 3534 1064 3613 quodam,
1125 3543 1192 3596 ut
1236 3529 1611 3614 quotcunque
1651 3535 1940 3611 motibus.
1980 3535 2239 3598 cieretur
2284 3533 2490 3613 aliqua
2533 3534 2836 3614 superior,
2904 3534 3157 3611 totidem
3205 3542 3290 3598 ek

554 3641 761 3684 omnes
809 3621 981 3695 illas,
1042 3641 1195 3702 quae
1242 3623 1403 3685 infra
1447 3622 1602 3685 hanc
1650 3623 1800 3698 sint,
1863 3623 2046 3702 cieri,
2103 3622 2220 3685 nisi
2265 3623 2604 3686 renitantur
2657 3621 2902 3703 proprio
2965 3631 3033 3693 et
3083 3622 3268 3689 insito

556 3709 815 3788 quodam
861 3719 1059 3771 motus
1106 3710 1417 3790 principie.
1510 3713 1723 3791 Itaque
1772 3711 1913 3792 quia
1957 3711 2219 3791 exempli
2265 3711 2470 3790 gratia
2515 3711 2668 3774 imus
2698 3707 2738 3788 Β
2769 3710 2930 3774 orbis
2978 3707 3270 3786 annisBO

554 3798 843 3873 circumit,
893 3808 1175 3877 rapturus
1222 3810 1319 3860 est
1363 3800 1619 3878 primum
1662 3800 1856 3875 Jovis,
1905 3808 1974 3862 ut
2011 3801 2061 3860 is
2091 3801 2341 3863 fixarum
2379 3807 2604 3866 motum
2633 3808 2892 3880 nequeat
2920 3800 3266 3866 observare.

558 3884 945 3964 Quapropter
1002 3894 1243 3964 oportet
1297 3888 1501 3948 orbem
1554 3887 1809 3966 primum
1855 3888 1915 3962 'll
1971 3887 2028 3949 iu
2077 3888 2441 3966 contrarium
2483 3888 2762 3963 tendere,
2826 3897 2896 3952 ut
2955 3889 3129 3952 annis
3177 3884 3267 3949 30

552 3976 739 4035 semel
784 3975 964 4036 imum
1002 3975 1251 4036 Saturni
1296 3975 1354 4036 in
1404 3974 1745 4056 oppositum
1790 3985 2108 4055 percurrat
2153 3985 2218 4038 et
2259 3976 2350 4037 sic
2395 3977 2606 4038 eodem
2655 3977 2783 4038 loco
2825 3985 3089 4042 maneat.
3175 3975 3268 4036 At

556 4063 665 4122 hoc
713 4063 936 4142 primus
983 4063 1043 4138 ‘74
1086 4073 1401 4142 praestare
1450 4066 1673 4145 nequit,
1726 4065 1912 4126 habet
1958 4065 2113 4129 enim
2151 4065 2316 4128 aliud
2342 4063 2623 4137 officinm,
2669 4073 2738 4128 ut
2775 4074 3063 4144 sequatur
3091 4066 3266 4140 fixas,

558 4158 621 4210 et
668 4150 917 4212 Terram
974 4151 1301 4214 circumeat
1357 4153 1519 4214 horis
1568 4150 1673 4216 24.
1769 4154 1980 4234 Itaque
2037 4155 2508 4216 restituente
2563 4153 2660 4214 hic
2717 4172 2867 4233 opus
2915 4162 3040 4228 est,
3109 4172 3265 4234 quae

552 4238 683 4300 loco
721 4240 949 4317 primae
979 4239 1216 4313 Joviae,
1264 4240 1323 4302 id
1372 4241 1527 4320 quod
1576 4242 1988 4304 necessarium
2017 4261 2151 4304 esse
2179 4241 2458 4316 diximus,
2501 4240 2751 4302 efficiat.
2845 4241 3034 4304 Porro
3063 4251 3268 4304 autem

552 4327 665 4388 hac
720 4328 1081 4390 restituente
1138 4331 1214 4390 ab
1262 4329 1435 4390 unico
1482 4339 1647 4392 motu
1700 4330 1857 4390 imae
1907 4328 2230 4392 Saturniae
2288 4329 2604 4403 liberatur,
2675 4329 2897 4390 ceteris
2942 4328 3267 4394 Saturniae

554 4415 850 4492 sphaerae
907 4417 1233 4478 etiamnum
1288 4416 1565 4478 obnoxia.
1661 4416 2050 4498 Quapropter
2112 4418 2364 4480 totidem
2409 4417 2892 4494 ,restituentibus
2951 4437 3105 4498 opus
3149 4417 3270 4479 erit

551 4503 819 4580 proxime
868 4503 1025 4566 infra
1070 4503 1347 4584 sequenti
1394 4504 1535 4566 Jovi
1582 4504 1828 4586 ejusque
1875 4503 2064 4584 primo
2103 4505 2258 4580 orbi,
2310 4514 2457 4586 quot
2501 4506 2740 4568 omnino
2789 4506 3032 4572 orbibus
3079 4524 3266 4584 supe-

552 4589 673 4660 rior
718 4587 757 4670 ij
806 4593 1026 4654 fertur:
1090 4592 1211 4656 una
1256 4592 1469 4654 minus.
1562 4593 1723 4656 Nam
1770 4593 1868 4655 ubi
1927 4593 2124 4673 prima
2165 4593 2340 4656 ,Iovis
2401 4612 2508 4673 per
2553 4595 2946 4662 restituentes
3005 4595 3270 4658 liberata

554 4677 736 4740 fuerit
793 4681 869 4740 ab
918 4679 1055 4743 aliis
1102 4681 1351 4744 Saturni
1398 4681 1687 4756 motibus,
1748 4681 2008 4746 obnoxia
2059 4691 2262 4746 tamen
2321 4683 2514 4748 adhuc
2559 4682 2786 4762 primae
2832 4679 3068 4764 b,.,non
3115 4703 3266 4764 opus

552 4775 651 4827 est
695 4767 863 4830 illam
909 4771 1090 4830 etiam
1148 4769 1224 4832 ab
1272 4769 1449 4848 hujus
1498 4779 1661 4844 motu
1719 4771 1991 4834 liberari:
2051 4791 2186 4836 cum
2231 4770 2537 4852 utriusque
2593 4771 2754 4848 idem
2785 4779 3014 4847 .motus
3069 4773 3154 4834 sit
3200 4781 3266 4834 et

551 4855 885 4918 communis
932 4858 1225 4936 sphaerae
1273 4859 1543 4928 fixarum.
1638 4856 2156 4938 Quemadmodum
2211 4859 2412 4940 igitur.
2438 4855 2734 4942 primast}
2766 4867 2996 4927 motum
3037 4861 3268 4938 nullum
