3634 5575
1539 316 1714 365 cenea
1747 310 1947 365 Uram.
2968 306 3103 377 265

376 469 522 551 pinq
531 478 668 533 uae·
703 484 850 531 vero
909 468 1356 533 numerationes
1373 517 1390 547 ,
1460 470 1716 535 artificio
1773 469 2352 533 demonstrationum
2398 468 2731 575 destitutae
2742 488 2763 545 ς
2828 470 2987 574 quod
3024 490 3099 533 ex

375 558 484 621 illa
529 558 714 637 longa
755 557 1092 621 Ptolemaei
1137 559 1530 623 excusatione
1576 560 1680 623 lib.
1729 558 1844 624 IX.
1892 558 2063 623 initio
2114 557 2293 621 facile
2340 558 2545 639 colligi
2590 564 2826 663 potest:
2886 558 3099 663 dispo-

370 654 572 709 tatum
615 646 800 707 etiam
843 647 1012 711 varie
1061 649 1191 721 fuit,
1239 666 1495 729 quonam
1538 658 1722 730 pacto
1767 656 2055 729 punctum
2102 654 2335 709 certum
2380 654 2747 750 geometrice
2790 646 3101 751 designan

371 742 578 818 queat,
627 733 690 796 in
738 753 852 816 quo
898 736 1150 817 planeta
1195 744 1360 800 stare
1407 738 1716 801 videatur:
1783 756 1919 801 cum
1983 737 2135 800 haec
2190 754 2289 799 res
2349 754 2467 797 non
2515 736 2694 839 aliter
2715 824 2729 838 ι
2750 754 2874 839 nusi
2911 753 3101 838 prope

365 842 576 887 verum
639 825 927 889 constitui
981 831 1046 887 et
1089 826 1456 889 numerando
1512 825 1718 907 colligi
1781 843 1967 906 posse
2012 824 2371 927 videretur..
2431 824 2659 887 Extitit
2710 832 2906 927 igitur·
2939 831 3101 887 mter

369 920 610 977 ceteros
657 921 722 977 et
764 914 1150 995 Pergaeus
1195 923 1612 997 geometra,
1660 915 1975 996 problema
2020 920 2408 1013 geometricis
2457 914 2942 1016 accommodavit
2986 913 3099 1016 de·-

369 1002 930 1080 monstrationibus,
979 1022 1169 1087 eaque
1217 1004 1332 1067 sibi
1377 1004 1624 1080 sumsit,
1673 1003 1889 1086 quibus
1939 1019 2245 1065 concessis
2294 1002 2579 1081 expedne
2627 1002 3099 1067 demonstratio-

365 1111 508 1153 nem
571 1099 885 1173 speraret:
955 1112 1108 1173 quae
1177 1094 1416 1177 quidem
1479 1092 1918 1157 demonstratio
1985 1087 2323 1153 admirabili
2386 1090 2667 1171 profecta
2726 1089 2967 1171 ingenio
3034 1096 3101 1150 et
3195 1118 3211 1128 »

365 1180 713 1244 inventione
759 1182 1180 1257 solertissima,
1207 1181 1410 1263 'plane
1455 1183 1726 1247 conica
1769 1180 1903 1262 ejus
1953 1179 2185 1243 autoris
2230 1178 2415 1258 sapit.
2504 1179 2603 1282 pe
2642 1198 2715 1243 eo
2762 1180 2853 1242 sic
2878 1179 3097 1241 Ptole·-

367 1288 578 1331 maeus
623 1270 900 1351 (Almag.
945 1272 1099 1347 XII,
1162 1271 1293 1345 1.):
1357 1272 1693 1353 Supposita
1745 1288 1867 1331 uua
1927 1267 2148 1330 saltem
2216 1266 2659 1347 inaequalitate
2723 1275 2953 1343 motus,
3020 1285 3098 1327 ea

367 1374 614 1439 nempe,
665 1378 816 1439 quae
864 1360 941 1421 ad
989 1359 1208 1425 Solem
1237 1363 1596 1438 restituitur,
2295 1379 2387 1429 rir-
2418 1380 2461 1421 ⁴·

365 1448 668 1525 geminam
699 1448 1036 1511 instituisse
1068 1452 1320 1513 formam
1347 1452 1594 1532 proble-

365 1535 566 1599 matis.
648 1536 852 1599 Primo
899 1537 950 1599 si
986 1537 1142 1602 hanc
1187 1540 1592 1621 inaequalita-

365 1634 490 1689 tem
537 1630 668 1709 quis
714 1629 778 1691 in
823 1630 1094 1715 epicyclo
1141 1642 1378 1699 statuat
1419 1638 1588 1701 acci-

365 1718 536 1794 dere,
601 1718 693 1781 ita
752 1726 821 1782 ut
881 1720 1134 1803 epicycli
1195 1733 1466 1789 centrum
1527 1725 1590 1791 in

365 1810 742 1873 comentrico
801 1819 1116 1875 moveatur
1167 1815 1226 1879 in
1287 1818 1592 1899 signorum

365 1900 812 1979 consequentia,
859 1900 1040 1964 stella
1083 1902 1144 1965 in
1183 1904 1450 1989 epicyclo
1497 1906 1589 1971 si-

363 1986 586 2050 militer
647 1988 708 2051 in
775 1994 1204 2072 consequentia
1275 2018 1351 2060 ex
1411 2006 1586 2080 parte

363 2076 694 2156 superiori:
749 2078 975 2161 -quibus
1044 2084 1296 2163 positis,
1363 2107 1450 2149 sc.
1525 2089 1589 2152 A

361 2164 584 2240 Terra,
665 2173 730 2228 et
807 2167 1028 2231 circum
1117 2192 1251 2237 eam
1323 2192 1586 2239 concen-

359 2251 512 2315 trico
559 2252 695 2329 GE,
753 2254 929 2337 inque
976 2278 1048 2321 eo
1099 2262 1366 2347 epicyclo
1415 2262 1590 2329 GFH

361 2340 522 2403 circa
551 2341 600 2407 C
641 2351 932 2421 centrum,
981 2355 1046 2411 et
1074 2346 1218 2413 Sole
1247 2372 1484 2433 semper
1527 2354 1586 2415 in

359 2428 521 2492 linea
545 2432 659 2494 FA
687 2442 990 2509 versante,
1039 2437 1204 2502 ducit
1229 2441 1590 2521 Apollonius

361 2518 578 2581 lineam
607 2518 848 2583 AHEG
883 2525 1088 2600 talem,
1135 2536 1206 2591 ut
1247 2529 1364 2593 ΕΗ
1407 2531 1588 2594 dimi-

359 2604 520 2669 dium
580 2608 876 2688 portionis
936 2613 1100 2677 intra
1163 2618 1446 2683 circulum
1509 2621 1591 2683 ad

357 2694 504 2769 AH,
572 2698 874 2762 residuum
939 2703 1016 2764 ab
1071 2706 1243 2768 oculo
1289 2707 1350 2770 A
1405 2710 1484 2771 ad
1527 2710 1592 2773 H

361 2803 690 2850 convexam
745 2790 997 2874 epicycli
1059 2801 1323 2874 partem,
1389 2797 1470 2862 sit
1526 2799 1589 2861 in

359 2893 434 2936 ea
475 2879 881 2956 proportione,
927 2880 988 2943 in
1035 2901 1156 2962 qua
1199 2895 1298 2949 est
1339 2883 1594 2972 epicycli

357 2963 654 3027 velocitas
710 2987 784 3030 ex
827 2965 880 3032 C
935 2969 996 3031 in
1042 2971 1097 3032 Ε
1153 2972 1234 3035 ad
1287 2976 1586 3041 velocita-

357 3057 482 3114 tem
546 3055 762 3118 stellae
827 3075 905 3118 ex
949 3059 1002 3120 F
1047 3061 1108 3122 in
1169 3059 1270 3125 G:
1335 3064 1588 3129 demon-

355 3145 662 3221 stratque,
707 3144 762 3206 si
806 3146 1056 3224 planeta
1097 3149 1159 3212 in
1205 3151 1266 3213 id
1311 3163 1598 3232 punctum
1645 3157 1704 3219 Η
1751 3157 2017 3236 incidat,
2080 3166 2247 3222 stare
2296 3158 2495 3224 visum
2540 3159 2633 3224 iri.
2728 3159 2839 3224 Sin
2884 3169 3104 3226 autem·

357 3228 490 3308 quis
537 3230 709 3294 malit
752 3232 910 3296 hanc
957 3235 1473 3318 inaequalitatem,
1519 3264 1674 3325 quae
1721 3255 2076 3327 respectum
2102 3247 2289 3310 habet
2335 3249 2414 3311 ad
2444 3247 2674 3325 Solem,
2720 3268 2829 3330 per
2872 3270 3093 3316 eccen-

265 3321 275 3330 '
357 3317 572 3380 tticum
603 3321 1048 3400 administrare,
1086 3326 1408 3390 valituram
1436 3331 1592 3396 hauc

351 3407 651 3470 rationem
696 3411 933 3474 nonnisi
977 3414 1038 3476 in
1087 3411 1128 3478 3
1157 3417 1581 3497 superioribus,

353 3495 454 3575 qui
481 3497 638 3560 omni
667 3508 1016 3580 aspectuum
1056 3503 1251 3567 forma
1278 3526 1411 3570 cum
1439 3506 1584 3573 Sole

351 3585 823 3666 configurentur,
880 3597 944 3652 et
989 3599 1265 3671 oportere
1313 3602 1586 3661 centrum

351 3671 531 3753 hujus
579 3676 896 3740 eccentrici
953 3680 1116 3744 circa
1159 3689 1428 3748 centrum
1475 3706 1583 3751 zo-

351 3760 509 3824 diaci
557 3765 892 3847 aequaliter
918 3765 1048 3831 Soli
1077 3772 1304 3835 moveri
1341 3775 1400 3837 in
1435 3796 1584 3840 cou-

351 3853 696 3931 sequentia,
763 3857 1007 3920 stellam
1064 3879 1208 3924 vero
1251 3861 1313 3924 in
1360 3883 1581 3929 eccen-

349 3939 524 4016 trico,
573 3942 734 4005 circa
779 3950 1050 4010 centrum
1093 3947 1284 4030 ipsius
1311 3953 1370 4014 in
1397 3971 1583 4033 prae-

351 4029 654 4107 cedentia,
700 4031 1154 4114 inaequalitatis
1198 4037 1366 4102 i''ius
1395 4043 1581 4106 motui

353 4119 705 4198 aequaliter.
801 4119 1036 4193 Quibus
1081 4125 1300 4190 iterum
1344 4131 1580 4209 positis,

348 4223 435 4268 sc.
480 4207 532 4269 F
577 4209 794 4284 Terra,
843 4211 936 4284 N,
989 4211 1044 4274 Ε
1109 4223 1314 4280 centro
1362 4239 1578 4283 eccen-

348 4294 512 4370 trici,
577 4297 742 4360 circa
795 4299 848 4361 F
911 4319 1106 4364 annuo
1169 4312 1338 4368 motu
1402 4309 1576 4372 volu-

345 4382 452 4446 bili
498 4385 600 4447 via
642 4385 846 4464 NEQ,
915 4389 972 4452 A
1017 4409 1162 4454 vero
1213 4394 1464 4474 planeta
1517 4397 1577 4461 in

346 4475 682 4537 eccentrico
715 4494 926 4540 versus
954 4477 1124 4544 BCT
1149 4490 1376 4546 motum
1404 4506 1578 4548 com-

345 4563 698 4625 mutationis
728 4563 1094 4647 (Oopernico
1135 4570 1388 4644 dictum)
1433 4593 1578 4653 per-

343 4649 616 4726 ficiente3
675 4652 838 4718 ducit
891 4675 1124 4720 rursum
1177 4677 1288 4739 per
1325 4662 1378 4723 F
1421 4663 1580 4725 Ter-

345 4756 475 4800 ram
521 4739 740 4804 lineam
771 4743 977 4816 talem,
1025 4755 1096 4810 ut
1140 4747 1438 4812 medietas
1469 4749 1580 4814 OT

341 4825 538 4892 lineae
566 4827 674 4891 BT
701 4831 920 4898 ductae
965 4837 1414 4924 proportionem
1443 4859 1577 4910 eam
