3634 5575
2741 1027 2890 1060 lllll

1754 1344 2009 1444 Caput·
2053 1343 2109 1417 Ι.
2413 1447 2418 1455 ¹

856 1525 1103 1604 Quibus
1145 1521 1503 1586 rationibus
1550 1519 1888 1603 Capu-nim·
1929 1519 2298 1602 hypotheses
2325 1519 2496 1601 fiant
2541 1525 3006 1604 emendandae.

1256 1627 1349 1691 Ec
1390 1626 1732 1710 eaplicatio
1779 1625 2214 1706 hypothesium
2263 1623 2614 1710 Oopemiot'·
2985 1667 2990 1672 -

748 1786 889 1848 Etsi
934 1785 1097 1866 pium
1141 1793 1259 1858 est,
1306 1785 1515 1850 statim
1560 1783 1638 1848 ab
1686 1783 1858 1851 initio
1905 1781 2080 1863 hujus
2127 1783 2200 1844 de
2240 1791 2462 1846 natura
2477 1782 2915 1864 disputationis
2947 1784 3168 1861 videns,
3215 1807 3300 1850 au

574 1875 719 1938 nihil
764 1873 975 1938 Sacris
1020 1872 1659 1936 Literis1contrarium
1706 1872 1976 1936 dicatur:
2024 1871 2516 1954 intempestivum
2563 1881 2765 1936 tamen
2813 1872 3114 1946 existima.
3161 1895 3300 1940 eam

573 1962 1044 2027 controversiam
1088 1962 1183 2023 hic
1222 1981 1463 2024 movere
1510 1961 1675 2041 prius
1722 1960 2260 2041 atque:solliciter.
2291 1965 2347 2035 ⁸)
2415 1960 2570 2022 Illud
2611 1961 2673 2024 in
2720 1979 2942 2042 genere
2987 1964 3300 2042 promitto,

572 2053 717 2115 nihil
762 2071 858 2114 me
908 2051 1224 2132 dicturum,
1266 2051 1437 2132 qnod
1480 2049 1812 2113 iusseras
1859 2049 2104 2111 Literas
2151 2049 2424 2129 injurium
2465 2049 2581 2124 sit,
2629 2057 2694 2110 et
2739 2049 2793 2110 si
2839 2051 3014 2129 cujus
3054 2045 3296 2132 copes-⁶

574 2143 739 2204 nicus
784 2159 1016 2203 mecum
1064 2139 1472 2214 convincatur,
1522 2157 1630 2218 pro
1660 2139 1840 2199 unllo
1889 2137 2250 2200 habiturum.
2316 2139 2520 2218 Atque
2559 2157 2634 2200 ea
2662 2157 2831 2200 mens
2866 2139 3009 2202 mihi
3057 2159 3302 2220 semper

575 2230 717 2304 fuit,
766 2229 906 2291 inde
956 2248 993 2289 a
1038 2247 1156 2308 quo
1204 2226 1519 2308 Copernici
1567 2224 2032 2288 Revolutionum
2081 2226 2264 2288 libros
2313 2243 2676 2306 cognoscere
2725 2227 2922 2307 coepi<
2977 2235 2983 2240 '

751 2315 903 2380 Cum
950 2317 1133 2396 igitur
1178 2316 1292 2379 hac
1340 2316 1396 2377 in
1445 2324 1620 2397 parte
1670 2315 1836 2378 nulla
1882 2314 2166 2394 religione
2214 2315 2554 2396 impedirer,
2603 2334 2717 2397 quo
2765 2315 2958 2377 minus
2999 2315 3296 2398 Coperni-

572 2427 704 2470 cum
753 2405 804 2468 si
852 2414 1261 2467 consentanea
1307 2405 1540 2468 diceret
1584 2403 1886 2475 audirem,
1945 2401 2202 2484 primam
2248 2403 2424 2468 fidem
2473 2403 2615 2466 mihi
2666 2404 2811 2466 fecit
2855 2403 2961 2468 illa
3005 2407 3292 2486 pulcher-

572 2495 723 2558 rima
766 2493 1047 2568 omnium,
1097 2513 1255 2575 qnae
1300 2493 1358 2556 in
1406 2494 1576 2554 coelo
1624 2501 1942 2573 apparent,
1990 2513 2124 2556 cum
2168 2493 2411 2573 placitis
2461 2491 2780 2573 Copernici
2827 2495 3177 2558 consensio:
3227 2504 3298 2558 ut

573 2583 671 2664 qui
718 2601 835 2646 non
882 2584 1075 2644 solnm
1121 2590 1323 2644 motus
1370 2580 1735 2662 praeteritos
1766 2580 2086 2644 ex.ultima
2113 2582 2475 2663 antiquitate
2505 2582 2801 2662 repetitos
2828 2584 3298 2658 demonstraret,

572 2672 681 2734 sed
728 2672 917 2734 etiam
964 2672 1198 2734 futuros
1244 2679 1467 2740 autea,
1524 2689 1641 2732 non
1690 2668 1928 2749 quidem
1975 2669 2341 2748 certissime,
2407 2672 2516 2734 sed
2572 2681 2774 2734 tamen
2823 2673 3019 2752 longe·
3048 2673 3302 2748 certius,

571 2780 749 2842 quam
794 2759 1214 2834 Ptolemaeus,
1276 2759 1627 2840 Alphonsus
1682 2768 1745 2819 et
1787 2759 2010 2830 ceteri,
2058 2759 2306 2823 diceret.
2399 2760 2557 2824 Illud
2600 2769 2806 2823 :autem
2851 2761 3027 2842 longe
3075 2762 3292 2842 majus,

572 2850 729 2931 quod
778 2868 931 2929 quae
989 2866 1068 2908 ex
1121 2848 1256 2909 aliis
1322 2848 1537 2911 mirari*
1591 2847 1878 2909 discimus
1901 2894 1917 2919 ,
1983 2865 2190 2910 eorum
2257 2850 2422 2911 solns
2470 2848 2838 2931 Gopernicus
2893 2851 3296 2930 pulcherrime

574 2938 865 2999 rationem
913 2936 1130 3012 reddit,
1181 2956 1544 3018 causamque
1575 2935 2011 3012 admirationiS,
2061 2956 2212 3018 quae
2261 2946 2357 3000 est
2373 2938 2694 3041 ignoratio
2725 2958 3058 3015 causarum,
3109 2939 3291 3003 tollit.

570 3028 887 3106 Nunquam
946 3025 1007 3086 id
1075 3025 1311 3087 facilius
1376 3026 1631 3087 docuero
1698 3025 2026 3099 lectorem,
2097 3046 2275 3107 quam
2337 3026 2389 3087 si
2450 3028 2528 3087 ad
2573 3027 3002 3095 Narrationem
3042 2988 3292 3089 ’Rhetiffi

570 3114 889 3195 legendam
934 3113 1024 3175 illi
1070 3121 1282 3176 auctor
1329 3122 1391 3176 et
1434 3130 1761 3195 persuasor
1808 3112 2092 3176 existam.
2167 3114 2327 3176 Nam
2373 3115 2542 3196 ipsos
2573 3114 2890 3197 Copcrnici
2940 3116 3122 3180 libros
3158 3114 3292 3178 Re-

570 3203 939 3267 volutionum
986 3204 1191 3283 legere
1237 3222 1355 3265 non
1403 3201 1675 3265 omnibus
1720 3210 1925 3264 vacat.

746 3292 953 3373 Atque
1000 3292 1111 3352 hoc
1158 3292 1293 3353 loco
1340 3310 1637 3371 nunquam
1686 3289 1974 3351 assentiri
2019 3290 2184 3369 potui
2233 3290 2384 3367 inis,
2453 3291 2552 3373 qui
2607 3290 2747 3377 freti
2803 3292 3090 3373 exemplo
3125 3290 3291 3354 acci-

575 3381 883 3445 dentariae
932 3380 1495 3456 demonstrationis,
1562 3398 1713 3460 quae
1762 3399 1838 3440 ex
1886 3378 2060 3441 falsis
2103 3379 2456 3459 praemissis
2503 3382 2882 3444 necessitate.
2917 3380 3298 3462 syllogistica

573 3490 779 3533 verum
824 3468 1049 3550 aliquid
1091 3466 1401 3543 iufert‚=¹’)
1468 3468 1601 3550 qui,
1654 3468 1932 3549 inquam,
1980 3467 2092 3528 hoc
2139 3468 2414 3547 exemplo
2465 3468 2604 3529 freti
2651 3470 3116 3543 contendebant,
3163 3470 3292 3531 fieri

571 3578 771 3640 posse,
823 3567 893 3621 ut
937 3560 1133 3621 falsae
1178 3558 1318 3633 sint,
1370 3578 1523 3639 quae
1573 3555 1906 3637 Copernico
1953 3557 2200 3636 placent
2245 3556 2642 3637 hypotheses,
2689 3567 2751 3620 et
2797 3567 3002 3621 tamen
3049 3578 3126 3619 ex
3171 3558 3295 3620 illis

573 3668 716 3709 vera
763 3668 1089 3725 φαινομυα
1135 3653 1425 3727 tanquam
1472 3664 1546 3707 ex
1593 3643 1868 3725 genuinis
1914 3642 2222 3726 principiis
2269 3653 2614 3725 sequantur.

748 3734 1111 3815 Exemplum
1158 3734 1315 3795 enim
1364 3752 1481 3797 nou
1530 3734 1807 3814 quadrat.
1903 3734 2060 3796 Nam
2118 3732 2242 3795 ista
2297 3735 2545 3816 sequela
2599 3752 2677 3797 ex
2723 3735 2896 3797 falsis
2941 3734 3295 3814 praemissis

574 3824 821 3887 fortuita
869 3833 1001 3899 est,
1064 3830 1127 3885 et
1174 3840 1325 3903 quae
1374 3823 1513 3885 falsi
1560 3831 1778 3884 natura
1835 3829 1957 3898 est,
2021 3822 2280 3901 primum
2327 3831 2507 3906 atque
2533 3824 2657 3887 alii
2703 3824 2791 3885 rei
2838 3833 3134 3902 cognatae
3181 3843 3295 3885 ac-

573 3914 1007 3985 commodatur,
1056 3912 1343 3993 seipsam
1373 3911 1603 3995 prodit:
1654 3910 1767 3973 nisi
1813 3920 2028 3991 sponte
2067 3912 2366 3974 concedas
2407 3912 2882 3993 argumentatori
2929 3911 3034 3988 illi,
3085 3923 3154 3975 ut
3195 3911 3294 3973 in-

574 4002 777 4065 finitas
816 4002 971 4063 alias
1000 4002 1193 4063 falsas
1220 4000 1663 4081 propositiones
1694 4009 1984 4075 assumat,
2037 4020 2145 4063 nee
2191 4020 2454 4082 unquam
2501 4001 2558 4063 in
2607 4018 2931 4084 progressu
2979 4020 3295 4082 regressu-

574 4110 685 4171 que
734 4089 849 4152 sibi
895 4090 1011 4171 ipsi
1060 4098 1321 4152 constet.
1415 4088 1617 4152 Aliter
1672 4108 1739 4151 se
1794 4108 1894 4150 res
1951 4090 2135 4151 habet
2190 4110 2324 4152 cum
2393 4108 2504 4164 eo,
2571 4090 2670 4170 qui
2721 4090 2926 4154 Solem
2981 4089 3038 4151 in
3090 4100 3295 4152 centro

574 4181 854 4243 collocat.
950 4180 1105 4242 Nam
1144 4178 1291 4259 jube
1338 4177 1635 4259 quidlibet
1681 4197 1942 4265 eorum,
1991 4196 2144 4258 quae
2210 4198 2423 4241 revera
2476 4178 2536 4241 in
2592 4181 2760 4241 coelo
2819 4188 3153 4259 apparent,
3222 4198 3297 4239 ex

573 4269 761 4329 semel
808 4267 1010 4348 posita
1055 4265 1375 4349 hypothesi
1425 4268 1870 4337 demonstrare,
1917 4266 2191 4347 regredi,
2237 4266 2556 4348 progredi,
2603 4288 2784 4331 unum
2832 4287 2906 4330 ex
2954 4268 3072 4329 alio
3122 4266 3296 4329 colli-

574 4376 735 4436 gere,
786 4366 851 4419 et
898 4355 1133 4438 quidvis
1180 4376 1384 4434 agere,
1434 4375 1585 4435 qnae
1634 4355 1864 4417 veritas
1913 4375 2108 4418 rerum
2155 4354 2425 4435 patitur:
2475 4376 2665 4438 neque
2713 4356 2813 4421 ille
2861 4356 3196 4419 haesitabit.
3237 4356 3296 4417 in

576 4447 735 4521 ullo,
784 4445 833 4507 si
880 4442 1199 4525 genuinum
1246 4444 1355 4517 sit,
1404 4452 1469 4505 et
1515 4445 1610 4506 vel
1658 4463 1735 4505 ex
1780 4443 2252 4507 intricatissimis
2300 4445 2879 4525 demonstrationum
2925 4444 3298 4508 ani'ractibus

575 4533 633 4595 in
683 4552 749 4596 se
797 4552 977 4596 unum
1025 4532 1514 4595 constantissime
1556 4540 1912 4596 revertetur.
1989 4530 2167 4603 Quod
2215 4533 2268 4595 si
2313 4534 2580 4612 objicias,
2629 4534 2788 4596 idem
2834 4534 3057 4615 partim
3103 4534 3298 4597 adhuc

575 4640 759 4702 posse
779 4667 798 4695 ,
861 4621 1083 4701 partim
1130 4621 1268 4684 olim
1316 4620 1587 4702 potuisse
1636 4620 1755 4683 dici
1801 4620 1878 4682 de
1923 4621 2146 4683 tabulis
2191 4629 2258 4684 et
2302 4622 2734 4703 hypothesibus
2781 4623 3046 4704 antiquis
3067 4666 3086 4695 ,
3143 4622 3300 4704 qnod

576 4728 791 4791 nempe
854 4730 1229 4789 φαινομυοις
1292 4709 1717 4785 satisfaciant,
1786 4717 1968 4790 atque
2031 4709 2172 4774 illas
2236 4718 2440 4773 tamen
2498 4731 2537 4772 a
2583 4710 2916 4793 Copernico
2983 4720 3052 4774 ut
3109 4712 3299 4775 falsas

576 4797 786 4878 reJici3
832 4816 1013 4879 posse
1060 4798 1244 4881 igitur
1290 4799 1503 4861 eadem
1552 4797 1787 4863 ratione
1835 4808 1901 4860 et
1947 4796 2280 4879 Copernico
2327 4800 2676 4882 responderi
2697 4850 2713 4877 ,
2765 4820 2977 4883 nempe
3027 4800 3299 4883 quamvis

576 4886 820 4971 egregie
868 4905 1100 4963 eornm,
1150 4908 1299 4972 quae
1348 4895 1647 4972 apparent
1691 4886 1986 4951 rationem
2033 4888 2279 4965 reddat,
2328 4897 2532 4951 tamen
2579 4890 2638 4953 in
2685 4890 3022 4974 hypothesi
3057 4908 3296 4955 errare:
