<?xml version="1.0" encoding="UTF-8"?>
<!DOCTYPE html PUBLIC "-//W3C//DTD XHTML 1.0 Transitional//EN"
    "http://www.w3.org/TR/xhtml1/DTD/xhtml1-transitional.dtd">
<html xmlns="http://www.w3.org/1999/xhtml" xml:lang="en" lang="en">
 <head>
  <title>
</title>
<meta http-equiv="Content-Type" content="text/html;charset=utf-8" />
  <meta name='ocr-system' content='tesseract 3.04.00' />
  <meta name='ocr-capabilities' content='ocr_page ocr_carea ocr_par ocr_line ocrx_word'/>
</head>
<body>
  <div class='ocr_page' id='page_1' title='image "./joanniskepleria30frisgoog_0124.png"; bbox 0 0 3634 5575; ppageno 0'>
   <div class='ocr_carea' id='block_1_1' title="bbox 1362 413 3018 481">
    <p class='ocr_par' dir='ltr' id='par_1_1' title="bbox 1362 413 3018 481">
     <span class='ocr_line' id='line_1_1' title="bbox 1362 413 3018 481; baseline -0.001 -13"><span class='ocrx_word' id='word_1_1' title='bbox 1362 414 1604 468; x_wconf 66' lang='lat' dir='ltr'><strong>anfioni·</strong></span> <span class='ocrx_word' id='word_1_2' title='bbox 1639 415 1934 481; x_wconf 66' lang='lat' dir='ltr'><strong>pomaeria.</strong></span> <span class='ocrx_word' id='word_1_3' title='bbox 2894 413 3018 480; x_wconf 80' lang='lat'><strong>105</strong></span> 
     </span>
    </p>
   </div>
   <div class='ocr_carea' id='block_1_2' title="bbox 288 571 3128 3407">
    <p class='ocr_par' dir='ltr' id='par_1_2' title="bbox 291 571 3128 1544">
     <span class='ocr_line' id='line_1_2' title="bbox 293 571 3015 657; baseline 0.001 -20"><span class='ocrx_word' id='word_1_4' title='bbox 293 574 523 654; x_wconf 87' lang='lat' dir='ltr'><strong>reliquo</strong></span> <span class='ocrx_word' id='word_1_5' title='bbox 566 572 751 636; x_wconf 89' lang='lat' dir='ltr'><strong>etiam</strong></span> <span class='ocrx_word' id='word_1_6' title='bbox 798 573 1043 636; x_wconf 87' lang='lat' dir='ltr'><strong>dimidio</strong></span> <span class='ocrx_word' id='word_1_7' title='bbox 1088 574 1410 637; x_wconf 76' lang='lat' dir='ltr'>excurrat?</span> <span class='ocrx_word' id='word_1_8' title='bbox 1500 573 1553 636; x_wconf 86' lang='grc' dir='ltr'><strong>Ε</strong></span> <span class='ocrx_word' id='word_1_9' title='bbox 1600 571 1812 657; x_wconf 84' lang='lat' dir='ltr'><strong>Styria</strong></span> <span class='ocrx_word' id='word_1_10' title='bbox 1857 575 2156 654; x_wconf 87' lang='lat' dir='ltr'><strong>quondam</strong></span> <span class='ocrx_word' id='word_1_11' title='bbox 2177 617 2198 646; x_wconf 84' lang='lat'>‚</span> <span class='ocrx_word' id='word_1_12' title='bbox 2247 583 2313 637; x_wconf 91' lang='lat' dir='ltr'><strong>ut</strong></span> <span class='ocrx_word' id='word_1_13' title='bbox 2360 574 2514 650; x_wconf 88' lang='lat' dir='ltr'><strong>dixi,</strong></span> <span class='ocrx_word' id='word_1_14' title='bbox 2567 575 2646 638; x_wconf 84' lang='lat' dir='ltr'><strong>ad</strong></span> <span class='ocrx_word' id='word_1_15' title='bbox 2691 575 3015 654; x_wconf 88' lang='lat' dir='ltr'><strong>Braheum,</strong></span> 
     </span>
     <span class='ocr_line' id='line_1_3' title="bbox 294 662 3013 746; baseline 0.001 -21"><span class='ocrx_word' id='word_1_16' title='bbox 294 663 355 725; x_wconf 92' lang='lat' dir='ltr'><strong>id</strong></span> <span class='ocrx_word' id='word_1_17' title='bbox 402 669 501 724; x_wconf 88' lang='lat' dir='ltr'><strong>est</strong></span> <span class='ocrx_word' id='word_1_18' title='bbox 546 662 624 724; x_wconf 83' lang='lat' dir='ltr'><strong>ad</strong></span> <span class='ocrx_word' id='word_1_19' title='bbox 670 682 847 743; x_wconf 86' lang='lat' dir='ltr'><strong>opus</strong></span> <span class='ocrx_word' id='word_1_20' title='bbox 892 663 1334 725; x_wconf 82' lang='lat' dir='ltr'><strong>Tabularum</strong></span> <span class='ocrx_word' id='word_1_21' title='bbox 1378 663 2013 743; x_wconf 85' lang='lat' dir='ltr'><strong>Rudolphinarum</strong></span> <span class='ocrx_word' id='word_1_22' title='bbox 2061 665 2508 740; x_wconf 81' lang='lat' dir='ltr'><strong>maturandum,</strong></span> <span class='ocrx_word' id='word_1_23' title='bbox 2557 666 2866 746; x_wconf 79' lang='lat' dir='ltr'><strong>profectus</strong></span> <span class='ocrx_word' id='word_1_24' title='bbox 2914 677 3013 728; x_wconf 89' lang='lat' dir='ltr'><strong>est</strong></span> 
     </span>
     <span class='ocr_line' id='line_1_4' title="bbox 292 750 3014 834; baseline 0.001 -20"><span class='ocrx_word' id='word_1_25' title='bbox 292 752 531 814; x_wconf 87' lang='lat' dir='ltr'><strong>libellus</strong></span> <span class='ocrx_word' id='word_1_26' title='bbox 578 750 713 827; x_wconf 89' lang='lat' dir='ltr'><strong>iste,</strong></span> <span class='ocrx_word' id='word_1_27' title='bbox 764 771 855 814; x_wconf 88' lang='lat' dir='ltr'><strong>me</strong></span> <span class='ocrx_word' id='word_1_28' title='bbox 904 754 1129 815; x_wconf 82' lang='lat' dir='ltr'><strong>latore:</strong></span> <span class='ocrx_word' id='word_1_29' title='bbox 1178 753 1319 833; x_wconf 88' lang='lat' dir='ltr'><strong>quid</strong></span> <span class='ocrx_word' id='word_1_30' title='bbox 1366 752 1660 826; x_wconf 88' lang='lat' dir='ltr'><strong>insolens,</strong></span> <span class='ocrx_word' id='word_1_31' title='bbox 1730 751 1873 832; x_wconf 91' lang='lat' dir='ltr'><strong>quid</strong></span> <span class='ocrx_word' id='word_1_32' title='bbox 1929 753 2080 814; x_wconf 89' lang='lat' dir='ltr'><strong>adeo</strong></span> <span class='ocrx_word' id='word_1_33' title='bbox 2127 754 2387 815; x_wconf 88' lang='lat' dir='ltr'><strong>alienum</strong></span> <span class='ocrx_word' id='word_1_34' title='bbox 2443 775 2481 814; x_wconf 90' lang='lat' dir='ltr'><strong>a</strong></span> <span class='ocrx_word' id='word_1_35' title='bbox 2524 753 2783 834; x_wconf 87' lang='lat' dir='ltr'><strong>pristino</strong></span> <span class='ocrx_word' id='word_1_36' title='bbox 2830 754 3014 817; x_wconf 88' lang='lat' dir='ltr'><strong>insti-</strong></span> 
     </span>
     <span class='ocr_line' id='line_1_5' title="bbox 296 840 3015 922; baseline 0.001 -20"><span class='ocrx_word' id='word_1_37' title='bbox 296 847 427 903; x_wconf 89' lang='lat' dir='ltr'><strong>tuto</strong></span> <span class='ocrx_word' id='word_1_38' title='bbox 472 847 699 910; x_wconf 83' lang='lat' dir='ltr'><strong>vestro,</strong></span> <span class='ocrx_word' id='word_1_39' title='bbox 747 841 1058 912; x_wconf 87' lang='lat' dir='ltr'><strong>Proceres,</strong></span> <span class='ocrx_word' id='word_1_40' title='bbox 1108 841 1245 922; x_wconf 88' lang='lat' dir='ltr'><strong>quid</strong></span> <span class='ocrx_word' id='word_1_41' title='bbox 1296 840 1549 921; x_wconf 86' lang='lat' dir='ltr'><strong>denique</strong></span> <span class='ocrx_word' id='word_1_42' title='bbox 1596 859 1713 901; x_wconf 86' lang='lat' dir='ltr'><strong>non</strong></span> <span class='ocrx_word' id='word_1_43' title='bbox 1760 849 2000 919; x_wconf 86' lang='lat' dir='ltr'><strong>gratum</strong></span> <span class='ocrx_word' id='word_1_44' title='bbox 2046 841 2428 904; x_wconf 86' lang='lat' dir='ltr'><strong>Ferdinando</strong></span> <span class='ocrx_word' id='word_1_45' title='bbox 2473 841 2832 920; x_wconf 84' lang='lat' dir='ltr'><strong>Imperatori</strong></span> <span class='ocrx_word' id='word_1_46' title='bbox 2881 843 3015 908; x_wconf 86' lang='lat' dir='ltr'><strong>Au-</strong></span> 
     </span>
     <span class='ocr_line' id='line_1_6' title="bbox 292 929 3014 1010; baseline 0.002 -20"><span class='ocrx_word' id='word_1_47' title='bbox 292 937 509 1010; x_wconf 85' lang='lat' dir='ltr'><strong>gusto,</strong></span> <span class='ocrx_word' id='word_1_48' title='bbox 574 929 875 1010; x_wconf 86' lang='lat' dir='ltr'><strong>Rudolphi</strong></span> <span class='ocrx_word' id='word_1_49' title='bbox 922 938 1066 1010; x_wconf 91' lang='lat' dir='ltr'><strong>post</strong></span> <span class='ocrx_word' id='word_1_50' title='bbox 1111 929 1441 992; x_wconf 85' lang='lat' dir='ltr'><strong>Matthiam</strong></span> <span class='ocrx_word' id='word_1_51' title='bbox 1488 929 1854 1004; x_wconf 84' lang='lat' dir='ltr'><strong>successori,</strong></span> <span class='ocrx_word' id='word_1_52' title='bbox 1923 929 2226 1005; x_wconf 80' lang='lat' dir='ltr'><strong>feceritis,</strong></span> <span class='ocrx_word' id='word_1_53' title='bbox 2298 931 2350 992; x_wconf 91' lang='lat' dir='ltr'><strong>si</strong></span> <span class='ocrx_word' id='word_1_54' title='bbox 2399 939 2804 994; x_wconf 87' lang='lat' dir='ltr'><strong>revertentem</strong></span> <span class='ocrx_word' id='word_1_55' title='bbox 2859 951 3014 995; x_wconf 89' lang='lat' dir='ltr'><strong>nunc</strong></span> 
     </span>
     <span class='ocr_line' id='line_1_7' title="bbox 293 1017 3011 1100; baseline 0.001 -20"><span class='ocrx_word' id='word_1_56' title='bbox 293 1017 589 1093; x_wconf 80' lang='lat' dir='ltr'><strong>libellum,</strong></span> <span class='ocrx_word' id='word_1_57' title='bbox 627 1025 895 1080; x_wconf 86' lang='lat' dir='ltr'><strong>veterem</strong></span> <span class='ocrx_word' id='word_1_58' title='bbox 938 1019 1214 1081; x_wconf 87' lang='lat' dir='ltr'><strong>clientem</strong></span> <span class='ocrx_word' id='word_1_59' title='bbox 1253 1025 1539 1091; x_wconf 87' lang='lat' dir='ltr'><strong>vestrum,</strong></span> <span class='ocrx_word' id='word_1_60' title='bbox 1591 1019 1664 1079; x_wconf 92' lang='lat' dir='ltr'><strong>de</strong></span> <span class='ocrx_word' id='word_1_61' title='bbox 1714 1017 1894 1079; x_wconf 87' lang='lat' dir='ltr'><strong>rebus</strong></span> <span class='ocrx_word' id='word_1_62' title='bbox 1939 1017 2174 1081; x_wconf 87' lang='lat' dir='ltr'><strong>interea</strong></span> <span class='ocrx_word' id='word_1_63' title='bbox 2221 1018 2414 1100; x_wconf 86' lang='lat' dir='ltr'><strong>gestis</strong></span> <span class='ocrx_word' id='word_1_64' title='bbox 2470 1020 2761 1096; x_wconf 85' lang='lat' dir='ltr'><strong>audiatis,</strong></span> <span class='ocrx_word' id='word_1_65' title='bbox 2812 1021 2864 1084; x_wconf 90' lang='lat' dir='ltr'><strong>si</strong></span> <span class='ocrx_word' id='word_1_66' title='bbox 2909 1029 3011 1083; x_wconf 80' lang='lat' dir='ltr'><strong>ta-</strong></span> 
     </span>
     <span class='ocr_line' id='line_1_8' title="bbox 295 1091 3128 1190; baseline 0.002 -22"><span class='ocrx_word' id='word_1_67' title='bbox 295 1107 563 1168; x_wconf 84' lang='lat' dir='ltr'><strong>bularum</strong></span> <span class='ocrx_word' id='word_1_68' title='bbox 610 1125 761 1187; x_wconf 86' lang='lat' dir='ltr'><strong>opus</strong></span> <span class='ocrx_word' id='word_1_69' title='bbox 808 1107 1171 1169; x_wconf 89' lang='lat' dir='ltr'><strong>laboriosum</strong></span> <span class='ocrx_word' id='word_1_70' title='bbox 1218 1116 1282 1169; x_wconf 92' lang='lat' dir='ltr'><strong>et</strong></span> <span class='ocrx_word' id='word_1_71' title='bbox 1327 1107 1681 1178; x_wconf 88' lang='lat' dir='ltr'><strong>sollicitum,</strong></span> <span class='ocrx_word' id='word_1_72' title='bbox 1746 1106 1799 1168; x_wconf 92' lang='lat' dir='ltr'><strong>si</strong></span> <span class='ocrx_word' id='word_1_73' title='bbox 1849 1107 2098 1170; x_wconf 83' lang='lat' dir='ltr'><strong>delicias</strong></span> <span class='ocrx_word' id='word_1_74' title='bbox 2147 1107 2386 1171; x_wconf 88' lang='lat' dir='ltr'><strong>humani</strong></span> <span class='ocrx_word' id='word_1_75' title='bbox 2433 1109 2702 1190; x_wconf 85' lang='lat' dir='ltr'><strong>generis,</strong></span> <span class='ocrx_word' id='word_1_76' title='bbox 2774 1109 2828 1171; x_wconf 90' lang='lat' dir='ltr'><strong>si</strong></span> <span class='ocrx_word' id='word_1_77' title='bbox 2883 1091 3056 1173; x_wconf 64' lang='lat' dir='ltr'><strong>Ru?</strong></span> <span class='ocrx_word' id='word_1_78' title='bbox 3099 1113 3128 1142; x_wconf 69' lang='lat'>’</span> 
     </span>
     <span class='ocr_line' id='line_1_9' title="bbox 293 1193 3014 1279; baseline 0.001 -21"><span class='ocrx_word' id='word_1_79' title='bbox 293 1195 499 1274; x_wconf 87' lang='lat' dir='ltr'><strong>dolphi</strong></span> <span class='ocrx_word' id='word_1_80' title='bbox 537 1195 925 1276; x_wconf 84' lang='lat' dir='ltr'><strong>Imperatoris</strong></span> <span class='ocrx_word' id='word_1_81' title='bbox 973 1215 1185 1259; x_wconf 88' lang='lat' dir='ltr'><strong>nomen</strong></span> <span class='ocrx_word' id='word_1_82' title='bbox 1232 1196 1625 1275; x_wconf 81' lang='lat' dir='ltr'><strong>honoresque,</strong></span> <span class='ocrx_word' id='word_1_83' title='bbox 1674 1193 1912 1257; x_wconf 90' lang='lat' dir='ltr'><strong>modica</strong></span> <span class='ocrx_word' id='word_1_84' title='bbox 1940 1196 2310 1259; x_wconf 79' lang='lat' dir='ltr'><strong>liberalitate</strong></span> <span class='ocrx_word' id='word_1_85' title='bbox 2346 1198 2785 1279; x_wconf 88' lang='lat' dir='ltr'><strong>promovendos</strong></span> <span class='ocrx_word' id='word_1_86' title='bbox 2816 1199 3014 1261; x_wconf 88' lang='lat' dir='ltr'><strong>susci-</strong></span> 
     </span>
     <span class='ocr_line' id='line_1_10' title="bbox 291 1281 3018 1370; baseline 0.001 -25"><span class='ocrx_word' id='word_1_87' title='bbox 291 1283 481 1370; x_wconf 82' lang='lat' dir='ltr'><strong>piatis</strong></span> <span class='ocrx_word' id='word_1_88' title='bbox 492 1303 510 1356; x_wconf 80' lang='lat'>3</span> <span class='ocrx_word' id='word_1_89' title='bbox 558 1285 611 1346; x_wconf 86' lang='lat' dir='ltr'><strong>si</strong></span> <span class='ocrx_word' id='word_1_90' title='bbox 659 1285 816 1347; x_wconf 87' lang='lat' dir='ltr'><strong>hanc</strong></span> <span class='ocrx_word' id='word_1_91' title='bbox 844 1285 1318 1348; x_wconf 86' lang='lat' dir='ltr'><strong>vetustissimam</strong></span> <span class='ocrx_word' id='word_1_92' title='bbox 1356 1281 1919 1347; x_wconf 85' lang='lat' dir='ltr'><strong>mathematicarum</strong></span> <span class='ocrx_word' id='word_1_93' title='bbox 1949 1285 2400 1365; x_wconf 82' lang='lat' dir='ltr'><strong>disciplinarum</strong></span> <span class='ocrx_word' id='word_1_94' title='bbox 2431 1287 2776 1350; x_wconf 80' lang='lat' dir='ltr'><strong>clientelam</strong></span> <span class='ocrx_word' id='word_1_95' title='bbox 2807 1287 3018 1351; x_wconf 88' lang='lat' dir='ltr'><strong>domus</strong></span> 
     </span>
     <span class='ocr_line' id='line_1_11' title="bbox 292 1372 3019 1460; baseline 0.001 -25"><span class='ocrx_word' id='word_1_96' title='bbox 292 1373 650 1448; x_wconf 86' lang='lat' dir='ltr'><strong>Austriaca,</strong></span> <span class='ocrx_word' id='word_1_97' title='bbox 710 1393 781 1435; x_wconf 88' lang='lat' dir='ltr'><strong>ne</strong></span> <span class='ocrx_word' id='word_1_98' title='bbox 839 1375 953 1436; x_wconf 91' lang='lat' dir='ltr'><strong>hoc</strong></span> <span class='ocrx_word' id='word_1_99' title='bbox 1008 1375 1245 1456; x_wconf 82' lang='lat' dir='ltr'><strong>quidem</strong></span> <span class='ocrx_word' id='word_1_100' title='bbox 1303 1372 1663 1458; x_wconf 71' lang='lat' dir='ltr'><strong>gravissimo</strong></span> <span class='ocrx_word' id='word_1_101' title='bbox 1720 1379 1910 1456; x_wconf 29' lang='lat' dir='ltr'><strong>motu,</strong></span> <span class='ocrx_word' id='word_1_102' title='bbox 1941 1391 2264 1460; x_wconf 79' lang='lat' dir='ltr'><strong>concussa,</strong></span> <span class='ocrx_word' id='word_1_103' title='bbox 2351 1375 2763 1437; x_wconf 80' lang='lat' dir='ltr'><strong>intercedente</strong></span> <span class='ocrx_word' id='word_1_104' title='bbox 2810 1385 3019 1438; x_wconf 79' lang='lat' dir='ltr'><strong>vestra</strong></span> 
     </span>
     <span class='ocr_line' id='line_1_12' title="bbox 294 1457 2144 1544; baseline 0.002 -24"><span class='ocrx_word' id='word_1_105' title='bbox 294 1463 749 1525; x_wconf 81' lang='lat' dir='ltr'><strong>succenturiata</strong></span> <span class='ocrx_word' id='word_1_106' title='bbox 790 1457 1205 1544; x_wconf 82' lang='lat' dir='ltr'><strong>providentia,</strong></span> <span class='ocrx_word' id='word_1_107' title='bbox 1255 1458 1524 1525; x_wconf 79' lang='lat' dir='ltr'><strong>dimittat</strong></span> <span class='ocrx_word' id='word_1_108' title='bbox 1571 1461 1874 1523; x_wconf 81' lang='lat' dir='ltr'><strong>exterisve</strong></span> <span class='ocrx_word' id='word_1_109' title='bbox 1923 1459 2144 1524; x_wconf 78' lang='lat' dir='ltr'><strong>cedat?</strong></span> 
     </span>
    </p>

    <p class='ocr_par' dir='ltr' id='par_1_3' title="bbox 288 1550 3100 2878">
     <span class='ocr_line' id='line_1_13' title="bbox 470 1550 3015 1632; baseline 0.001 -20"><span class='ocrx_word' id='word_1_110' title='bbox 470 1551 587 1613; x_wconf 87' lang='lat' dir='ltr'><strong>Hic</strong></span> <span class='ocrx_word' id='word_1_111' title='bbox 633 1551 816 1630; x_wconf 85' lang='lat' dir='ltr'><strong>igitur</strong></span> <span class='ocrx_word' id='word_1_112' title='bbox 861 1551 1260 1615; x_wconf 85' lang='lat' dir='ltr'><strong>dedicationis</strong></span> <span class='ocrx_word' id='word_1_113' title='bbox 1307 1551 1483 1631; x_wconf 86' lang='lat' dir='ltr'><strong>hujus</strong></span> <span class='ocrx_word' id='word_1_114' title='bbox 1537 1550 1836 1631; x_wconf 83' lang='lat' dir='ltr'><strong>repetitae</strong></span> <span class='ocrx_word' id='word_1_115' title='bbox 1885 1569 2104 1632; x_wconf 86' lang='lat' dir='ltr'><strong>scopus</strong></span> <span class='ocrx_word' id='word_1_116' title='bbox 2150 1558 2283 1613; x_wconf 91' lang='lat' dir='ltr'><strong>esto</strong></span> <span class='ocrx_word' id='word_1_117' title='bbox 2305 1599 2320 1626; x_wconf 89' lang='lat'><strong>,</strong></span> <span class='ocrx_word' id='word_1_118' title='bbox 2381 1569 2556 1631; x_wconf 89' lang='lat' dir='ltr'><strong>quem</strong></span> <span class='ocrx_word' id='word_1_119' title='bbox 2604 1551 2657 1613; x_wconf 89' lang='lat' dir='ltr'><strong>si</strong></span> <span class='ocrx_word' id='word_1_120' title='bbox 2705 1571 2744 1611; x_wconf 82' lang='lat' dir='ltr'><strong>a</strong></span> <span class='ocrx_word' id='word_1_121' title='bbox 2787 1560 3015 1627; x_wconf 86' lang='lat' dir='ltr'><strong>vestra,</strong></span> 
     </span>
     <span class='ocr_line' id='line_1_14' title="bbox 290 1638 3018 1721; baseline 0 -19"><span class='ocrx_word' id='word_1_122' title='bbox 290 1639 605 1716; x_wconf 87' lang='lat' dir='ltr'><strong>Proceres,</strong></span> <span class='ocrx_word' id='word_1_123' title='bbox 654 1640 1105 1721; x_wconf 85' lang='lat' dir='ltr'><strong>magnificentia</strong></span> <span class='ocrx_word' id='word_1_124' title='bbox 1151 1643 1319 1704; x_wconf 85' lang='lat' dir='ltr'><strong>fuero</strong></span> <span class='ocrx_word' id='word_1_125' title='bbox 1365 1647 1787 1720; x_wconf 88' lang='lat' dir='ltr'><strong>consequutus,</strong></span> <span class='ocrx_word' id='word_1_126' title='bbox 1838 1638 1900 1701; x_wconf 90' lang='lat' dir='ltr'><strong>id</strong></span> <span class='ocrx_word' id='word_1_127' title='bbox 1947 1657 2119 1701; x_wconf 90' lang='lat' dir='ltr'><strong>omen</strong></span> <span class='ocrx_word' id='word_1_128' title='bbox 2170 1639 2315 1708; x_wconf 84' lang='lat' dir='ltr'><strong>mihi</strong></span> <span class='ocrx_word' id='word_1_129' title='bbox 2340 1639 2663 1703; x_wconf 87' lang='lat' dir='ltr'><strong>maximum</strong></span> <span class='ocrx_word' id='word_1_130' title='bbox 2702 1639 2833 1715; x_wconf 88' lang='lat' dir='ltr'><strong>erit,</strong></span> <span class='ocrx_word' id='word_1_131' title='bbox 2869 1641 3018 1716; x_wconf 86' lang='lat' dir='ltr'><strong>fore,</strong></span> 
     </span>
     <span class='ocr_line' id='line_1_15' title="bbox 290 1727 3016 1814; baseline -0 -22"><span class='ocrx_word' id='word_1_132' title='bbox 290 1737 359 1792; x_wconf 87' lang='lat' dir='ltr'><strong>ut</strong></span> <span class='ocrx_word' id='word_1_133' title='bbox 402 1729 751 1811; x_wconf 85' lang='lat' dir='ltr'><strong>priusquam</strong></span> <span class='ocrx_word' id='word_1_134' title='bbox 797 1747 910 1809; x_wconf 84' lang='lat' dir='ltr'><strong>ego</strong></span> <span class='ocrx_word' id='word_1_135' title='bbox 948 1729 1365 1812; x_wconf 83' lang='lat' dir='ltr'><strong>Rudolphinas</strong></span> <span class='ocrx_word' id='word_1_136' title='bbox 1420 1728 1479 1801; x_wconf 82' lang='lat' dir='ltr'><strong>in</strong></span> <span class='ocrx_word' id='word_1_137' title='bbox 1538 1729 1731 1790; x_wconf 90' lang='lat' dir='ltr'><strong>lucem</strong></span> <span class='ocrx_word' id='word_1_138' title='bbox 1786 1727 2094 1814; x_wconf 77' lang='lat' dir='ltr'><strong>proferam</strong></span> <span class='ocrx_word' id='word_1_139' title='bbox 2147 1727 2478 1810; x_wconf 89' lang='lat' dir='ltr'><strong>colophone</strong></span> <span class='ocrx_word' id='word_1_140' title='bbox 2536 1729 2650 1792; x_wconf 90' lang='lat' dir='ltr'><strong>hoc</strong></span> <span class='ocrx_word' id='word_1_141' title='bbox 2694 1736 3016 1791; x_wconf 81' lang='lat' dir='ltr'><strong>restaura-</strong></span> 
     </span>
     <span class='ocr_line' id='line_1_16' title="bbox 291 1816 3019 1900; baseline 0 -20"><span class='ocrx_word' id='word_1_142' title='bbox 291 1817 443 1880; x_wconf 90' lang='lat' dir='ltr'><strong>tioni</strong></span> <span class='ocrx_word' id='word_1_143' title='bbox 492 1819 935 1883; x_wconf 84' lang='lat' dir='ltr'><strong>astronomicae</strong></span> <span class='ocrx_word' id='word_1_144' title='bbox 982 1818 1297 1899; x_wconf 88' lang='lat' dir='ltr'><strong>imposito:</strong></span> <span class='ocrx_word' id='word_1_145' title='bbox 1356 1824 1733 1900; x_wconf 79' lang='lat' dir='ltr'><strong>restauratus</strong></span> <span class='ocrx_word' id='word_1_146' title='bbox 1780 1816 1892 1880; x_wconf 88' lang='lat' dir='ltr'><strong>sub</strong></span> <span class='ocrx_word' id='word_1_147' title='bbox 1937 1816 2320 1882; x_wconf 83' lang='lat' dir='ltr'><strong>Ferdinando</strong></span> <span class='ocrx_word' id='word_1_148' title='bbox 2367 1817 2446 1880; x_wconf 86' lang='lat'><strong>11.</strong></span> <span class='ocrx_word' id='word_1_149' title='bbox 2495 1825 2640 1898; x_wconf 88' lang='lat' dir='ltr'><strong>post</strong></span> <span class='ocrx_word' id='word_1_150' title='bbox 2695 1835 2883 1881; x_wconf 84' lang='lat' dir='ltr'><strong>annos</strong></span> <span class='ocrx_word' id='word_1_151' title='bbox 2943 1818 3019 1881; x_wconf 89' lang='lat' dir='ltr'><strong>ab</strong></span> 
     </span>
     <span class='ocr_line' id='line_1_17' title="bbox 291 1905 3020 1989; baseline -0.001 -16"><span class='ocrx_word' id='word_1_152' title='bbox 291 1927 546 1973; x_wconf 85' lang='lat' dir='ltr'><strong>excessu</strong></span> <span class='ocrx_word' id='word_1_153' title='bbox 592 1907 955 1989; x_wconf 78' lang='lat' dir='ltr'><strong>Ferdinandi</strong></span> <span class='ocrx_word' id='word_1_154' title='bbox 1007 1909 1052 1971; x_wconf 87' lang='lat'><strong>1.</strong></span> <span class='ocrx_word' id='word_1_155' title='bbox 1100 1908 1295 1970; x_wconf 88' lang='lat' dir='ltr'><strong>minus</strong></span> <span class='ocrx_word' id='word_1_156' title='bbox 1342 1905 1693 1984; x_wconf 80' lang='lat' dir='ltr'><strong>sexaginta,</strong></span> <span class='ocrx_word' id='word_1_157' title='bbox 1742 1905 2186 1985; x_wconf 65' lang='lat' dir='ltr'><strong>provinciarum</strong></span> <span class='ocrx_word' id='word_1_158' title='bbox 2222 1906 2682 1970; x_wconf 84' lang='lat' dir='ltr'><strong>Austriacarum</strong></span> <span class='ocrx_word' id='word_1_159' title='bbox 2737 1908 3020 1989; x_wconf 86' lang='lat' dir='ltr'><strong>antiquus</strong></span> 
     </span>
     <span class='ocr_line' id='line_1_18' title="bbox 292 1989 3020 2076; baseline -0 -17"><span class='ocrx_word' id='word_1_160' title='bbox 292 1998 392 2059; x_wconf 91' lang='lat' dir='ltr'><strong>ille</strong></span> <span class='ocrx_word' id='word_1_161' title='bbox 444 1996 773 2076; x_wconf 86' lang='lat' dir='ltr'><strong>quinarius,</strong></span> <span class='ocrx_word' id='word_1_162' title='bbox 821 1996 1115 2076; x_wconf 83' lang='lat' dir='ltr'><strong>repressis</strong></span> <span class='ocrx_word' id='word_1_163' title='bbox 1163 1997 1363 2065; x_wconf 66' lang='lat' dir='ltr'><strong>bellis‘</strong></span> <span class='ocrx_word' id='word_1_164' title='bbox 1386 1994 1678 2068; x_wconf 77' lang='lat' dir='ltr'><strong>civilibus,</strong></span> <span class='ocrx_word' id='word_1_165' title='bbox 1728 2001 1794 2056; x_wconf 88' lang='lat' dir='ltr'><strong>et</strong></span> <span class='ocrx_word' id='word_1_166' title='bbox 1829 2012 1982 2074; x_wconf 86' lang='lat' dir='ltr'><strong>pace</strong></span> <span class='ocrx_word' id='word_1_167' title='bbox 2023 2012 2222 2058; x_wconf 86' lang='lat' dir='ltr'><strong>rerum</strong></span> <span class='ocrx_word' id='word_1_168' title='bbox 2259 1995 2488 2074; x_wconf 87' lang='lat' dir='ltr'><strong>optima</strong></span> <span class='ocrx_word' id='word_1_169' title='bbox 2515 1989 2782 2070; x_wconf 85' lang='lat' dir='ltr'><strong>reducta,</strong></span> <span class='ocrx_word' id='word_1_170' title='bbox 2825 1997 3020 2059; x_wconf 91' lang='lat' dir='ltr'><strong>denuo</strong></span> 
     </span>
     <span class='ocr_line' id='line_1_19' title="bbox 288 2083 3022 2167; baseline 0 -19"><span class='ocrx_word' id='word_1_171' title='bbox 288 2085 613 2167; x_wconf 87' lang='lat' dir='ltr'><strong>pristinum</strong></span> <span class='ocrx_word' id='word_1_172' title='bbox 664 2085 725 2147; x_wconf 89' lang='lat' dir='ltr'><strong>in</strong></span> <span class='ocrx_word' id='word_1_173' title='bbox 782 2085 1037 2148; x_wconf 86' lang='lat' dir='ltr'><strong>nitorem</strong></span> <span class='ocrx_word' id='word_1_174' title='bbox 1086 2087 1461 2160; x_wconf 79' lang='lat' dir='ltr'><strong>efflorescat;</strong></span> <span class='ocrx_word' id='word_1_175' title='bbox 1509 2083 1664 2164; x_wconf 88' lang='lat' dir='ltr'><strong>quod</strong></span> <span class='ocrx_word' id='word_1_176' title='bbox 1712 2102 1916 2159; x_wconf 90' lang='lat' dir='ltr'><strong>omen,</strong></span> <span class='ocrx_word' id='word_1_177' title='bbox 1968 2083 2292 2164; x_wconf 84' lang='lat' dir='ltr'><strong>angoribus</strong></span> <span class='ocrx_word' id='word_1_178' title='bbox 2339 2084 2415 2146; x_wconf 90' lang='lat' dir='ltr'><strong>ob</strong></span> <span class='ocrx_word' id='word_1_179' title='bbox 2465 2085 2626 2147; x_wconf 90' lang='lat' dir='ltr'><strong>mala</strong></span> <span class='ocrx_word' id='word_1_180' title='bbox 2669 2085 3022 2164; x_wconf 83' lang='lat' dir='ltr'><strong>praesentia</strong></span> 
     </span>
     <span class='ocr_line' id='line_1_20' title="bbox 292 2171 3018 2254; baseline -0.001 -15"><span class='ocrx_word' id='word_1_181' title='bbox 292 2193 405 2239; x_wconf 86' lang='lat' dir='ltr'><strong>nou</strong></span> <span class='ocrx_word' id='word_1_182' title='bbox 454 2175 671 2236; x_wconf 88' lang='lat' dir='ltr'><strong>leviter</strong></span> <span class='ocrx_word' id='word_1_183' title='bbox 718 2183 1087 2254; x_wconf 85' lang='lat' dir='ltr'><strong>quassatum,</strong></span> <span class='ocrx_word' id='word_1_184' title='bbox 1137 2175 1302 2236; x_wconf 89' lang='lat' dir='ltr'><strong>Deus</strong></span> <span class='ocrx_word' id='word_1_185' title='bbox 1350 2174 1497 2254; x_wconf 91' lang='lat' dir='ltr'><strong>Opt.</strong></span> <span class='ocrx_word' id='word_1_186' title='bbox 1547 2173 1710 2238; x_wconf 86' lang='lat' dir='ltr'><strong>Max.</strong></span> <span class='ocrx_word' id='word_1_187' title='bbox 1762 2171 2150 2246; x_wconf 79' lang='lat' dir='ltr'><strong>miseratione</strong></span> <span class='ocrx_word' id='word_1_188' title='bbox 2200 2172 2531 2243; x_wconf 84' lang='lat' dir='ltr'><strong>ecclesiae,</strong></span> <span class='ocrx_word' id='word_1_189' title='bbox 2579 2174 2684 2235; x_wconf 85' lang='lat' dir='ltr'><strong>filii</strong></span> <span class='ocrx_word' id='word_1_190' title='bbox 2731 2173 2824 2235; x_wconf 91' lang='lat' dir='ltr'><strong>sui</strong></span> <span class='ocrx_word' id='word_1_191' title='bbox 2871 2193 3018 2236; x_wconf 89' lang='lat' dir='ltr'><strong>san-</strong></span> 
     </span>
     <span class='ocr_line' id='line_1_21' title="bbox 291 2261 3019 2344; baseline 0 -19"><span class='ocrx_word' id='word_1_192' title='bbox 291 2264 467 2344; x_wconf 86' lang='lat' dir='ltr'><strong>guine</strong></span> <span class='ocrx_word' id='word_1_193' title='bbox 526 2264 861 2336; x_wconf 85' lang='lat' dir='ltr'><strong>redemtae,</strong></span> <span class='ocrx_word' id='word_1_194' title='bbox 936 2263 1229 2343; x_wconf 88' lang='lat' dir='ltr'><strong>propitius</strong></span> <span class='ocrx_word' id='word_1_195' title='bbox 1286 2263 1497 2332; x_wconf 81' lang='lat' dir='ltr'><strong>firmet,</strong></span> <span class='ocrx_word' id='word_1_196' title='bbox 1546 2262 1697 2322; x_wconf 87' lang='lat' dir='ltr'><strong>iram</strong></span> <span class='ocrx_word' id='word_1_197' title='bbox 1756 2279 1930 2324; x_wconf 88' lang='lat' dir='ltr'><strong>suam</strong></span> <span class='ocrx_word' id='word_1_198' title='bbox 2001 2261 2246 2324; x_wconf 89' lang='lat' dir='ltr'><strong>tandem</strong></span> <span class='ocrx_word' id='word_1_199' title='bbox 2301 2281 2340 2322; x_wconf 86' lang='lat' dir='ltr'><strong>a</strong></span> <span class='ocrx_word' id='word_1_200' title='bbox 2394 2262 2565 2325; x_wconf 90' lang='lat' dir='ltr'><strong>nobis</strong></span> <span class='ocrx_word' id='word_1_201' title='bbox 2623 2280 2905 2325; x_wconf 85' lang='lat' dir='ltr'><strong>aversam</strong></span> <span class='ocrx_word' id='word_1_202' title='bbox 2960 2264 3019 2324; x_wconf 88' lang='lat' dir='ltr'><strong>in</strong></span> 
     </span>
     <span class='ocr_line' id='line_1_22' title="bbox 290 2347 3018 2436; baseline -0 -22"><span class='ocrx_word' id='word_1_203' title='bbox 290 2361 507 2431; x_wconf 87' lang='lat' dir='ltr'><strong>gentes</strong></span> <span class='ocrx_word' id='word_1_204' title='bbox 563 2353 881 2414; x_wconf 89' lang='lat' dir='ltr'><strong>ecclesiam</strong></span> <span class='ocrx_word' id='word_1_205' title='bbox 928 2360 1243 2414; x_wconf 87' lang='lat' dir='ltr'><strong>vastantes</strong></span> <span class='ocrx_word' id='word_1_206' title='bbox 1299 2357 1647 2436; x_wconf 71' lang='lat' dir='ltr'><strong>convertat,</strong></span> <span class='ocrx_word' id='word_1_207' title='bbox 1714 2347 2028 2436; x_wconf 80' lang='lat' dir='ltr'><strong>imperium</strong></span> <span class='ocrx_word' id='word_1_208' title='bbox 2083 2349 2446 2412; x_wconf 87' lang='lat' dir='ltr'><strong>Ferdiuandi</strong></span> <span class='ocrx_word' id='word_1_209' title='bbox 2503 2351 2580 2413; x_wconf 87' lang='grc' dir='ltr'><strong>Π.</strong></span> <span class='ocrx_word' id='word_1_210' title='bbox 2627 2351 2780 2431; x_wconf 87' lang='lat' dir='ltr'><strong>Imp.</strong></span> <span class='ocrx_word' id='word_1_211' title='bbox 2830 2352 3018 2434; x_wconf 88' lang='lat' dir='ltr'><strong>Aug.,</strong></span> 
     </span>
     <span class='ocr_line' id='line_1_23' title="bbox 292 2437 3018 2521; baseline 0.001 -21"><span class='ocrx_word' id='word_1_212' title='bbox 292 2442 615 2504; x_wconf 83' lang='lat' dir='ltr'><strong>exstinctis</strong></span> <span class='ocrx_word' id='word_1_213' title='bbox 676 2439 899 2504; x_wconf 88' lang='lat' dir='ltr'><strong>irarum</strong></span> <span class='ocrx_word' id='word_1_214' title='bbox 955 2441 1272 2504; x_wconf 88' lang='lat' dir='ltr'><strong>incentivis</strong></span> <span class='ocrx_word' id='word_1_215' title='bbox 1330 2439 1583 2502; x_wconf 87' lang='lat' dir='ltr'><strong>salutari</strong></span> <span class='ocrx_word' id='word_1_216' title='bbox 1649 2437 2009 2503; x_wconf 86' lang='lat' dir='ltr'><strong>clementiae</strong></span> <span class='ocrx_word' id='word_1_217' title='bbox 2065 2457 2216 2501; x_wconf 86' lang='lat' dir='ltr'><strong>aura</strong></span> <span class='ocrx_word' id='word_1_218' title='bbox 2283 2439 2626 2521; x_wconf 86' lang='lat' dir='ltr'><strong>mitigatum</strong></span> <span class='ocrx_word' id='word_1_219' title='bbox 2674 2449 3018 2521; x_wconf 88' lang='lat' dir='ltr'><strong>prosperet;</strong></span> 
     </span>
     <span class='ocr_line' id='line_1_24' title="bbox 294 2525 3019 2611; baseline -0 -20"><span class='ocrx_word' id='word_1_220' title='bbox 294 2549 411 2610; x_wconf 85' lang='lat' dir='ltr'><strong>qua</strong></span> <span class='ocrx_word' id='word_1_221' title='bbox 455 2531 694 2593; x_wconf 85' lang='lat' dir='ltr'><strong>ratione</strong></span> <span class='ocrx_word' id='word_1_222' title='bbox 732 2540 795 2592; x_wconf 88' lang='lat' dir='ltr'><strong>et</strong></span> <span class='ocrx_word' id='word_1_223' title='bbox 840 2530 1081 2611; x_wconf 83' lang='lat' dir='ltr'><strong>Styria,</strong></span> <span class='ocrx_word' id='word_1_224' title='bbox 1133 2532 1407 2592; x_wconf 73' lang='lat' dir='ltr'><strong>tortnnae</strong></span> <span class='ocrx_word' id='word_1_225' title='bbox 1456 2547 1625 2590; x_wconf 87' lang='lat' dir='ltr'><strong>meae</strong></span> <span class='ocrx_word' id='word_1_226' title='bbox 1670 2525 1870 2607; x_wconf 87' lang='lat' dir='ltr'><strong>prima</strong></span> <span class='ocrx_word' id='word_1_227' title='bbox 1907 2525 2294 2599; x_wconf 85' lang='lat' dir='ltr'><strong>incunabula,</strong></span> <span class='ocrx_word' id='word_1_228' title='bbox 2354 2546 2602 2610; x_wconf 86' lang='lat' dir='ltr'><strong>cumque</strong></span> <span class='ocrx_word' id='word_1_229' title='bbox 2649 2528 2757 2590; x_wconf 89' lang='lat' dir='ltr'><strong>illa</strong></span> <span class='ocrx_word' id='word_1_230' title='bbox 2801 2539 2866 2592; x_wconf 88' lang='lat' dir='ltr'><strong>et</strong></span> <span class='ocrx_word' id='word_1_231' title='bbox 2911 2547 3019 2592; x_wconf 84' lang='lat' dir='ltr'><strong>vos</strong></span> 
     </span>
     <span class='ocr_line' id='line_1_25' title="bbox 295 2615 3100 2699; baseline 0 -19"><span class='ocrx_word' id='word_1_232' title='bbox 295 2619 779 2682; x_wconf 85' lang='lat' dir='ltr'><strong>reverendissimi</strong></span> <span class='ocrx_word' id='word_1_233' title='bbox 828 2619 1391 2699; x_wconf 83' lang='lat' dir='ltr'><strong>generosissimique</strong></span> <span class='ocrx_word' id='word_1_234' title='bbox 1440 2617 1752 2686; x_wconf 88' lang='lat' dir='ltr'><strong>Proceres,</strong></span> <span class='ocrx_word' id='word_1_235' title='bbox 1800 2615 1912 2676; x_wconf 90' lang='lat' dir='ltr'><strong>sub</strong></span> <span class='ocrx_word' id='word_1_236' title='bbox 1959 2615 2073 2678; x_wconf 82' lang='lat' dir='ltr'><strong>alis</strong></span> <span class='ocrx_word' id='word_1_237' title='bbox 2118 2615 2360 2695; x_wconf 88' lang='lat' dir='ltr'><strong>aquilae</strong></span> <span class='ocrx_word' id='word_1_238' title='bbox 2411 2617 2524 2680; x_wconf 87' lang='lat' dir='ltr'><strong>tuti</strong></span> <span class='ocrx_word' id='word_1_239' title='bbox 2573 2637 2611 2679; x_wconf 89' lang='lat' dir='ltr'><strong>a</strong></span> <span class='ocrx_word' id='word_1_240' title='bbox 2658 2617 2890 2681; x_wconf 86' lang='lat' dir='ltr'><strong>vulture</strong></span> <span class='ocrx_word' id='word_1_241' title='bbox 2939 2619 3016 2680; x_wconf 88' lang='lat' dir='ltr'><strong>li-</strong></span> <span class='ocrx_word' id='word_1_242' title='bbox 3085 2677 3100 2686; x_wconf 83' lang='lat'><strong>,</strong></span> 
     </span>
     <span class='ocr_line' id='line_1_26' title="bbox 294 2695 3016 2789; baseline -0 -20"><span class='ocrx_word' id='word_1_243' title='bbox 294 2707 581 2782; x_wconf 49' lang='lat' dir='ltr'><strong>min-meo,</strong></span> <span class='ocrx_word' id='word_1_244' title='bbox 629 2727 941 2789; x_wconf 86' lang='lat' dir='ltr'><strong>rerumque</strong></span> <span class='ocrx_word' id='word_1_245' title='bbox 992 2707 1251 2770; x_wconf 86' lang='lat' dir='ltr'><strong>omnium</strong></span> <span class='ocrx_word' id='word_1_246' title='bbox 1298 2706 1473 2787; x_wconf 79' lang='lat' dir='ltr'><strong>copia</strong></span> <span class='ocrx_word' id='word_1_247' title='bbox 1518 2695 1868 2782; x_wconf 83' lang='lat' dir='ltr'><strong>locupletes,</strong></span> <span class='ocrx_word' id='word_1_248' title='bbox 1921 2703 1978 2766; x_wconf 90' lang='lat' dir='ltr'><strong>in</strong></span> <span class='ocrx_word' id='word_1_249' title='bbox 2026 2722 2214 2766; x_wconf 88' lang='lat' dir='ltr'><strong>annos</strong></span> <span class='ocrx_word' id='word_1_250' title='bbox 2263 2705 2605 2770; x_wconf 87' lang='lat' dir='ltr'><strong>innumeros</strong></span> <span class='ocrx_word' id='word_1_251' title='bbox 2644 2706 3016 2787; x_wconf 87' lang='lat' dir='ltr'><strong>perduretis:</strong></span> 
     </span>
     <span class='ocr_line' id='line_1_27' title="bbox 296 2793 1943 2878; baseline -0.004 -17"><span class='ocrx_word' id='word_1_252' title='bbox 296 2799 511 2878; x_wconf 84' lang='lat' dir='ltr'><strong>quibus</strong></span> <span class='ocrx_word' id='word_1_253' title='bbox 560 2797 769 2861; x_wconf 84' lang='lat' dir='ltr'><strong>debita</strong></span> <span class='ocrx_word' id='word_1_254' title='bbox 813 2816 945 2860; x_wconf 89' lang='lat' dir='ltr'><strong>cum</strong></span> <span class='ocrx_word' id='word_1_255' title='bbox 993 2798 1380 2861; x_wconf 81' lang='lat' dir='ltr'><strong>veneratione</strong></span> <span class='ocrx_word' id='word_1_256' title='bbox 1426 2814 1519 2859; x_wconf 89' lang='lat' dir='ltr'><strong>me</strong></span> <span class='ocrx_word' id='word_1_257' title='bbox 1567 2793 1943 2856; x_wconf 90' lang='lat' dir='ltr'><strong>commendo.</strong></span> 
     </span>
    </p>

    <p class='ocr_par' dir='ltr' id='par_1_4' title="bbox 474 2876 2312 2955">
     <span class='ocr_line' id='line_1_28' title="bbox 474 2876 2312 2955; baseline -0.005 -3"><span class='ocrx_word' id='word_1_258' title='bbox 474 2886 723 2952; x_wconf 82' lang='lat' dir='ltr'><strong>Valete.</strong></span> <span class='ocrx_word' id='word_1_259' title='bbox 818 2886 1055 2949; x_wconf 86' lang='lat' dir='ltr'><strong>Dabam</strong></span> <span class='ocrx_word' id='word_1_260' title='bbox 1100 2883 1489 2953; x_wconf 85' lang='lat' dir='ltr'><strong>Frankofurti</strong></span> <span class='ocrx_word' id='word_1_261' title='bbox 1536 2880 1641 2947; x_wconf 82' lang='lat'><strong>20.</strong></span> <span class='ocrx_word' id='word_1_262' title='bbox 1695 2876 1868 2955; x_wconf 85' lang='lat'><strong>(30.)</strong></span> <span class='ocrx_word' id='word_1_263' title='bbox 1915 2882 2081 2945; x_wconf 87' lang='lat' dir='ltr'><strong>Junii</strong></span> <span class='ocrx_word' id='word_1_264' title='bbox 2123 2876 2312 2944; x_wconf 79' lang='lat'><strong>1621.</strong></span> 
     </span>
    </p>

    <p class='ocr_par' dir='ltr' id='par_1_5' title="bbox 910 2971 3020 3407">
     <span class='ocr_line' id='line_1_29' title="bbox 910 2971 1730 3053; baseline -0.006 -16"><span class='ocrx_word' id='word_1_265' title='bbox 910 2974 1065 3039; x_wconf 87' lang='lat' dir='ltr'><strong>Rev.</strong></span> <span class='ocrx_word' id='word_1_266' title='bbox 1115 2984 1179 3037; x_wconf 89' lang='lat' dir='ltr'><strong>et</strong></span> <span class='ocrx_word' id='word_1_267' title='bbox 1226 2975 1383 3039; x_wconf 87' lang='lat' dir='ltr'><strong>Gen.</strong></span> <span class='ocrx_word' id='word_1_268' title='bbox 1432 2972 1599 3053; x_wconf 85' lang='lat' dir='ltr'><strong>Mag.</strong></span> <span class='ocrx_word' id='word_1_269' title='bbox 1650 2971 1730 3033; x_wconf 89' lang='lat' dir='ltr'><strong>V.</strong></span> 
     </span>
     <span class='ocr_line' id='line_1_30' title="bbox 1394 3056 2443 3144; baseline 0.007 -29"><span class='ocrx_word' id='word_1_270' title='bbox 1394 3112 1399 3115; x_wconf 87' lang='lat'><strong>.</strong></span> <span class='ocrx_word' id='word_1_271' title='bbox 1792 3056 2204 3144; x_wconf 76' lang='lat' dir='ltr'><strong>deditissimus</strong></span> <span class='ocrx_word' id='word_1_272' title='bbox 2253 3058 2443 3123; x_wconf 84' lang='lat' dir='ltr'><strong>cliens</strong></span> 
     </span>
     <span class='ocr_line' id='line_1_31' title="bbox 1268 3144 2931 3233; baseline -0.001 -21"><span class='ocrx_word' id='word_1_273' title='bbox 1268 3162 1287 3175; x_wconf 81' lang='grc'><em>“</em></span> <span class='ocrx_word' id='word_1_274' title='bbox 1392 3148 1683 3233; x_wconf 43' lang='lat' dir='ltr'><strong>‚Joannea</strong></span> <span class='ocrx_word' id='word_1_275' title='bbox 1724 3144 2072 3229; x_wconf 69' lang='lat' dir='ltr'><strong>Keplm,</strong></span> <span class='ocrx_word' id='word_1_276' title='bbox 2121 3148 2263 3215; x_wconf 84' lang='lat' dir='ltr'><strong>olim</strong></span> <span class='ocrx_word' id='word_1_277' title='bbox 2311 3144 2553 3231; x_wconf 86' lang='lat' dir='ltr'><strong>Styriae</strong></span> <span class='ocrx_word' id='word_1_278' title='bbox 2599 3166 2931 3229; x_wconf 87' lang='lat' dir='ltr'><strong>procerum,</strong></span> 
     </span>
     <span class='ocr_line' id='line_1_32' title="bbox 1357 3233 3020 3319; baseline 0.002 -20"><span class='ocrx_word' id='word_1_279' title='bbox 1357 3247 1498 3319; x_wconf 89' lang='lat' dir='ltr'><strong>post</strong></span> <span class='ocrx_word' id='word_1_280' title='bbox 1546 3236 1735 3317; x_wconf 84' lang='lat' dir='ltr'><strong>lmpp.</strong></span> <span class='ocrx_word' id='word_1_281' title='bbox 1772 3233 1988 3300; x_wconf 86' lang='lat' dir='ltr'><strong>Caess.</strong></span> <span class='ocrx_word' id='word_1_282' title='bbox 2030 3234 2337 3317; x_wconf 85' lang='lat' dir='ltr'><strong>Rudolphi</strong></span> <span class='ocrx_word' id='word_1_283' title='bbox 2381 3245 2448 3300; x_wconf 89' lang='lat' dir='ltr'><strong>et</strong></span> <span class='ocrx_word' id='word_1_284' title='bbox 2474 3236 2798 3313; x_wconf 85' lang='lat' dir='ltr'><strong>Matthiae,</strong></span> <span class='ocrx_word' id='word_1_285' title='bbox 2847 3238 2889 3302; x_wconf 92' lang='lat' dir='ltr'><strong>l.</strong></span> <span class='ocrx_word' id='word_1_286' title='bbox 2941 3258 3020 3303; x_wconf 92' lang='lat' dir='ltr'><strong>m.</strong></span> 
     </span>
     <span class='ocr_line' id='line_1_33' title="bbox 1350 3320 3020 3407; baseline 0.003 -21"><span class='ocrx_word' id='word_1_287' title='bbox 1350 3326 1521 3390; x_wconf 88' lang='lat' dir='ltr'><strong>ordd.</strong></span> <span class='ocrx_word' id='word_1_288' title='bbox 1564 3345 1621 3407; x_wconf 93' lang='lat' dir='ltr'><strong>q.</strong></span> <span class='ocrx_word' id='word_1_289' title='bbox 1653 3322 1944 3388; x_wconf 86' lang='lat' dir='ltr'><strong>Austriae</strong></span> <span class='ocrx_word' id='word_1_290' title='bbox 1987 3320 2497 3405; x_wconf 86' lang='lat' dir='ltr'><strong>Supr-Auisanae</strong></span> <span class='ocrx_word' id='word_1_291' title='bbox 2527 3326 3020 3391; x_wconf 84' lang='lat' dir='ltr'><strong>Mathematicus.</strong></span> 
     </span>
    </p>
   </div>
  </div>
 </body>
</html>
