<?xml version="1.0" encoding="UTF-8"?>
<!DOCTYPE html PUBLIC "-//W3C//DTD XHTML 1.0 Transitional//EN"
    "http://www.w3.org/TR/xhtml1/DTD/xhtml1-transitional.dtd">
<html xmlns="http://www.w3.org/1999/xhtml" xml:lang="en" lang="en">
 <head>
  <title>
</title>
<meta http-equiv="Content-Type" content="text/html;charset=utf-8" />
  <meta name='ocr-system' content='tesseract 3.04.00' />
  <meta name='ocr-capabilities' content='ocr_page ocr_carea ocr_par ocr_line ocrx_word'/>
</head>
<body>
  <div class='ocr_page' id='page_1' title='image "./joanniskepleria30frisgoog_0263.png"; bbox 0 0 3634 5575; ppageno 0'>
   <div class='ocr_carea' id='block_1_1' title="bbox 595 407 2213 500">
    <p class='ocr_par' dir='ltr' id='par_1_1' title="bbox 595 407 2213 500">
     <span class='ocr_line' id='line_1_1' title="bbox 595 407 2213 500; baseline -0.016 -18"><span class='ocrx_word' id='word_1_1' title='bbox 595 411 728 482; x_wconf 75' lang='lat'><strong>244</strong></span> <span class='ocrx_word' id='word_1_2' title='bbox 949 489 956 500; x_wconf 18' lang='grc' dir='ltr'><strong><em>θ</em></strong></span> <span class='ocrx_word' id='word_1_3' title='bbox 1685 409 1930 476; x_wconf 62' lang='lat' dir='ltr'><strong>Apologia</strong></span> <span class='ocrx_word' id='word_1_4' title='bbox 1964 407 2213 472; x_wconf 60' lang='lat' dir='ltr'><strong>Tmou:-</strong></span> 
     </span>
    </p>
   </div>
   <div class='ocr_carea' id='block_1_2' title="bbox 597 557 3333 2863">
    <p class='ocr_par' dir='ltr' id='par_1_2' title="bbox 597 557 3323 920">
     <span class='ocr_line' id='line_1_2' title="bbox 597 557 3323 659; baseline -0.004 -21"><span class='ocrx_word' id='word_1_5' title='bbox 597 557 996 659; x_wconf 85' lang='lat' dir='ltr'><strong>hypotheses‚</strong></span> <span class='ocrx_word' id='word_1_6' title='bbox 1046 567 1176 631; x_wconf 89' lang='lat' dir='ltr'><strong>sine</strong></span> <span class='ocrx_word' id='word_1_7' title='bbox 1225 565 1502 630; x_wconf 81' lang='lat' dir='ltr'><strong>veritatis</strong></span> <span class='ocrx_word' id='word_1_8' title='bbox 1550 566 1938 629; x_wconf 76' lang='lat' dir='ltr'><strong>necessitate.</strong></span> <span class='ocrx_word' id='word_1_9' title='bbox 2032 565 2119 627; x_wconf 88' lang='lat' dir='ltr'><strong>At</strong></span> <span class='ocrx_word' id='word_1_10' title='bbox 2176 564 2480 627; x_wconf 84' lang='lat' dir='ltr'><strong>enimvero</strong></span> <span class='ocrx_word' id='word_1_11' title='bbox 2536 583 2645 626; x_wconf 88' lang='lat' dir='ltr'><strong>nec</strong></span> <span class='ocrx_word' id='word_1_12' title='bbox 2706 565 2819 628; x_wconf 81' lang='lat' dir='ltr'><strong>ho&#39;c</strong></span> <span class='ocrx_word' id='word_1_13' title='bbox 2870 565 3111 646; x_wconf 88' lang='lat' dir='ltr'><strong>quidem</strong></span> <span class='ocrx_word' id='word_1_14' title='bbox 3154 564 3323 627; x_wconf 86' lang='lat' dir='ltr'><strong>Urso</strong></span> 
     </span>
     <span class='ocr_line' id='line_1_3' title="bbox 600 653 3321 738; baseline -0.004 -13"><span class='ocrx_word' id='word_1_15' title='bbox 600 663 797 735; x_wconf 84' lang='lat' dir='ltr'><strong>facile,</strong></span> <span class='ocrx_word' id='word_1_16' title='bbox 846 659 1078 732; x_wconf 85' lang='lat' dir='ltr'><strong>talium,</strong></span> <span class='ocrx_word' id='word_1_17' title='bbox 1130 657 1340 738; x_wconf 90' lang='lat' dir='ltr'><strong>quales</strong></span> <span class='ocrx_word' id='word_1_18' title='bbox 1387 656 1518 735; x_wconf 90' lang='lat' dir='ltr'><strong>ipse</strong></span> <span class='ocrx_word' id='word_1_19' title='bbox 1564 655 1883 730; x_wconf 74' lang='lat' dir='ltr'><strong>describit,</strong></span> <span class='ocrx_word' id='word_1_20' title='bbox 1934 654 2159 716; x_wconf 88' lang='lat' dir='ltr'><strong>formas</strong></span> <span class='ocrx_word' id='word_1_21' title='bbox 2204 653 2493 734; x_wconf 88' lang='lat' dir='ltr'><strong>plurimas</strong></span> <span class='ocrx_word' id='word_1_22' title='bbox 2540 654 2899 735; x_wconf 82' lang='lat' dir='ltr'><strong>confingere.</strong></span> <span class='ocrx_word' id='word_1_23' title='bbox 2988 653 3152 717; x_wconf 84' lang='lat' dir='ltr'><strong>Nam</strong></span> <span class='ocrx_word' id='word_1_24' title='bbox 3198 653 3321 714; x_wconf 84' lang='lat' dir='ltr'><strong>etsi</strong></span> 
     </span>
     <span class='ocr_line' id='line_1_4' title="bbox 599 743 3320 822; baseline -0.004 -8"><span class='ocrx_word' id='word_1_25' title='bbox 599 765 713 814; x_wconf 87' lang='lat' dir='ltr'><strong>uon</strong></span> <span class='ocrx_word' id='word_1_26' title='bbox 779 756 979 818; x_wconf 88' lang='lat' dir='ltr'><strong>curat,</strong></span> <span class='ocrx_word' id='word_1_27' title='bbox 1045 762 1303 808; x_wconf 83' lang='lat' dir='ltr'><strong>veraene</strong></span> <span class='ocrx_word' id='word_1_28' title='bbox 1367 745 1517 819; x_wconf 89' lang='lat' dir='ltr'><strong>sint,</strong></span> <span class='ocrx_word' id='word_1_29' title='bbox 1587 745 1718 806; x_wconf 89' lang='lat' dir='ltr'><strong>vult</strong></span> <span class='ocrx_word' id='word_1_30' title='bbox 1761 752 1965 806; x_wconf 87' lang='lat' dir='ltr'><strong>tamen</strong></span> <span class='ocrx_word' id='word_1_31' title='bbox 2023 749 2089 803; x_wconf 88' lang='lat' dir='ltr'><strong>ut</strong></span> <span class='ocrx_word' id='word_1_32' title='bbox 2152 749 2607 822; x_wconf 81' lang='lat' dir='ltr'><strong>repraesentent</strong></span> <span class='ocrx_word' id='word_1_33' title='bbox 2662 743 2959 806; x_wconf 87' lang='lat' dir='ltr'><strong>calculum</strong></span> <span class='ocrx_word' id='word_1_34' title='bbox 3014 749 3320 805; x_wconf 83' lang='lat' dir='ltr'><strong>motuum:</strong></span> 
     </span>
     <span class='ocr_line' id='line_1_5' title="bbox 597 830 2540 920; baseline -0.005 -19"><span class='ocrx_word' id='word_1_35' title='bbox 597 839 753 920; x_wconf 89' lang='lat' dir='ltr'><strong>quod</strong></span> <span class='ocrx_word' id='word_1_36' title='bbox 789 856 908 899; x_wconf 92' lang='lat' dir='ltr'><strong>non</strong></span> <span class='ocrx_word' id='word_1_37' title='bbox 954 835 1143 897; x_wconf 87' lang='lat' dir='ltr'><strong>cuivis</strong></span> <span class='ocrx_word' id='word_1_38' title='bbox 1190 833 1404 896; x_wconf 88' lang='lat' dir='ltr'><strong>obviae</strong></span> <span class='ocrx_word' id='word_1_39' title='bbox 1451 840 1516 894; x_wconf 91' lang='lat' dir='ltr'><strong>et</strong></span> <span class='ocrx_word' id='word_1_40' title='bbox 1557 833 1808 895; x_wconf 88' lang='lat' dir='ltr'><strong>fictitiae</strong></span> <span class='ocrx_word' id='word_1_41' title='bbox 1855 831 2176 912; x_wconf 80' lang='lat' dir='ltr'><strong>hypothesi</strong></span> <span class='ocrx_word' id='word_1_42' title='bbox 2224 830 2540 910; x_wconf 89' lang='lat' dir='ltr'><strong>contingit.</strong></span> 
     </span>
    </p>

    <p class='ocr_par' dir='ltr' id='par_1_3' title="bbox 597 919 3329 2506">
     <span class='ocr_line' id='line_1_6' title="bbox 779 919 3321 1004; baseline -0.004 -17"><span class='ocrx_word' id='word_1_43' title='bbox 779 924 1054 1004; x_wconf 87' lang='lat' dir='ltr'><strong>Septimo</strong></span> <span class='ocrx_word' id='word_1_44' title='bbox 1101 922 1376 984; x_wconf 86' lang='lat' dir='ltr'><strong>sufficere</strong></span> <span class='ocrx_word' id='word_1_45' title='bbox 1423 920 1530 994; x_wconf 89' lang='lat' dir='ltr'><strong>ait,</strong></span> <span class='ocrx_word' id='word_1_46' title='bbox 1577 930 1642 983; x_wconf 90' lang='lat' dir='ltr'><strong>ut</strong></span> <span class='ocrx_word' id='word_1_47' title='bbox 1689 919 2059 1003; x_wconf 82' lang='lat' dir='ltr'><strong>hypotheses</strong></span> <span class='ocrx_word' id='word_1_48' title='bbox 2090 919 2449 981; x_wconf 85' lang='lat' dir='ltr'><strong>coelestium</strong></span> <span class='ocrx_word' id='word_1_49' title='bbox 2475 928 2743 982; x_wconf 89' lang='lat' dir='ltr'><strong>motuum</strong></span> <span class='ocrx_word' id='word_1_50' title='bbox 2788 919 3021 982; x_wconf 86' lang='lat' dir='ltr'><strong>calculo</strong></span> <span class='ocrx_word' id='word_1_51' title='bbox 3059 935 3321 998; x_wconf 87' lang='lat' dir='ltr'><strong>respon-</strong></span> 
     </span>
     <span class='ocr_line' id='line_1_7' title="bbox 602 1005 3322 1090; baseline -0.004 -13"><span class='ocrx_word' id='word_1_52' title='bbox 602 1016 806 1090; x_wconf 84' lang='lat' dir='ltr'><strong>deant,</strong></span> <span class='ocrx_word' id='word_1_53' title='bbox 854 1013 1000 1075; x_wconf 88' lang='lat' dir='ltr'><strong>licet</strong></span> <span class='ocrx_word' id='word_1_54' title='bbox 1043 1029 1160 1073; x_wconf 89' lang='lat' dir='ltr'><strong>non</strong></span> <span class='ocrx_word' id='word_1_55' title='bbox 1206 1011 1355 1090; x_wconf 85' lang='lat' dir='ltr'><strong>ipsis</strong></span> <span class='ocrx_word' id='word_1_56' title='bbox 1402 1009 1683 1072; x_wconf 89' lang='lat' dir='ltr'><strong>motibus.</strong></span> <span class='ocrx_word' id='word_1_57' title='bbox 1775 1007 2056 1070; x_wconf 83' lang='lat' dir='ltr'><strong>Mirabile</strong></span> <span class='ocrx_word' id='word_1_58' title='bbox 2102 1009 2339 1088; x_wconf 87' lang='lat' dir='ltr'><strong>dogma,</strong></span> <span class='ocrx_word' id='word_1_59' title='bbox 2388 1007 2683 1089; x_wconf 90' lang='lat' dir='ltr'><strong>siquidem</strong></span> <span class='ocrx_word' id='word_1_60' title='bbox 2728 1027 2899 1069; x_wconf 89' lang='lat' dir='ltr'><strong>mens</strong></span> <span class='ocrx_word' id='word_1_61' title='bbox 2924 1007 3071 1070; x_wconf 87' lang='lat' dir='ltr'><strong>Ursi</strong></span> <span class='ocrx_word' id='word_1_62' title='bbox 3110 1026 3189 1070; x_wconf 86' lang='lat' dir='ltr'><strong>ex</strong></span> <span class='ocrx_word' id='word_1_63' title='bbox 3225 1005 3322 1068; x_wconf 87' lang='lat' dir='ltr'><strong>his</strong></span> 
     </span>
     <span class='ocr_line' id='line_1_8' title="bbox 601 1094 3320 1176; baseline -0.001 -14"><span class='ocrx_word' id='word_1_64' title='bbox 601 1102 802 1165; x_wconf 87' lang='lat' dir='ltr'><strong>verbis</strong></span> <span class='ocrx_word' id='word_1_65' title='bbox 846 1100 1080 1163; x_wconf 88' lang='lat' dir='ltr'><strong>censeri</strong></span> <span class='ocrx_word' id='word_1_66' title='bbox 1129 1099 1332 1162; x_wconf 90' lang='lat' dir='ltr'><strong>debet.</strong></span> <span class='ocrx_word' id='word_1_67' title='bbox 1425 1095 1587 1168; x_wconf 83' lang='lat' dir='ltr'><strong>Quid</strong></span> <span class='ocrx_word' id='word_1_68' title='bbox 1633 1105 1732 1158; x_wconf 89' lang='lat' dir='ltr'><strong>est</strong></span> <span class='ocrx_word' id='word_1_69' title='bbox 1777 1097 1990 1176; x_wconf 90' lang='lat' dir='ltr'><strong>igitur,</strong></span> <span class='ocrx_word' id='word_1_70' title='bbox 2040 1095 2225 1172; x_wconf 87' lang='lat' dir='ltr'><strong>Urse,</strong></span> <span class='ocrx_word' id='word_1_71' title='bbox 2284 1096 2590 1158; x_wconf 86' lang='lat' dir='ltr'><strong>calculus?</strong></span> <span class='ocrx_word' id='word_1_72' title='bbox 2684 1094 2753 1156; x_wconf 88' lang='lat' dir='ltr'><strong>Si</strong></span> <span class='ocrx_word' id='word_1_73' title='bbox 2798 1096 2991 1158; x_wconf 88' lang='lat' dir='ltr'><strong>bonus</strong></span> <span class='ocrx_word' id='word_1_74' title='bbox 3038 1105 3139 1158; x_wconf 90' lang='lat' dir='ltr'><strong>est</strong></span> <span class='ocrx_word' id='word_1_75' title='bbox 3182 1095 3320 1158; x_wconf 82' lang='lat' dir='ltr'><strong>cal-</strong></span> 
     </span>
     <span class='ocr_line' id='line_1_9' title="bbox 597 1184 3323 1266; baseline -0.003 -13"><span class='ocrx_word' id='word_1_76' title='bbox 597 1191 767 1254; x_wconf 89' lang='lat' dir='ltr'><strong>culus</strong></span> <span class='ocrx_word' id='word_1_77' title='bbox 841 1190 901 1252; x_wconf 91' lang='lat' dir='ltr'><strong>h.</strong></span> <span class='ocrx_word' id='word_1_78' title='bbox 951 1208 1008 1250; x_wconf 87' lang='lat' dir='ltr'><strong>e.</strong></span> <span class='ocrx_word' id='word_1_79' title='bbox 1065 1187 1384 1250; x_wconf 84' lang='lat' dir='ltr'><strong>methodus</strong></span> <span class='ocrx_word' id='word_1_80' title='bbox 1442 1184 1832 1266; x_wconf 89' lang='lat' dir='ltr'><strong>computandi</strong></span> <span class='ocrx_word' id='word_1_81' title='bbox 1911 1185 2047 1246; x_wconf 89' lang='lat' dir='ltr'><strong>loca</strong></span> <span class='ocrx_word' id='word_1_82' title='bbox 2110 1185 2401 1259; x_wconf 90' lang='lat' dir='ltr'><strong>siderum,</strong></span> <span class='ocrx_word' id='word_1_83' title='bbox 2478 1194 2623 1246; x_wconf 89' lang='lat' dir='ltr'><strong>tunc</strong></span> <span class='ocrx_word' id='word_1_84' title='bbox 2688 1203 2835 1246; x_wconf 88' lang='lat' dir='ltr'><strong>sane</strong></span> <span class='ocrx_word' id='word_1_85' title='bbox 2900 1185 3165 1247; x_wconf 85' lang='lat' dir='ltr'><strong>motibus</strong></span> <span class='ocrx_word' id='word_1_86' title='bbox 3220 1191 3323 1244; x_wconf 86' lang='lat' dir='ltr'><strong>est</strong></span> 
     </span>
     <span class='ocr_line' id='line_1_10' title="bbox 597 1271 3321 1358; baseline -0.003 -17"><span class='ocrx_word' id='word_1_87' title='bbox 597 1297 896 1342; x_wconf 88' lang='lat' dir='ltr'><strong>consonus</strong></span> <span class='ocrx_word' id='word_1_88' title='bbox 943 1285 1008 1339; x_wconf 89' lang='lat' dir='ltr'><strong>et</strong></span> <span class='ocrx_word' id='word_1_89' title='bbox 1053 1295 1129 1337; x_wconf 87' lang='lat' dir='ltr'><strong>ex</strong></span> <span class='ocrx_word' id='word_1_90' title='bbox 1173 1275 1495 1358; x_wconf 80' lang='lat' dir='ltr'><strong>hypothesi</strong></span> <span class='ocrx_word' id='word_1_91' title='bbox 1541 1273 1894 1346; x_wconf 85' lang='lat' dir='ltr'><strong>exstruitur,</strong></span> <span class='ocrx_word' id='word_1_92' title='bbox 1942 1292 2092 1354; x_wconf 91' lang='lat' dir='ltr'><strong>quae</strong></span> <span class='ocrx_word' id='word_1_93' title='bbox 2139 1273 2349 1336; x_wconf 89' lang='lat' dir='ltr'><strong>itidem</strong></span> <span class='ocrx_word' id='word_1_94' title='bbox 2396 1281 2493 1334; x_wconf 90' lang='lat' dir='ltr'><strong>est</strong></span> <span class='ocrx_word' id='word_1_95' title='bbox 2538 1272 2801 1334; x_wconf 88' lang='lat' dir='ltr'><strong>motibus</strong></span> <span class='ocrx_word' id='word_1_96' title='bbox 2844 1290 3129 1336; x_wconf 88' lang='lat' dir='ltr'><strong>consona.</strong></span> <span class='ocrx_word' id='word_1_97' title='bbox 3206 1271 3321 1334; x_wconf 87' lang='lat' dir='ltr'><strong>Sin</strong></span> 
     </span>
     <span class='ocr_line' id='line_1_11' title="bbox 601 1359 3323 1449; baseline -0.003 -19"><span class='ocrx_word' id='word_1_98' title='bbox 601 1367 734 1449; x_wconf 90' lang='lat' dir='ltr'><strong>quis</strong></span> <span class='ocrx_word' id='word_1_99' title='bbox 781 1365 1048 1430; x_wconf 88' lang='lat' dir='ltr'><strong>calculus</strong></span> <span class='ocrx_word' id='word_1_100' title='bbox 1094 1373 1297 1426; x_wconf 90' lang='lat' dir='ltr'><strong>motus</strong></span> <span class='ocrx_word' id='word_1_101' title='bbox 1343 1382 1458 1426; x_wconf 89' lang='lat' dir='ltr'><strong>non</strong></span> <span class='ocrx_word' id='word_1_102' title='bbox 1507 1369 1954 1441; x_wconf 89' lang='lat' dir='ltr'><strong>repraesentat,</strong></span> <span class='ocrx_word' id='word_1_103' title='bbox 2024 1380 2210 1442; x_wconf 88' lang='lat' dir='ltr'><strong>aeque</strong></span> <span class='ocrx_word' id='word_1_104' title='bbox 2268 1360 2459 1422; x_wconf 78' lang='lat' dir='ltr'>fallax</span> <span class='ocrx_word' id='word_1_105' title='bbox 2504 1361 2762 1424; x_wconf 90' lang='lat' dir='ltr'><strong>habetur</strong></span> <span class='ocrx_word' id='word_1_106' title='bbox 2816 1381 2888 1423; x_wconf 87' lang='lat' dir='ltr'><strong>ac</strong></span> <span class='ocrx_word' id='word_1_107' title='bbox 2952 1359 3323 1445; x_wconf 81' lang='lat' dir='ltr'><strong>hypotheses</strong></span> 
     </span>
     <span class='ocr_line' id='line_1_12' title="bbox 601 1449 3323 1535; baseline -0.003 -16"><span class='ocrx_word' id='word_1_108' title='bbox 601 1474 679 1520; x_wconf 87' lang='lat' dir='ltr'><strong>ex</strong></span> <span class='ocrx_word' id='word_1_109' title='bbox 726 1455 938 1535; x_wconf 89' lang='lat' dir='ltr'><strong>quibus</strong></span> <span class='ocrx_word' id='word_1_110' title='bbox 987 1452 1392 1514; x_wconf 80' lang='lat' dir='ltr'><strong>derivabatur.</strong></span> <span class='ocrx_word' id='word_1_111' title='bbox 1486 1452 1586 1514; x_wconf 91' lang='lat' dir='ltr'><strong>Ita</strong></span> <span class='ocrx_word' id='word_1_112' title='bbox 1642 1451 1695 1513; x_wconf 91' lang='lat' dir='ltr'><strong>si</strong></span> <span class='ocrx_word' id='word_1_113' title='bbox 1741 1449 1916 1512; x_wconf 88' lang='lat' dir='ltr'><strong>nobis</strong></span> <span class='ocrx_word' id='word_1_114' title='bbox 1974 1449 2055 1512; x_wconf 91' lang='lat' dir='ltr'><strong>nil</strong></span> <span class='ocrx_word' id='word_1_115' title='bbox 2112 1468 2292 1512; x_wconf 87' lang='lat' dir='ltr'><strong>curae</strong></span> <span class='ocrx_word' id='word_1_116' title='bbox 2338 1459 2464 1525; x_wconf 87' lang='lat' dir='ltr'><strong>est,</strong></span> <span class='ocrx_word' id='word_1_117' title='bbox 2532 1457 2732 1512; x_wconf 86' lang='lat' dir='ltr'><strong>utrum</strong></span> <span class='ocrx_word' id='word_1_118' title='bbox 2789 1450 3006 1530; x_wconf 85' lang='lat' dir='ltr'><strong>aliquis</strong></span> <span class='ocrx_word' id='word_1_119' title='bbox 3052 1449 3323 1512; x_wconf 83' lang='lat' dir='ltr'><strong>calculus</strong></span> 
     </span>
     <span class='ocr_line' id='line_1_13' title="bbox 599 1537 3319 1622; baseline -0.003 -15"><span class='ocrx_word' id='word_1_120' title='bbox 599 1544 862 1608; x_wconf 89' lang='lat' dir='ltr'><strong>motibus</strong></span> <span class='ocrx_word' id='word_1_121' title='bbox 908 1541 1290 1622; x_wconf 88' lang='lat' dir='ltr'><strong>respondeat,</strong></span> <span class='ocrx_word' id='word_1_122' title='bbox 1341 1539 1488 1602; x_wconf 85' lang='lat' dir='ltr'><strong>nihil</strong></span> <span class='ocrx_word' id='word_1_123' title='bbox 1527 1559 1672 1602; x_wconf 89' lang='lat' dir='ltr'><strong>sane</strong></span> <span class='ocrx_word' id='word_1_124' title='bbox 1720 1537 1991 1618; x_wconf 88' lang='lat' dir='ltr'><strong>impedit,</strong></span> <span class='ocrx_word' id='word_1_125' title='bbox 2042 1557 2158 1618; x_wconf 88' lang='lat' dir='ltr'><strong>quo</strong></span> <span class='ocrx_word' id='word_1_126' title='bbox 2205 1539 2397 1600; x_wconf 86' lang='lat' dir='ltr'><strong>minus</strong></span> <span class='ocrx_word' id='word_1_127' title='bbox 2443 1538 2734 1620; x_wconf 87' lang='lat' dir='ltr'><strong>plurimas</strong></span> <span class='ocrx_word' id='word_1_128' title='bbox 2778 1539 3074 1618; x_wconf 86' lang='lat' dir='ltr'><strong>fingamus</strong></span> <span class='ocrx_word' id='word_1_129' title='bbox 3120 1537 3319 1620; x_wconf 88' lang='lat' dir='ltr'><strong>hypo-</strong></span> 
     </span>
     <span class='ocr_line' id='line_1_14' title="bbox 598 1625 3323 1710; baseline -0.003 -15"><span class='ocrx_word' id='word_1_130' title='bbox 598 1633 838 1706; x_wconf 85' lang='lat' dir='ltr'><strong>theses,</strong></span> <span class='ocrx_word' id='word_1_131' title='bbox 909 1630 1067 1710; x_wconf 89' lang='lat' dir='ltr'><strong>quod</strong></span> <span class='ocrx_word' id='word_1_132' title='bbox 1131 1629 1247 1691; x_wconf 88' lang='lat' dir='ltr'><strong>sibi</strong></span> <span class='ocrx_word' id='word_1_133' title='bbox 1312 1628 1490 1690; x_wconf 86' lang='lat' dir='ltr'><strong>facile</strong></span> <span class='ocrx_word' id='word_1_134' title='bbox 1556 1627 1884 1691; x_wconf 78' lang='lat' dir='ltr'><strong>dictitabat</strong></span> <span class='ocrx_word' id='word_1_135' title='bbox 1937 1627 2170 1703; x_wconf 75' lang='lat' dir='ltr'><strong>Ursus,</strong></span> <span class='ocrx_word' id='word_1_136' title='bbox 2236 1626 2609 1707; x_wconf 88' lang='lat' dir='ltr'><strong>totidemque</strong></span> <span class='ocrx_word' id='word_1_137' title='bbox 2670 1625 3035 1690; x_wconf 87' lang='lat' dir='ltr'><strong>calculorum</strong></span> <span class='ocrx_word' id='word_1_138' title='bbox 3091 1629 3323 1688; x_wconf 83' lang='lat' dir='ltr'><strong>formas</strong></span> 
     </span>
     <span class='ocr_line' id='line_1_15' title="bbox 599 1715 3320 1796; baseline -0.002 -14"><span class='ocrx_word' id='word_1_139' title='bbox 599 1720 1066 1793; x_wconf 82' lang='lat' dir='ltr'><strong>constituamus,</strong></span> <span class='ocrx_word' id='word_1_140' title='bbox 1117 1717 1371 1780; x_wconf 88' lang='lat' dir='ltr'><strong>vitiosas</strong></span> <span class='ocrx_word' id='word_1_141' title='bbox 1417 1733 1631 1796; x_wconf 87' lang='lat' dir='ltr'><strong>nempe</strong></span> <span class='ocrx_word' id='word_1_142' title='bbox 1679 1723 1742 1776; x_wconf 90' lang='lat' dir='ltr'><strong>et</strong></span> <span class='ocrx_word' id='word_1_143' title='bbox 1787 1737 1827 1777; x_wconf 89' lang='lat' dir='ltr'><strong>a</strong></span> <span class='ocrx_word' id='word_1_144' title='bbox 1872 1716 2040 1777; x_wconf 91' lang='lat' dir='ltr'><strong>coelo</strong></span> <span class='ocrx_word' id='word_1_145' title='bbox 2088 1715 2385 1778; x_wconf 88' lang='lat' dir='ltr'><strong>dissonas.</strong></span> <span class='ocrx_word' id='word_1_146' title='bbox 2480 1716 2687 1777; x_wconf 85' lang='lat' dir='ltr'><strong>Macte</strong></span> <span class='ocrx_word' id='word_1_147' title='bbox 2736 1715 2889 1778; x_wconf 89' lang='lat' dir='ltr'><strong>Urse</strong></span> <span class='ocrx_word' id='word_1_148' title='bbox 2938 1717 3054 1778; x_wconf 89' lang='lat' dir='ltr'><strong>hac</strong></span> <span class='ocrx_word' id='word_1_149' title='bbox 3097 1715 3320 1778; x_wconf 81' lang='lat' dir='ltr'><strong>inven-</strong></span> 
     </span>
     <span class='ocr_line' id='line_1_16' title="bbox 597 1801 3321 1885; baseline -0.001 -15"><span class='ocrx_word' id='word_1_150' title='bbox 597 1809 830 1871; x_wconf 87' lang='lat' dir='ltr'><strong>tionum</strong></span> <span class='ocrx_word' id='word_1_151' title='bbox 866 1807 1166 1870; x_wconf 90' lang='lat' dir='ltr'><strong>ubertate.</strong></span> <span class='ocrx_word' id='word_1_152' title='bbox 1253 1807 1489 1868; x_wconf 77' lang='lat' dir='ltr'><strong>Forsan</strong></span> <span class='ocrx_word' id='word_1_153' title='bbox 1540 1812 1604 1865; x_wconf 89' lang='lat' dir='ltr'><strong>et</strong></span> <span class='ocrx_word' id='word_1_154' title='bbox 1649 1801 1761 1866; x_wconf 82' lang='lat' dir='ltr'><strong>hdc</strong></span> <span class='ocrx_word' id='word_1_155' title='bbox 1811 1804 1963 1883; x_wconf 87' lang='lat' dir='ltr'><strong>agis,</strong></span> <span class='ocrx_word' id='word_1_156' title='bbox 2012 1812 2081 1866; x_wconf 90' lang='lat' dir='ltr'><strong>ut</strong></span> <span class='ocrx_word' id='word_1_157' title='bbox 2126 1803 2494 1885; x_wconf 84' lang='lat' dir='ltr'><strong>hypotheses</strong></span> <span class='ocrx_word' id='word_1_158' title='bbox 2539 1803 2601 1864; x_wconf 90' lang='lat' dir='ltr'><strong>in</strong></span> <span class='ocrx_word' id='word_1_159' title='bbox 2634 1803 2801 1866; x_wconf 89' lang='lat' dir='ltr'><strong>solas</strong></span> <span class='ocrx_word' id='word_1_160' title='bbox 2829 1804 3075 1866; x_wconf 79' lang='lat' dir='ltr'><strong>scholas</strong></span> <span class='ocrx_word' id='word_1_161' title='bbox 3110 1812 3321 1866; x_wconf 88' lang='lat' dir='ltr'><strong>astro-</strong></span> 
     </span>
     <span class='ocr_line' id='line_1_17' title="bbox 607 1891 3329 1973; baseline -0.001 -15"><span class='ocrx_word' id='word_1_162' title='bbox 607 1895 874 1959; x_wconf 86' lang='lat' dir='ltr'><strong>uomicas</strong></span> <span class='ocrx_word' id='word_1_163' title='bbox 941 1893 1292 1966; x_wconf 88' lang='lat' dir='ltr'><strong>concludas,</strong></span> <span class='ocrx_word' id='word_1_164' title='bbox 1359 1900 1428 1955; x_wconf 92' lang='lat' dir='ltr'><strong>ut</strong></span> <span class='ocrx_word' id='word_1_165' title='bbox 1481 1911 1732 1972; x_wconf 90' lang='lat' dir='ltr'><strong>quarum</strong></span> <span class='ocrx_word' id='word_1_166' title='bbox 1785 1912 1930 1954; x_wconf 89' lang='lat' dir='ltr'><strong>usus</strong></span> <span class='ocrx_word' id='word_1_167' title='bbox 1984 1891 2043 1954; x_wconf 90' lang='lat' dir='ltr'><strong>in</strong></span> <span class='ocrx_word' id='word_1_168' title='bbox 2103 1892 2214 1954; x_wconf 88' lang='lat' dir='ltr'><strong>hoc</strong></span> <span class='ocrx_word' id='word_1_169' title='bbox 2276 1893 2405 1954; x_wconf 88' lang='lat' dir='ltr'><strong>solo</strong></span> <span class='ocrx_word' id='word_1_170' title='bbox 2452 1891 2777 1970; x_wconf 77' lang='lat' dir='ltr'><strong>consistat,</strong></span> <span class='ocrx_word' id='word_1_171' title='bbox 2842 1901 2911 1954; x_wconf 88' lang='lat' dir='ltr'><strong>ut</strong></span> <span class='ocrx_word' id='word_1_172' title='bbox 2966 1901 3329 1973; x_wconf 87' lang='lat' dir='ltr'><strong>praeceptor</strong></span> 
     </span>
     <span class='ocr_line' id='line_1_18' title="bbox 601 1979 3323 2062; baseline -0.001 -15"><span class='ocrx_word' id='word_1_173' title='bbox 601 1991 899 2048; x_wconf 85' lang='lat' dir='ltr'><strong>monstret</strong></span> <span class='ocrx_word' id='word_1_174' title='bbox 944 1981 1235 2062; x_wconf 86' lang='lat' dir='ltr'><strong>discipulo</strong></span> <span class='ocrx_word' id='word_1_175' title='bbox 1281 1981 1340 2042; x_wconf 88' lang='lat' dir='ltr'><strong>in</strong></span> <span class='ocrx_word' id='word_1_176' title='bbox 1391 1981 1792 2043; x_wconf 82' lang='lat' dir='ltr'><strong>delineatione</strong></span> <span class='ocrx_word' id='word_1_177' title='bbox 1840 1981 2248 2062; x_wconf 87' lang='lat' dir='ltr'><strong>hypothetica,</strong></span> <span class='ocrx_word' id='word_1_178' title='bbox 2300 1999 2451 2060; x_wconf 88' lang='lat' dir='ltr'><strong>quas</strong></span> <span class='ocrx_word' id='word_1_179' title='bbox 2497 1979 2573 2041; x_wconf 90' lang='lat' dir='ltr'><strong>ob</strong></span> <span class='ocrx_word' id='word_1_180' title='bbox 2602 1999 2821 2044; x_wconf 77' lang='lat' dir='ltr'><strong>causas</strong></span> <span class='ocrx_word' id='word_1_181' title='bbox 2868 1981 3108 2062; x_wconf 86' lang='lat' dir='ltr'><strong>singula</strong></span> <span class='ocrx_word' id='word_1_182' title='bbox 3132 1999 3323 2061; x_wconf 87' lang='lat' dir='ltr'><strong>prae-</strong></span> 
     </span>
     <span class='ocr_line' id='line_1_19' title="bbox 601 2067 3328 2154; baseline -0.002 -17"><span class='ocrx_word' id='word_1_183' title='bbox 601 2081 784 2154; x_wconf 90' lang='lat' dir='ltr'><strong>cepta</strong></span> <span class='ocrx_word' id='word_1_184' title='bbox 827 2072 888 2133; x_wconf 89' lang='lat' dir='ltr'><strong>in</strong></span> <span class='ocrx_word' id='word_1_185' title='bbox 936 2070 1308 2134; x_wconf 88' lang='lat' dir='ltr'><strong>calculandis</strong></span> <span class='ocrx_word' id='word_1_186' title='bbox 1356 2069 1725 2131; x_wconf 89' lang='lat' dir='ltr'><strong>coelestibus</strong></span> <span class='ocrx_word' id='word_1_187' title='bbox 1789 2068 2053 2131; x_wconf 89' lang='lat' dir='ltr'><strong>motibus</strong></span> <span class='ocrx_word' id='word_1_188' title='bbox 2101 2069 2424 2131; x_wconf 88' lang='lat' dir='ltr'><strong>observare</strong></span> <span class='ocrx_word' id='word_1_189' title='bbox 2482 2069 2721 2132; x_wconf 89' lang='lat' dir='ltr'><strong>debeat.</strong></span> <span class='ocrx_word' id='word_1_190' title='bbox 2816 2067 2936 2140; x_wconf 85' lang='lat' dir='ltr'><strong>Qui</strong></span> <span class='ocrx_word' id='word_1_191' title='bbox 2994 2089 3139 2133; x_wconf 86' lang='lat' dir='ltr'><strong>usus</strong></span> <span class='ocrx_word' id='word_1_192' title='bbox 3202 2070 3328 2132; x_wconf 84' lang='lat' dir='ltr'><strong>etsi</strong></span> 
     </span>
     <span class='ocr_line' id='line_1_20' title="bbox 602 2157 3327 2240; baseline -0.001 -16"><span class='ocrx_word' id='word_1_193' title='bbox 602 2181 719 2224; x_wconf 90' lang='lat' dir='ltr'><strong>non</strong></span> <span class='ocrx_word' id='word_1_194' title='bbox 768 2161 1000 2223; x_wconf 89' lang='lat' dir='ltr'><strong>alienus</strong></span> <span class='ocrx_word' id='word_1_195' title='bbox 1049 2167 1144 2220; x_wconf 88' lang='lat' dir='ltr'><strong>est</strong></span> <span class='ocrx_word' id='word_1_196' title='bbox 1189 2159 1266 2220; x_wconf 87' lang='lat' dir='ltr'><strong>ab</strong></span> <span class='ocrx_word' id='word_1_197' title='bbox 1313 2157 1771 2240; x_wconf 89' lang='lat' dir='ltr'><strong>hypothesibus,</strong></span> <span class='ocrx_word' id='word_1_198' title='bbox 1838 2157 2139 2238; x_wconf 87' lang='lat' dir='ltr'><strong>posterior</strong></span> <span class='ocrx_word' id='word_1_199' title='bbox 2184 2166 2389 2220; x_wconf 88' lang='lat' dir='ltr'><strong>tamen</strong></span> <span class='ocrx_word' id='word_1_200' title='bbox 2436 2165 2536 2219; x_wconf 89' lang='lat' dir='ltr'><strong>est</strong></span> <span class='ocrx_word' id='word_1_201' title='bbox 2582 2165 2645 2220; x_wconf 88' lang='lat' dir='ltr'><strong>et</strong></span> <span class='ocrx_word' id='word_1_202' title='bbox 2689 2158 2971 2222; x_wconf 88' lang='lat' dir='ltr'><strong>inferiore</strong></span> <span class='ocrx_word' id='word_1_203' title='bbox 3000 2157 3327 2238; x_wconf 86' lang='lat' dir='ltr'><strong>dignitatis</strong></span> 
     </span>
     <span class='ocr_line' id='line_1_21' title="bbox 603 2245 3327 2331; baseline -0.002 -19"><span class='ocrx_word' id='word_1_204' title='bbox 603 2251 812 2331; x_wconf 88' lang='lat' dir='ltr'><strong>gradu.</strong></span> <span class='ocrx_word' id='word_1_205' title='bbox 909 2248 1174 2311; x_wconf 90' lang='lat' dir='ltr'><strong>Primum</strong></span> <span class='ocrx_word' id='word_1_206' title='bbox 1222 2247 1380 2309; x_wconf 88' lang='lat' dir='ltr'><strong>enim</strong></span> <span class='ocrx_word' id='word_1_207' title='bbox 1425 2247 1485 2308; x_wconf 88' lang='lat' dir='ltr'><strong>in</strong></span> <span class='ocrx_word' id='word_1_208' title='bbox 1535 2245 1970 2330; x_wconf 89' lang='lat' dir='ltr'><strong>hypothesibus</strong></span> <span class='ocrx_word' id='word_1_209' title='bbox 2018 2265 2215 2309; x_wconf 89' lang='lat' dir='ltr'><strong>rerum</strong></span> <span class='ocrx_word' id='word_1_210' title='bbox 2264 2255 2544 2315; x_wconf 85' lang='lat' dir='ltr'><strong>naturam</strong></span> <span class='ocrx_word' id='word_1_211' title='bbox 2590 2246 2997 2328; x_wconf 86' lang='lat' dir='ltr'><strong>depingimus,</strong></span> <span class='ocrx_word' id='word_1_212' title='bbox 3054 2255 3201 2327; x_wconf 89' lang='lat' dir='ltr'><strong>post</strong></span> <span class='ocrx_word' id='word_1_213' title='bbox 3244 2265 3327 2306; x_wconf 82' lang='lat' dir='ltr'><strong>ex</strong></span> 
     </span>
     <span class='ocr_line' id='line_1_22' title="bbox 601 2335 3329 2415; baseline -0.002 -15"><span class='ocrx_word' id='word_1_214' title='bbox 601 2339 676 2400; x_wconf 89' lang='lat' dir='ltr'><strong>iis</strong></span> <span class='ocrx_word' id='word_1_215' title='bbox 741 2337 1040 2400; x_wconf 89' lang='lat' dir='ltr'><strong>calculum</strong></span> <span class='ocrx_word' id='word_1_216' title='bbox 1095 2335 1459 2398; x_wconf 82' lang='lat' dir='ltr'><strong>exstruimus</strong></span> <span class='ocrx_word' id='word_1_217' title='bbox 1518 2336 1574 2398; x_wconf 93' lang='lat' dir='ltr'><strong>h.</strong></span> <span class='ocrx_word' id='word_1_218' title='bbox 1625 2356 1681 2396; x_wconf 91' lang='lat' dir='ltr'><strong>e.</strong></span> <span class='ocrx_word' id='word_1_219' title='bbox 1730 2342 1931 2397; x_wconf 91' lang='lat' dir='ltr'><strong>motus</strong></span> <span class='ocrx_word' id='word_1_220' title='bbox 1979 2336 2497 2409; x_wconf 87' lang='lat' dir='ltr'><strong>demonstramus,</strong></span> <span class='ocrx_word' id='word_1_221' title='bbox 2560 2335 2817 2415; x_wconf 84' lang='lat' dir='ltr'><strong>denique</strong></span> <span class='ocrx_word' id='word_1_222' title='bbox 2862 2335 3129 2399; x_wconf 83' lang='lat' dir='ltr'><strong>indidem</strong></span> <span class='ocrx_word' id='word_1_223' title='bbox 3176 2353 3329 2396; x_wconf 85' lang='lat' dir='ltr'><strong>vera</strong></span> 
     </span>
     <span class='ocr_line' id='line_1_23' title="bbox 601 2423 2551 2506; baseline -0.003 -16"><span class='ocrx_word' id='word_1_224' title='bbox 601 2427 819 2490; x_wconf 85' lang='lat' dir='ltr'><strong>calculi</strong></span> <span class='ocrx_word' id='word_1_225' title='bbox 865 2433 1194 2506; x_wconf 88' lang='lat' dir='ltr'><strong>praecepta</strong></span> <span class='ocrx_word' id='word_1_226' title='bbox 1239 2424 1340 2486; x_wconf 87' lang='lat' dir='ltr'><strong>via</strong></span> <span class='ocrx_word' id='word_1_227' title='bbox 1384 2425 1694 2503; x_wconf 87' lang='lat' dir='ltr'><strong>reciproca</strong></span> <span class='ocrx_word' id='word_1_228' title='bbox 1741 2423 2113 2485; x_wconf 86' lang='lat' dir='ltr'><strong>discentibus</strong></span> <span class='ocrx_word' id='word_1_229' title='bbox 2162 2423 2551 2502; x_wconf 83' lang='lat' dir='ltr'><strong>explicamus.</strong></span> 
     </span>
    </p>

    <p class='ocr_par' dir='ltr' id='par_1_4' title="bbox 602 2511 3333 2863">
     <span class='ocr_line' id='line_1_24' title="bbox 779 2511 3325 2592; baseline -0.002 -16"><span class='ocrx_word' id='word_1_230' title='bbox 779 2513 1017 2576; x_wconf 87' lang='lat' dir='ltr'><strong>Octavo</strong></span> <span class='ocrx_word' id='word_1_231' title='bbox 1064 2513 1149 2575; x_wconf 89' lang='lat' dir='ltr'><strong>nil</strong></span> <span class='ocrx_word' id='word_1_232' title='bbox 1193 2521 1372 2592; x_wconf 90' lang='lat' dir='ltr'><strong>putat</strong></span> <span class='ocrx_word' id='word_1_233' title='bbox 1427 2513 1668 2575; x_wconf 85' lang='lat' dir='ltr'><strong>officere</strong></span> <span class='ocrx_word' id='word_1_234' title='bbox 1728 2531 1939 2574; x_wconf 89' lang='lat' dir='ltr'><strong>sacras</strong></span> <span class='ocrx_word' id='word_1_235' title='bbox 1998 2511 2206 2573; x_wconf 88' lang='lat' dir='ltr'><strong>literas</strong></span> <span class='ocrx_word' id='word_1_236' title='bbox 2263 2511 2697 2592; x_wconf 89' lang='lat' dir='ltr'><strong>hypothesibus</strong></span> <span class='ocrx_word' id='word_1_237' title='bbox 2744 2511 3325 2574; x_wconf 83' lang='lat' dir='ltr'><strong>contradicentibus.</strong></span> 
     </span>
     <span class='ocr_line' id='line_1_25' title="bbox 603 2597 3329 2684; baseline -0.002 -18"><span class='ocrx_word' id='word_1_238' title='bbox 603 2604 713 2678; x_wconf 87' lang='lat' dir='ltr'><strong>At,</strong></span> <span class='ocrx_word' id='word_1_239' title='bbox 759 2623 909 2684; x_wconf 89' lang='lat' dir='ltr'><strong>quas</strong></span> <span class='ocrx_word' id='word_1_240' title='bbox 957 2602 1086 2682; x_wconf 89' lang='lat' dir='ltr'><strong>ipse</strong></span> <span class='ocrx_word' id='word_1_241' title='bbox 1124 2601 1324 2680; x_wconf 88' lang='lat' dir='ltr'><strong>jactat</strong></span> <span class='ocrx_word' id='word_1_242' title='bbox 1369 2601 1759 2684; x_wconf 86' lang='lat' dir='ltr'><strong>hypotheses,</strong></span> <span class='ocrx_word' id='word_1_243' title='bbox 1805 2620 1884 2662; x_wconf 87' lang='lat' dir='ltr'><strong>ex</strong></span> <span class='ocrx_word' id='word_1_244' title='bbox 1930 2600 2227 2679; x_wconf 90' lang='lat' dir='ltr'><strong>scriptura</strong></span> <span class='ocrx_word' id='word_1_245' title='bbox 2273 2619 2338 2662; x_wconf 90' lang='lat' dir='ltr'><strong>se</strong></span> <span class='ocrx_word' id='word_1_246' title='bbox 2376 2600 2827 2662; x_wconf 88' lang='lat' dir='ltr'><strong>demonstrasse</strong></span> <span class='ocrx_word' id='word_1_247' title='bbox 2860 2609 3058 2680; x_wconf 87' lang='lat' dir='ltr'><strong>putat.</strong></span> <span class='ocrx_word' id='word_1_248' title='bbox 3142 2597 3329 2670; x_wconf 83' lang='lat' dir='ltr'><strong>Quod</strong></span> 
     </span>
     <span class='ocr_line' id='line_1_26' title="bbox 603 2687 3327 2773; baseline -0.003 -18"><span class='ocrx_word' id='word_1_249' title='bbox 603 2692 656 2754; x_wconf 89' lang='lat' dir='ltr'><strong>si</strong></span> <span class='ocrx_word' id='word_1_250' title='bbox 683 2692 986 2773; x_wconf 88' lang='lat' dir='ltr'><strong>proprium</strong></span> <span class='ocrx_word' id='word_1_251' title='bbox 1033 2701 1133 2752; x_wconf 89' lang='lat' dir='ltr'><strong>est</strong></span> <span class='ocrx_word' id='word_1_252' title='bbox 1177 2689 1617 2772; x_wconf 87' lang='lat' dir='ltr'><strong>hypothesium,</strong></span> <span class='ocrx_word' id='word_1_253' title='bbox 1667 2697 1736 2751; x_wconf 90' lang='lat' dir='ltr'><strong>ut</strong></span> <span class='ocrx_word' id='word_1_254' title='bbox 1781 2691 1907 2752; x_wconf 88' lang='lat' dir='ltr'><strong>sint</strong></span> <span class='ocrx_word' id='word_1_255' title='bbox 1954 2689 2188 2750; x_wconf 85' lang='lat' dir='ltr'><strong>falsae:</strong></span> <span class='ocrx_word' id='word_1_256' title='bbox 2237 2687 2605 2770; x_wconf 88' lang='lat' dir='ltr'><strong>hypotheses</strong></span> <span class='ocrx_word' id='word_1_257' title='bbox 2655 2689 2783 2768; x_wconf 87' lang='lat' dir='ltr'><strong>ipse</strong></span> <span class='ocrx_word' id='word_1_258' title='bbox 2822 2689 3022 2750; x_wconf 89' lang='lat' dir='ltr'><strong>nullas</strong></span> <span class='ocrx_word' id='word_1_259' title='bbox 3051 2687 3327 2762; x_wconf 89' lang='lat' dir='ltr'><strong>habebit,</strong></span> 
     </span>
     <span class='ocr_line' id='line_1_27' title="bbox 602 2775 3333 2863; baseline -0.003 -20"><span class='ocrx_word' id='word_1_260' title='bbox 602 2782 760 2863; x_wconf 89' lang='lat' dir='ltr'><strong>quia,</strong></span> <span class='ocrx_word' id='word_1_261' title='bbox 811 2800 962 2862; x_wconf 90' lang='lat' dir='ltr'><strong>quas</strong></span> <span class='ocrx_word' id='word_1_262' title='bbox 985 2779 1208 2861; x_wconf 89' lang='lat' dir='ltr'><strong>jactat,</strong></span> <span class='ocrx_word' id='word_1_263' title='bbox 1259 2777 1560 2841; x_wconf 83' lang='lat' dir='ltr'><strong>infallibili</strong></span> <span class='ocrx_word' id='word_1_264' title='bbox 1590 2777 1925 2859; x_wconf 85' lang='lat' dir='ltr'><strong>scripturae</strong></span> <span class='ocrx_word' id='word_1_265' title='bbox 1974 2778 2340 2841; x_wconf 88' lang='lat' dir='ltr'><strong>auctoritate</strong></span> <span class='ocrx_word' id='word_1_266' title='bbox 2372 2777 2633 2841; x_wconf 87' lang='lat' dir='ltr'><strong>munitas</strong></span> <span class='ocrx_word' id='word_1_267' title='bbox 2662 2777 2991 2843; x_wconf 88' lang='lat' dir='ltr'><strong>contendit.</strong></span> <span class='ocrx_word' id='word_1_268' title='bbox 3086 2777 3185 2841; x_wconf 83' lang='lat' dir='ltr'><strong>Ita</strong></span> <span class='ocrx_word' id='word_1_269' title='bbox 3230 2775 3333 2837; x_wconf 88' lang='lat' dir='ltr'><strong>sui</strong></span> 
     </span>
    </p>
   </div>
   <div class='ocr_carea' id='block_1_3' title="bbox 488 2865 3337 2949">
    <p class='ocr_par' dir='ltr' id='par_1_5' title="bbox 488 2865 3337 2949">
     <span class='ocr_line' id='line_1_28' title="bbox 488 2865 3337 2949; baseline -0.002 -17"><span class='ocrx_word' id='word_1_270' title='bbox 488 2914 496 2919; x_wconf 85' lang='lat'><em>-</em></span> <span class='ocrx_word' id='word_1_271' title='bbox 603 2870 792 2949; x_wconf 88' lang='lat' dir='ltr'><strong>ipsius</strong></span> <span class='ocrx_word' id='word_1_272' title='bbox 839 2869 1150 2931; x_wconf 89' lang='lat' dir='ltr'><strong>immemor</strong></span> <span class='ocrx_word' id='word_1_273' title='bbox 1197 2875 1322 2941; x_wconf 89' lang='lat' dir='ltr'><strong>est,</strong></span> <span class='ocrx_word' id='word_1_274' title='bbox 1389 2867 1448 2928; x_wconf 91' lang='lat' dir='ltr'><strong>id</strong></span> <span class='ocrx_word' id='word_1_275' title='bbox 1497 2866 1691 2947; x_wconf 85' lang='lat' dir='ltr'><strong>magis</strong></span> <span class='ocrx_word' id='word_1_276' title='bbox 1759 2867 1946 2929; x_wconf 91' lang='lat' dir='ltr'><strong>etiam</strong></span> <span class='ocrx_word' id='word_1_277' title='bbox 2005 2868 2063 2929; x_wconf 90' lang='lat' dir='ltr'><strong>in</strong></span> <span class='ocrx_word' id='word_1_278' title='bbox 2128 2887 2199 2929; x_wconf 91' lang='lat' dir='ltr'><strong>eo</strong></span> <span class='ocrx_word' id='word_1_279' title='bbox 2265 2867 2450 2947; x_wconf 91' lang='lat' dir='ltr'><strong>quod,</strong></span> <span class='ocrx_word' id='word_1_280' title='bbox 2518 2886 2654 2931; x_wconf 88' lang='lat' dir='ltr'><strong>cum</strong></span> <span class='ocrx_word' id='word_1_281' title='bbox 2708 2867 3015 2947; x_wconf 89' lang='lat' dir='ltr'><strong>proprium</strong></span> <span class='ocrx_word' id='word_1_282' title='bbox 3074 2865 3337 2928; x_wconf 81' lang='lat' dir='ltr'><strong>fecisset</strong></span> 
     </span>
    </p>
   </div>
   <div class='ocr_carea' id='block_1_4' title="bbox 599 2954 3337 4274">
    <p class='ocr_par' dir='ltr' id='par_1_6' title="bbox 599 2954 3333 3128">
     <span class='ocr_line' id='line_1_29' title="bbox 601 2954 3333 3040; baseline -0.001 -21"><span class='ocrx_word' id='word_1_283' title='bbox 601 2957 1041 3040; x_wconf 88' lang='lat' dir='ltr'><strong>hypotheseon,</strong></span> <span class='ocrx_word' id='word_1_284' title='bbox 1089 2964 1154 3018; x_wconf 91' lang='lat' dir='ltr'><strong>ut</strong></span> <span class='ocrx_word' id='word_1_285' title='bbox 1201 2955 1326 3017; x_wconf 88' lang='lat' dir='ltr'><strong>sint</strong></span> <span class='ocrx_word' id='word_1_286' title='bbox 1369 2955 1585 3027; x_wconf 87' lang='lat' dir='ltr'><strong>falsae,</strong></span> <span class='ocrx_word' id='word_1_287' title='bbox 1651 2955 1899 3017; x_wconf 90' lang='lat' dir='ltr'><strong>tandem</strong></span> <span class='ocrx_word' id='word_1_288' title='bbox 1944 2954 2187 3037; x_wconf 84' lang='lat' dir='ltr'><strong>aequior</strong></span> <span class='ocrx_word' id='word_1_289' title='bbox 2235 2956 2597 3017; x_wconf 87' lang='lat' dir='ltr'><strong>astronomis</strong></span> <span class='ocrx_word' id='word_1_290' title='bbox 2645 2956 2827 3018; x_wconf 90' lang='lat' dir='ltr'><strong>licere</strong></span> <span class='ocrx_word' id='word_1_291' title='bbox 2875 2955 3091 3036; x_wconf 90' lang='lat' dir='ltr'><strong>inquit,</strong></span> <span class='ocrx_word' id='word_1_292' title='bbox 3146 2954 3333 3016; x_wconf 83' lang='lat' dir='ltr'><strong>effin-</strong></span> 
     </span>
     <span class='ocr_line' id='line_1_30' title="bbox 599 3043 2004 3128; baseline -0.001 -21"><span class='ocrx_word' id='word_1_293' title='bbox 599 3064 742 3126; x_wconf 79' lang='lat' dir='ltr'><strong>gere</strong></span> <span class='ocrx_word' id='word_1_294' title='bbox 789 3044 1157 3128; x_wconf 77' lang='lat' dir='ltr'><strong>hypotheses</strong></span> <span class='ocrx_word' id='word_1_295' title='bbox 1205 3043 1334 3105; x_wconf 89' lang='lat' dir='ltr'><strong>sive</strong></span> <span class='ocrx_word' id='word_1_296' title='bbox 1381 3062 1560 3106; x_wconf 87' lang='lat' dir='ltr'><strong>veras</strong></span> <span class='ocrx_word' id='word_1_297' title='bbox 1608 3044 1737 3106; x_wconf 89' lang='lat' dir='ltr'><strong>sive</strong></span> <span class='ocrx_word' id='word_1_298' title='bbox 1784 3044 2004 3105; x_wconf 89' lang='lat' dir='ltr'><strong>falsas.</strong></span> 
     </span>
    </p>

    <p class='ocr_par' dir='ltr' id='par_1_7' title="bbox 603 3129 3337 4274">
     <span class='ocr_line' id='line_1_31' title="bbox 781 3129 3335 3214; baseline -0.002 -18"><span class='ocrx_word' id='word_1_299' title='bbox 781 3134 976 3197; x_wconf 88' lang='lat' dir='ltr'><strong>Nono.</strong></span> <span class='ocrx_word' id='word_1_300' title='bbox 1089 3129 1262 3202; x_wconf 86' lang='lat' dir='ltr'><strong>Quae</strong></span> <span class='ocrx_word' id='word_1_301' title='bbox 1325 3133 1398 3193; x_wconf 90' lang='lat' dir='ltr'><strong>de</strong></span> <span class='ocrx_word' id='word_1_302' title='bbox 1446 3132 1720 3194; x_wconf 82' lang='lat' dir='ltr'><strong>falsitate</strong></span> <span class='ocrx_word' id='word_1_303' title='bbox 1776 3132 2198 3214; x_wconf 86' lang='lat' dir='ltr'><strong>hypothesium</strong></span> <span class='ocrx_word' id='word_1_304' title='bbox 2256 3134 2793 3195; x_wconf 84' lang='lat' dir='ltr'><strong>astronomicarum</strong></span> <span class='ocrx_word' id='word_1_305' title='bbox 2846 3130 3036 3205; x_wconf 86' lang='lat' dir='ltr'><strong>dixit,</strong></span> <span class='ocrx_word' id='word_1_306' title='bbox 3114 3130 3203 3191; x_wconf 84' lang='lat' dir='ltr'><strong>ait</strong></span> <span class='ocrx_word' id='word_1_307' title='bbox 3264 3130 3335 3191; x_wconf 82' lang='lat' dir='ltr'><strong>in</strong></span> 
     </span>
     <span class='ocr_line' id='line_1_32' title="bbox 603 3219 3335 3303; baseline -0.001 -19"><span class='ocrx_word' id='word_1_308' title='bbox 603 3223 903 3303; x_wconf 88' lang='lat' dir='ltr'><strong>plerisque</strong></span> <span class='ocrx_word' id='word_1_309' title='bbox 951 3220 1088 3283; x_wconf 91' lang='lat' dir='ltr'><strong>aliis</strong></span> <span class='ocrx_word' id='word_1_310' title='bbox 1137 3221 1429 3283; x_wconf 88' lang='lat' dir='ltr'><strong>doctrinis</strong></span> <span class='ocrx_word' id='word_1_311' title='bbox 1475 3220 1620 3284; x_wconf 89' lang='lat' dir='ltr'><strong>fieri.</strong></span> <span class='ocrx_word' id='word_1_312' title='bbox 1714 3221 1787 3284; x_wconf 90' lang='lat' dir='ltr'><strong>Id</strong></span> <span class='ocrx_word' id='word_1_313' title='bbox 1836 3221 2073 3301; x_wconf 89' lang='lat' dir='ltr'><strong>quidem</strong></span> <span class='ocrx_word' id='word_1_314' title='bbox 2120 3221 2207 3297; x_wconf 86' lang='lat' dir='ltr'><strong>fit,</strong></span> <span class='ocrx_word' id='word_1_315' title='bbox 2258 3221 2367 3282; x_wconf 90' lang='lat' dir='ltr'><strong>sed</strong></span> <span class='ocrx_word' id='word_1_316' title='bbox 2414 3222 2573 3283; x_wconf 90' lang='lat' dir='ltr'><strong>male</strong></span> <span class='ocrx_word' id='word_1_317' title='bbox 2622 3229 2687 3283; x_wconf 88' lang='lat' dir='ltr'><strong>et</strong></span> <span class='ocrx_word' id='word_1_318' title='bbox 2725 3220 2802 3282; x_wconf 90' lang='lat' dir='ltr'><strong>ab</strong></span> <span class='ocrx_word' id='word_1_319' title='bbox 2850 3219 3165 3300; x_wconf 88' lang='lat' dir='ltr'><strong>imperitis,</strong></span> <span class='ocrx_word' id='word_1_320' title='bbox 3212 3236 3335 3281; x_wconf 83' lang='lat' dir='ltr'><strong>nec</strong></span> 
     </span>
     <span class='ocr_line' id='line_1_33' title="bbox 605 3307 3335 3390; baseline -0.001 -20"><span class='ocrx_word' id='word_1_321' title='bbox 605 3330 808 3374; x_wconf 87' lang='lat' dir='ltr'><strong>verum</strong></span> <span class='ocrx_word' id='word_1_322' title='bbox 859 3318 964 3373; x_wconf 88' lang='lat' dir='ltr'><strong>aut</strong></span> <span class='ocrx_word' id='word_1_323' title='bbox 1009 3310 1263 3384; x_wconf 91' lang='lat' dir='ltr'><strong>bonum,</strong></span> <span class='ocrx_word' id='word_1_324' title='bbox 1317 3309 1430 3371; x_wconf 86' lang='lat' dir='ltr'><strong>nisi</strong></span> <span class='ocrx_word' id='word_1_325' title='bbox 1477 3308 1782 3373; x_wconf 89' lang='lat' dir='ltr'><strong>rarissime</strong></span> <span class='ocrx_word' id='word_1_326' title='bbox 1832 3318 1905 3371; x_wconf 86' lang='lat' dir='ltr'><strong>et·</strong></span> <span class='ocrx_word' id='word_1_327' title='bbox 1942 3310 2218 3383; x_wconf 86' lang='lat' dir='ltr'><strong>fortuito,</strong></span> <span class='ocrx_word' id='word_1_328' title='bbox 2290 3310 2396 3371; x_wconf 89' lang='lat' dir='ltr'><strong>sed</strong></span> <span class='ocrx_word' id='word_1_329' title='bbox 2445 3310 2663 3372; x_wconf 85' lang='lat' dir='ltr'><strong>falsum</strong></span> <span class='ocrx_word' id='word_1_330' title='bbox 2713 3317 2774 3371; x_wconf 88' lang='lat' dir='ltr'><strong>et</strong></span> <span class='ocrx_word' id='word_1_331' title='bbox 2818 3308 3117 3390; x_wconf 89' lang='lat' dir='ltr'><strong>pernicies</strong></span> <span class='ocrx_word' id='word_1_332' title='bbox 3154 3307 3335 3387; x_wconf 89' lang='lat' dir='ltr'><strong>justo</strong></span> 
     </span>
     <span class='ocr_line' id='line_1_34' title="bbox 609 3396 3335 3478; baseline -0.002 -17"><span class='ocrx_word' id='word_1_333' title='bbox 609 3400 819 3461; x_wconf 90' lang='lat' dir='ltr'><strong>ordine</strong></span> <span class='ocrx_word' id='word_1_334' title='bbox 877 3398 1283 3478; x_wconf 88' lang='lat' dir='ltr'><strong>consequitur.</strong></span> <span class='ocrx_word' id='word_1_335' title='bbox 1376 3398 1464 3461; x_wconf 91' lang='lat' dir='ltr'><strong>Ut</strong></span> <span class='ocrx_word' id='word_1_336' title='bbox 1519 3398 1576 3459; x_wconf 91' lang='lat' dir='ltr'><strong>in</strong></span> <span class='ocrx_word' id='word_1_337' title='bbox 1625 3398 1957 3470; x_wconf 88' lang='lat' dir='ltr'><strong>medicina,</strong></span> <span class='ocrx_word' id='word_1_338' title='bbox 2026 3398 2078 3458; x_wconf 89' lang='lat' dir='ltr'><strong>si</strong></span> <span class='ocrx_word' id='word_1_339' title='bbox 2136 3408 2434 3478; x_wconf 89' lang='lat' dir='ltr'><strong>quartana</strong></span> <span class='ocrx_word' id='word_1_340' title='bbox 2499 3398 2631 3478; x_wconf 90' lang='lat' dir='ltr'><strong>quis</strong></span> <span class='ocrx_word' id='word_1_341' title='bbox 2690 3397 2923 3460; x_wconf 89' lang='lat' dir='ltr'><strong>laboret</strong></span> <span class='ocrx_word' id='word_1_342' title='bbox 2988 3406 3051 3459; x_wconf 90' lang='lat' dir='ltr'><strong>et</strong></span> <span class='ocrx_word' id='word_1_343' title='bbox 3106 3396 3335 3458; x_wconf 86' lang='lat' dir='ltr'><strong>falsam</strong></span> 
     </span>
     <span class='ocr_line' id='line_1_35' title="bbox 607 3484 3335 3568; baseline -0 -20"><span class='ocrx_word' id='word_1_344' title='bbox 607 3488 764 3549; x_wconf 91' lang='lat' dir='ltr'><strong>hanc</strong></span> <span class='ocrx_word' id='word_1_345' title='bbox 816 3487 1176 3568; x_wconf 88' lang='lat' dir='ltr'><strong>hypothesin</strong></span> <span class='ocrx_word' id='word_1_346' title='bbox 1225 3487 1536 3566; x_wconf 87' lang='lat' dir='ltr'><strong>imperitus</strong></span> <span class='ocrx_word' id='word_1_347' title='bbox 1582 3486 1853 3550; x_wconf 88' lang='lat' dir='ltr'><strong>medicus</strong></span> <span class='ocrx_word' id='word_1_348' title='bbox 1900 3487 2259 3566; x_wconf 88' lang='lat' dir='ltr'><strong>conceperit,</strong></span> <span class='ocrx_word' id='word_1_349' title='bbox 2308 3506 2557 3549; x_wconf 89' lang='lat' dir='ltr'><strong>causam</strong></span> <span class='ocrx_word' id='word_1_350' title='bbox 2605 3486 2788 3549; x_wconf 87' lang='lat' dir='ltr'><strong>febris</strong></span> <span class='ocrx_word' id='word_1_351' title='bbox 2826 3504 2963 3549; x_wconf 87' lang='lat' dir='ltr'><strong>esse</strong></span> <span class='ocrx_word' id='word_1_352' title='bbox 3011 3506 3048 3547; x_wconf 85' lang='lat' dir='ltr'><strong>a</strong></span> <span class='ocrx_word' id='word_1_353' title='bbox 3078 3484 3335 3563; x_wconf 87' lang='lat' dir='ltr'><strong>sangui-</strong></span> 
     </span>
     <span class='ocr_line' id='line_1_36' title="bbox 605 3573 3337 3656; baseline -0.001 -18"><span class='ocrx_word' id='word_1_354' title='bbox 605 3578 698 3640; x_wconf 88' lang='lat' dir='ltr'><strong>nis</strong></span> <span class='ocrx_word' id='word_1_355' title='bbox 745 3575 1170 3649; x_wconf 84' lang='lat' dir='ltr'><strong>redundantia,</strong></span> <span class='ocrx_word' id='word_1_356' title='bbox 1217 3576 1270 3638; x_wconf 89' lang='lat' dir='ltr'><strong>is</strong></span> <span class='ocrx_word' id='word_1_357' title='bbox 1317 3594 1474 3637; x_wconf 89' lang='lat' dir='ltr'><strong>vena</strong></span> <span class='ocrx_word' id='word_1_358' title='bbox 1521 3584 1692 3638; x_wconf 88' lang='lat' dir='ltr'><strong>secta</strong></span> <span class='ocrx_word' id='word_1_359' title='bbox 1737 3594 1856 3636; x_wconf 89' lang='lat' dir='ltr'><strong>non</strong></span> <span class='ocrx_word' id='word_1_360' title='bbox 1906 3594 2051 3637; x_wconf 88' lang='lat' dir='ltr'><strong>sane</strong></span> <span class='ocrx_word' id='word_1_361' title='bbox 2084 3575 2315 3637; x_wconf 89' lang='lat' dir='ltr'><strong>felicius</strong></span> <span class='ocrx_word' id='word_1_362' title='bbox 2352 3576 2583 3655; x_wconf 86' lang='lat' dir='ltr'><strong>juverit</strong></span> <span class='ocrx_word' id='word_1_363' title='bbox 2614 3594 2878 3655; x_wconf 88' lang='lat' dir='ltr'><strong>aegrum,</strong></span> <span class='ocrx_word' id='word_1_364' title='bbox 2931 3593 3108 3656; x_wconf 88' lang='lat' dir='ltr'><strong>quam</strong></span> <span class='ocrx_word' id='word_1_365' title='bbox 3136 3573 3337 3636; x_wconf 83' lang='lat' dir='ltr'><strong>Ursus</strong></span> 
     </span>
     <span class='ocr_line' id='line_1_37' title="bbox 609 3662 3337 3745; baseline -0.002 -19"><span class='ocrx_word' id='word_1_366' title='bbox 609 3684 686 3727; x_wconf 87' lang='lat' dir='ltr'><strong>ex</strong></span> <span class='ocrx_word' id='word_1_367' title='bbox 733 3666 893 3726; x_wconf 85' lang='lat' dir='ltr'><strong>salsa</strong></span> <span class='ocrx_word' id='word_1_368' title='bbox 943 3664 1264 3745; x_wconf 90' lang='lat' dir='ltr'><strong>hypothesi</strong></span> <span class='ocrx_word' id='word_1_369' title='bbox 1309 3672 1508 3725; x_wconf 84' lang='lat' dir='ltr'><strong>motus</strong></span> <span class='ocrx_word' id='word_1_370' title='bbox 1557 3666 1861 3726; x_wconf 90' lang='lat' dir='ltr'><strong>coelorum</strong></span> <span class='ocrx_word' id='word_1_371' title='bbox 1906 3664 2236 3743; x_wconf 87' lang='lat' dir='ltr'><strong>colligeret.</strong></span> <span class='ocrx_word' id='word_1_372' title='bbox 2332 3662 2458 3726; x_wconf 88' lang='lat' dir='ltr'><strong>Sed</strong></span> <span class='ocrx_word' id='word_1_373' title='bbox 2494 3664 2715 3727; x_wconf 88' lang='lat' dir='ltr'><strong>Ursum</strong></span> <span class='ocrx_word' id='word_1_374' title='bbox 2758 3682 2867 3744; x_wconf 91' lang='lat' dir='ltr'><strong>per</strong></span> <span class='ocrx_word' id='word_1_375' title='bbox 2912 3662 3191 3744; x_wconf 87' lang='lat' dir='ltr'><strong>exempla</strong></span> <span class='ocrx_word' id='word_1_376' title='bbox 3218 3682 3337 3723; x_wconf 83' lang='lat' dir='ltr'><strong>sua</strong></span> 
     </span>
     <span class='ocr_line' id='line_1_38' title="bbox 609 3749 3337 3833; baseline -0.002 -18"><span class='ocrx_word' id='word_1_377' title='bbox 609 3772 948 3833; x_wconf 88' lang='lat' dir='ltr'><strong>sequamur.</strong></span> <span class='ocrx_word' id='word_1_378' title='bbox 1043 3752 1324 3831; x_wconf 82' lang='lat' dir='ltr'><strong>Exempli</strong></span> <span class='ocrx_word' id='word_1_379' title='bbox 1373 3770 1626 3832; x_wconf 88' lang='lat' dir='ltr'><strong>namque</strong></span> <span class='ocrx_word' id='word_1_380' title='bbox 1677 3753 1806 3814; x_wconf 88' lang='lat' dir='ltr'><strong>loco</strong></span> <span class='ocrx_word' id='word_1_381' title='bbox 1854 3752 2095 3831; x_wconf 87' lang='lat' dir='ltr'><strong>regulas</strong></span> <span class='ocrx_word' id='word_1_382' title='bbox 2144 3752 2525 3832; x_wconf 87' lang='lat' dir='ltr'><strong>algebraicas</strong></span> <span class='ocrx_word' id='word_1_383' title='bbox 2580 3754 2887 3833; x_wconf 89' lang='lat' dir='ltr'><strong>producit,</strong></span> <span class='ocrx_word' id='word_1_384' title='bbox 2946 3751 3045 3814; x_wconf 91' lang='lat' dir='ltr'><strong>ubi</strong></span> <span class='ocrx_word' id='word_1_385' title='bbox 3091 3749 3337 3830; x_wconf 88' lang='lat' dir='ltr'><strong>ponitur</strong></span> 
     </span>
     <span class='ocr_line' id='line_1_39' title="bbox 609 3840 3333 3920; baseline -0.002 -18"><span class='ocrx_word' id='word_1_386' title='bbox 609 3842 679 3915; x_wconf 91' lang='lat' dir='ltr'><strong>is,</strong></span> <span class='ocrx_word' id='word_1_387' title='bbox 731 3842 826 3920; x_wconf 91' lang='lat' dir='ltr'><strong>qui</strong></span> <span class='ocrx_word' id='word_1_388' title='bbox 877 3841 1182 3920; x_wconf 82' lang='lat' dir='ltr'><strong>quaeritur</strong></span> <span class='ocrx_word' id='word_1_389' title='bbox 1230 3860 1527 3913; x_wconf 89' lang='lat' dir='ltr'><strong>numerus,</strong></span> <span class='ocrx_word' id='word_1_390' title='bbox 1573 3840 1776 3902; x_wconf 86' lang='lat' dir='ltr'><strong>valere</strong></span> <span class='ocrx_word' id='word_1_391' title='bbox 1824 3841 2121 3902; x_wconf 89' lang='lat' dir='ltr'><strong>unitatem</strong></span> <span class='ocrx_word' id='word_1_392' title='bbox 2168 3842 2397 3902; x_wconf 88' lang='lat' dir='ltr'><strong>cossice</strong></span> <span class='ocrx_word' id='word_1_393' title='bbox 2428 3841 2896 3917; x_wconf 87' lang='lat' dir='ltr'><strong>denominatam,</strong></span> <span class='ocrx_word' id='word_1_394' title='bbox 2944 3860 3079 3903; x_wconf 89' lang='lat' dir='ltr'><strong>cum</strong></span> <span class='ocrx_word' id='word_1_395' title='bbox 3124 3847 3333 3901; x_wconf 81' lang='lat' dir='ltr'><strong>tamen</strong></span> 
     </span>
     <span class='ocr_line' id='line_1_40' title="bbox 609 3926 3335 4010; baseline -0.001 -20"><span class='ocrx_word' id='word_1_396' title='bbox 609 3930 658 3990; x_wconf 90' lang='lat' dir='ltr'><strong>is</strong></span> <span class='ocrx_word' id='word_1_397' title='bbox 705 3948 822 3990; x_wconf 91' lang='lat' dir='ltr'><strong>non</strong></span> <span class='ocrx_word' id='word_1_398' title='bbox 889 3929 972 3990; x_wconf 88' lang='lat' dir='ltr'><strong>sit</strong></span> <span class='ocrx_word' id='word_1_399' title='bbox 1015 3929 1234 3991; x_wconf 77' lang='lat' dir='ltr'><strong>unitas,</strong></span> <span class='ocrx_word' id='word_1_400' title='bbox 1323 3929 1418 3990; x_wconf 86' lang='lat' dir='ltr'><strong>Ex</strong></span> <span class='ocrx_word' id='word_1_401' title='bbox 1475 3929 1588 3991; x_wconf 89' lang='lat' dir='ltr'><strong>hac</strong></span> <span class='ocrx_word' id='word_1_402' title='bbox 1649 3938 1851 3991; x_wconf 87' lang='lat' dir='ltr'><strong>tamen</strong></span> <span class='ocrx_word' id='word_1_403' title='bbox 1909 3930 2066 3991; x_wconf 87' lang='lat' dir='ltr'><strong>falsa</strong></span> <span class='ocrx_word' id='word_1_404' title='bbox 2120 3930 2418 4008; x_wconf 88' lang='lat' dir='ltr'><strong>positione</strong></span> <span class='ocrx_word' id='word_1_405' title='bbox 2484 3928 2543 3991; x_wconf 90' lang='lat' dir='ltr'><strong>in</strong></span> <span class='ocrx_word' id='word_1_406' title='bbox 2604 3930 3009 4010; x_wconf 87' lang='lat' dir='ltr'><strong>cognitionem</strong></span> <span class='ocrx_word' id='word_1_407' title='bbox 3052 3926 3335 3989; x_wconf 88' lang='lat' dir='ltr'><strong>veritatis</strong></span> 
     </span>
     <span class='ocr_line' id='line_1_41' title="bbox 612 4013 3335 4099; baseline -0 -22"><span class='ocrx_word' id='word_1_408' title='bbox 612 4017 932 4097; x_wconf 76' lang='lat' dir='ltr'><strong>perveniri.</strong></span> <span class='ocrx_word' id='word_1_409' title='bbox 1004 4019 1144 4093; x_wconf 77' lang='lat' dir='ltr'><strong>At,</strong></span> <span class='ocrx_word' id='word_1_410' title='bbox 1195 4036 1230 4079; x_wconf 92' lang='lat' dir='ltr'><strong>o</strong></span> <span class='ocrx_word' id='word_1_411' title='bbox 1281 4018 1468 4094; x_wconf 90' lang='lat' dir='ltr'><strong>Urse,</strong></span> <span class='ocrx_word' id='word_1_412' title='bbox 1517 4038 1626 4079; x_wconf 88' lang='lat' dir='ltr'><strong>nec</strong></span> <span class='ocrx_word' id='word_1_413' title='bbox 1675 4018 1936 4099; x_wconf 87' lang='lat' dir='ltr'><strong>quadrat</strong></span> <span class='ocrx_word' id='word_1_414' title='bbox 1983 4020 2320 4097; x_wconf 88' lang='lat' dir='ltr'><strong>exemplum</strong></span> <span class='ocrx_word' id='word_1_415' title='bbox 2368 4035 2477 4079; x_wconf 88' lang='lat' dir='ltr'><strong>nec</strong></span> <span class='ocrx_word' id='word_1_416' title='bbox 2521 4026 2687 4080; x_wconf 89' lang='lat' dir='ltr'><strong>recte</strong></span> <span class='ocrx_word' id='word_1_417' title='bbox 2736 4018 3091 4099; x_wconf 80' lang='lat' dir='ltr'><strong>explicatur.</strong></span> <span class='ocrx_word' id='word_1_418' title='bbox 3178 4013 3335 4079; x_wconf 90' lang='lat' dir='ltr'><strong>Cum</strong></span> 
     </span>
     <span class='ocr_line' id='line_1_42' title="bbox 609 4106 3331 4187; baseline -0.001 -19"><span class='ocrx_word' id='word_1_419' title='bbox 609 4106 914 4168; x_wconf 79' lang='lat' dir='ltr'><strong>nesciatur</strong></span> <span class='ocrx_word' id='word_1_420' title='bbox 975 4124 1252 4167; x_wconf 89' lang='lat' dir='ltr'><strong>numerus</strong></span> <span class='ocrx_word' id='word_1_421' title='bbox 1317 4107 1369 4168; x_wconf 89' lang='lat' dir='ltr'><strong>is</strong></span> <span class='ocrx_word' id='word_1_422' title='bbox 1439 4126 1612 4187; x_wconf 88' lang='lat' dir='ltr'><strong>quem</strong></span> <span class='ocrx_word' id='word_1_423' title='bbox 1675 4106 2047 4186; x_wconf 87' lang='lat' dir='ltr'><strong>quaerimus,</strong></span> <span class='ocrx_word' id='word_1_424' title='bbox 2122 4107 2389 4185; x_wconf 84' lang='lat' dir='ltr'><strong>ignotum</strong></span> <span class='ocrx_word' id='word_1_425' title='bbox 2446 4106 2537 4168; x_wconf 90' lang='lat' dir='ltr'><strong>illi</strong></span> <span class='ocrx_word' id='word_1_426' title='bbox 2593 4126 2805 4169; x_wconf 89' lang='lat' dir='ltr'><strong>nomen</strong></span> <span class='ocrx_word' id='word_1_427' title='bbox 2872 4107 3085 4169; x_wconf 86' lang='lat' dir='ltr'><strong>damus</strong></span> <span class='ocrx_word' id='word_1_428' title='bbox 3138 4122 3331 4185; x_wconf 90' lang='lat' dir='ltr'><strong>eoque</strong></span> 
     </span>
     <span class='ocr_line' id='line_1_43' title="bbox 611 4194 3329 4274; baseline -0.001 -19"><span class='ocrx_word' id='word_1_429' title='bbox 611 4194 844 4257; x_wconf 89' lang='lat' dir='ltr'><strong>nomine</strong></span> <span class='ocrx_word' id='word_1_430' title='bbox 903 4194 1206 4274; x_wconf 88' lang='lat' dir='ltr'><strong>pergimus</strong></span> <span class='ocrx_word' id='word_1_431' title='bbox 1263 4195 1340 4255; x_wconf 88' lang='lat' dir='ltr'><strong>ad</strong></span> <span class='ocrx_word' id='word_1_432' title='bbox 1397 4196 1564 4274; x_wconf 87' lang='lat' dir='ltr'><strong>leges</strong></span> <span class='ocrx_word' id='word_1_433' title='bbox 1623 4194 2065 4274; x_wconf 88' lang='lat' dir='ltr'><strong>praescriptas,</strong></span> <span class='ocrx_word' id='word_1_434' title='bbox 2136 4196 2325 4256; x_wconf 88' lang='lat' dir='ltr'><strong>donec</strong></span> <span class='ocrx_word' id='word_1_435' title='bbox 2383 4202 2515 4256; x_wconf 88' lang='lat' dir='ltr'><strong>arte</strong></span> <span class='ocrx_word' id='word_1_436' title='bbox 2562 4214 2775 4257; x_wconf 87' lang='lat' dir='ltr'><strong>nomen</strong></span> <span class='ocrx_word' id='word_1_437' title='bbox 2822 4195 2882 4256; x_wconf 93' lang='lat' dir='ltr'><strong>id</strong></span> <span class='ocrx_word' id='word_1_438' title='bbox 2930 4194 3105 4257; x_wconf 89' lang='lat' dir='ltr'><strong>nobis</strong></span> <span class='ocrx_word' id='word_1_439' title='bbox 3150 4194 3329 4271; x_wconf 85' lang='lat' dir='ltr'><strong>inno-</strong></span> 
     </span>
    </p>
   </div>
   <div class='ocr_carea' id='block_1_5' title="bbox 507 4281 3331 4363">
    <p class='ocr_par' dir='ltr' id='par_1_8' title="bbox 507 4281 3331 4363">
     <span class='ocr_line' id='line_1_44' title="bbox 507 4281 3331 4363; baseline -0.001 -19"><span class='ocrx_word' id='word_1_440' title='bbox 507 4294 516 4303; x_wconf 86' lang='lat'>·</span> <span class='ocrx_word' id='word_1_441' title='bbox 609 4290 826 4345; x_wconf 86' lang='lat' dir='ltr'><strong>tescat.</strong></span> <span class='ocrx_word' id='word_1_442' title='bbox 920 4282 1096 4353; x_wconf 84' lang='lat' dir='ltr'><strong>Quod</strong></span> <span class='ocrx_word' id='word_1_443' title='bbox 1143 4282 1328 4362; x_wconf 89' lang='lat' dir='ltr'><strong>igitur</strong></span> <span class='ocrx_word' id='word_1_444' title='bbox 1373 4284 1647 4363; x_wconf 87' lang='lat' dir='ltr'><strong>ponimus</strong></span> <span class='ocrx_word' id='word_1_445' title='bbox 1695 4282 1987 4345; x_wconf 88' lang='lat' dir='ltr'><strong>unitatem</strong></span> <span class='ocrx_word' id='word_1_446' title='bbox 2036 4302 2170 4345; x_wconf 88' lang='lat' dir='ltr'><strong>esse</strong></span> <span class='ocrx_word' id='word_1_447' title='bbox 2212 4284 2693 4357; x_wconf 84' lang='lat' dir='ltr'><strong>denominatam,</strong></span> <span class='ocrx_word' id='word_1_448' title='bbox 2752 4285 2974 4346; x_wconf 83' lang='lat' dir='ltr'><strong>falsum</strong></span> <span class='ocrx_word' id='word_1_449' title='bbox 3018 4301 3135 4344; x_wconf 92' lang='lat' dir='ltr'><strong>non</strong></span> <span class='ocrx_word' id='word_1_450' title='bbox 3174 4281 3331 4343; x_wconf 91' lang='lat' dir='ltr'><strong>dici-</strong></span> 
     </span>
    </p>
   </div>
   <div class='ocr_carea' id='block_1_6' title="bbox 609 4370 3335 4988">
    <p class='ocr_par' dir='ltr' id='par_1_9' title="bbox 609 4370 3335 4988">
     <span class='ocr_line' id='line_1_45' title="bbox 609 4370 3333 4451; baseline -0.001 -18"><span class='ocrx_word' id='word_1_451' title='bbox 609 4390 760 4433; x_wconf 89' lang='lat' dir='ltr'><strong>mus.</strong></span> <span class='ocrx_word' id='word_1_452' title='bbox 855 4371 1013 4433; x_wconf 82' lang='lat' dir='ltr'><strong>Nam</strong></span> <span class='ocrx_word' id='word_1_453' title='bbox 1073 4390 1144 4432; x_wconf 91' lang='lat' dir='ltr'><strong>eo</strong></span> <span class='ocrx_word' id='word_1_454' title='bbox 1201 4372 1366 4450; x_wconf 88' lang='lat' dir='ltr'><strong>ips0,</strong></span> <span class='ocrx_word' id='word_1_455' title='bbox 1437 4372 1592 4451; x_wconf 92' lang='lat' dir='ltr'><strong>quod</strong></span> <span class='ocrx_word' id='word_1_456' title='bbox 1649 4390 1863 4433; x_wconf 91' lang='lat' dir='ltr'><strong>nomen</strong></span> <span class='ocrx_word' id='word_1_457' title='bbox 1923 4371 2165 4433; x_wconf 84' lang='lat' dir='ltr'><strong>additur</strong></span> <span class='ocrx_word' id='word_1_458' title='bbox 2224 4373 2503 4446; x_wconf 87' lang='lat' dir='ltr'><strong>unitati,.</strong></span> <span class='ocrx_word' id='word_1_459' title='bbox 2534 4372 2797 4433; x_wconf 89' lang='lat' dir='ltr'><strong>innuitur</strong></span> <span class='ocrx_word' id='word_1_460' title='bbox 2840 4383 3042 4435; x_wconf 88' lang='lat' dir='ltr'><strong>certus</strong></span> <span class='ocrx_word' id='word_1_461' title='bbox 3090 4370 3333 4451; x_wconf 86' lang='lat' dir='ltr'><strong>quidam</strong></span> 
     </span>
     <span class='ocr_line' id='line_1_46' title="bbox 609 4459 3330 4540; baseline -0.001 -19"><span class='ocrx_word' id='word_1_462' title='bbox 609 4479 906 4535; x_wconf 89' lang='lat' dir='ltr'><strong>numerus,</strong></span> <span class='ocrx_word' id='word_1_463' title='bbox 956 4478 1133 4540; x_wconf 89' lang='lat' dir='ltr'><strong>quem</strong></span> <span class='ocrx_word' id='word_1_464' title='bbox 1178 4460 1230 4521; x_wconf 90' lang='lat' dir='ltr'><strong>is</strong></span> <span class='ocrx_word' id='word_1_465' title='bbox 1279 4460 1380 4539; x_wconf 88' lang='lat' dir='ltr'><strong>qui</strong></span> <span class='ocrx_word' id='word_1_466' title='bbox 1426 4461 1731 4539; x_wconf 87' lang='lat' dir='ltr'><strong>quaeritur</strong></span> <span class='ocrx_word' id='word_1_467' title='bbox 1778 4460 1965 4521; x_wconf 87' lang='lat' dir='ltr'><strong>semel</strong></span> <span class='ocrx_word' id='word_1_468' title='bbox 2024 4460 2253 4522; x_wconf 83' lang='lat' dir='ltr'><strong>valeat.</strong></span> <span class='ocrx_word' id='word_1_469' title='bbox 2346 4461 2463 4522; x_wconf 86' lang='lat' dir='ltr'><strong>Hic</strong></span> <span class='ocrx_word' id='word_1_470' title='bbox 2502 4478 2646 4540; x_wconf 87' lang='lat' dir='ltr'><strong>ergo</strong></span> <span class='ocrx_word' id='word_1_471' title='bbox 2685 4461 2851 4523; x_wconf 85' lang='lat' dir='ltr'><strong>nulla</strong></span> <span class='ocrx_word' id='word_1_472' title='bbox 2896 4462 3059 4523; x_wconf 79' lang='lat' dir='ltr'><strong>falsa</strong></span> <span class='ocrx_word' id='word_1_473' title='bbox 3080 4459 3330 4540; x_wconf 89' lang='lat' dir='ltr'><strong>positio.</strong></span> 
     </span>
     <span class='ocr_line' id='line_1_47' title="bbox 611 4548 3335 4631; baseline -0.001 -22"><span class='ocrx_word' id='word_1_474' title='bbox 611 4550 702 4610; x_wconf 84' lang='lat' dir='ltr'><strong>At</strong></span> <span class='ocrx_word' id='word_1_475' title='bbox 744 4548 805 4609; x_wconf 89' lang='lat' dir='ltr'><strong>in</strong></span> <span class='ocrx_word' id='word_1_476' title='bbox 855 4548 1274 4610; x_wconf 87' lang='lat' dir='ltr'><strong>astronomicis</strong></span> <span class='ocrx_word' id='word_1_477' title='bbox 1321 4548 1752 4631; x_wconf 89' lang='lat' dir='ltr'><strong>hypothesibus</strong></span> <span class='ocrx_word' id='word_1_478' title='bbox 1799 4548 1951 4611; x_wconf 89' lang='lat' dir='ltr'><strong>nihil</strong></span> <span class='ocrx_word' id='word_1_479' title='bbox 1996 4548 2209 4611; x_wconf 88' lang='lat' dir='ltr'><strong>simile.</strong></span> <span class='ocrx_word' id='word_1_480' title='bbox 2303 4548 2502 4619; x_wconf 85' lang='lat' dir='ltr'><strong>Quam</strong></span> <span class='ocrx_word' id='word_1_481' title='bbox 2541 4548 2697 4611; x_wconf 88' lang='lat' dir='ltr'><strong>enim</strong></span> <span class='ocrx_word' id='word_1_482' title='bbox 2724 4550 2973 4630; x_wconf 89' lang='lat' dir='ltr'><strong>quisque</strong></span> <span class='ocrx_word' id='word_1_483' title='bbox 3019 4549 3335 4629; x_wconf 80' lang='lat' dir='ltr'><strong>profitetur</strong></span> 
     </span>
     <span class='ocr_line' id='line_1_48' title="bbox 613 4635 3331 4718; baseline 0 -22"><span class='ocrx_word' id='word_1_484' title='bbox 613 4635 1004 4718; x_wconf 88' lang='lat' dir='ltr'><strong>hypothesin,</strong></span> <span class='ocrx_word' id='word_1_485' title='bbox 1069 4656 1186 4699; x_wconf 88' lang='lat' dir='ltr'><strong>non</strong></span> <span class='ocrx_word' id='word_1_486' title='bbox 1243 4636 1422 4699; x_wconf 90' lang='lat' dir='ltr'><strong>aliter</strong></span> <span class='ocrx_word' id='word_1_487' title='bbox 1477 4636 1592 4700; x_wconf 91' lang='lat' dir='ltr'><strong>nisi</strong></span> <span class='ocrx_word' id='word_1_488' title='bbox 1640 4646 1708 4699; x_wconf 95' lang='lat' dir='ltr'><strong>ut</strong></span> <span class='ocrx_word' id='word_1_489' title='bbox 1751 4645 1961 4700; x_wconf 88' lang='lat' dir='ltr'><strong>notam</strong></span> <span class='ocrx_word' id='word_1_490' title='bbox 2018 4645 2083 4700; x_wconf 90' lang='lat' dir='ltr'><strong>et</strong></span> <span class='ocrx_word' id='word_1_491' title='bbox 2130 4638 2507 4718; x_wconf 87' lang='lat' dir='ltr'><strong>exploratam</strong></span> <span class='ocrx_word' id='word_1_492' title='bbox 2560 4639 2891 4718; x_wconf 88' lang='lat' dir='ltr'><strong>profitetur.</strong></span> <span class='ocrx_word' id='word_1_493' title='bbox 2984 4638 3055 4701; x_wconf 89' lang='lat' dir='ltr'><strong>In</strong></span> <span class='ocrx_word' id='word_1_494' title='bbox 3100 4636 3331 4717; x_wconf 86' lang='lat' dir='ltr'><strong>regula,</strong></span> 
     </span>
     <span class='ocr_line' id='line_1_49' title="bbox 611 4725 3335 4807; baseline 0 -22"><span class='ocrx_word' id='word_1_495' title='bbox 611 4742 790 4805; x_wconf 87' lang='lat' dir='ltr'><strong>quam</strong></span> <span class='ocrx_word' id='word_1_496' title='bbox 836 4726 974 4786; x_wconf 88' lang='lat' dir='ltr'><strong>falsi</strong></span> <span class='ocrx_word' id='word_1_497' title='bbox 1025 4726 1250 4798; x_wconf 88' lang='lat' dir='ltr'><strong>dicunt,</strong></span> <span class='ocrx_word' id='word_1_498' title='bbox 1297 4744 1412 4806; x_wconf 90' lang='lat' dir='ltr'><strong>qno</strong></span> <span class='ocrx_word' id='word_1_499' title='bbox 1462 4726 1658 4787; x_wconf 90' lang='lat' dir='ltr'><strong>altero</strong></span> <span class='ocrx_word' id='word_1_500' title='bbox 1703 4727 1979 4805; x_wconf 85' lang='lat' dir='ltr'><strong>exemplo</strong></span> <span class='ocrx_word' id='word_1_501' title='bbox 2024 4736 2258 4807; x_wconf 84' lang='lat' dir='ltr'><strong>pugnat</strong></span> <span class='ocrx_word' id='word_1_502' title='bbox 2285 4727 2495 4801; x_wconf 89' lang='lat' dir='ltr'><strong>Ursus,</strong></span> <span class='ocrx_word' id='word_1_503' title='bbox 2544 4745 2665 4789; x_wconf 92' lang='lat' dir='ltr'><strong>non</strong></span> <span class='ocrx_word' id='word_1_504' title='bbox 2721 4726 2839 4788; x_wconf 90' lang='lat' dir='ltr'><strong>alio</strong></span> <span class='ocrx_word' id='word_1_505' title='bbox 2886 4744 3065 4807; x_wconf 88' lang='lat' dir='ltr'><strong>quam</strong></span> <span class='ocrx_word' id='word_1_506' title='bbox 3090 4725 3335 4788; x_wconf 86' lang='lat' dir='ltr'><strong>nomine</strong></span> 
     </span>
     <span class='ocr_line' id='line_1_50' title="bbox 609 4813 3335 4897; baseline 0 -23"><span class='ocrx_word' id='word_1_507' title='bbox 609 4813 858 4892; x_wconf 89' lang='lat' dir='ltr'><strong>gloriari</strong></span> <span class='ocrx_word' id='word_1_508' title='bbox 903 4822 1125 4893; x_wconf 83' lang='lat' dir='ltr'><strong>potest.</strong></span> <span class='ocrx_word' id='word_1_509' title='bbox 1221 4814 1357 4877; x_wconf 80' lang='lat' dir='ltr'><strong>Non</strong></span> <span class='ocrx_word' id='word_1_510' title='bbox 1403 4816 1562 4875; x_wconf 87' lang='lat' dir='ltr'><strong>enim</strong></span> <span class='ocrx_word' id='word_1_511' title='bbox 1608 4814 1743 4877; x_wconf 87' lang='lat' dir='ltr'><strong>ideo</strong></span> <span class='ocrx_word' id='word_1_512' title='bbox 1793 4815 1983 4876; x_wconf 86' lang='lat' dir='ltr'><strong>salsus</strong></span> <span class='ocrx_word' id='word_1_513' title='bbox 2031 4816 2248 4877; x_wconf 88' lang='lat' dir='ltr'><strong>dicitur</strong></span> <span class='ocrx_word' id='word_1_514' title='bbox 2295 4833 2573 4876; x_wconf 89' lang='lat' dir='ltr'><strong>numerus</strong></span> <span class='ocrx_word' id='word_1_515' title='bbox 2620 4817 2883 4895; x_wconf 88' lang='lat' dir='ltr'><strong>positus,</strong></span> <span class='ocrx_word' id='word_1_516' title='bbox 2942 4816 3083 4897; x_wconf 88' lang='lat' dir='ltr'><strong>quia</strong></span> <span class='ocrx_word' id='word_1_517' title='bbox 3126 4831 3335 4875; x_wconf 87' lang='lat' dir='ltr'><strong>verum</strong></span> 
     </span>
     <span class='ocr_line' id='line_1_51' title="bbox 611 4900 3333 4988; baseline -0 -23"><span class='ocrx_word' id='word_1_518' title='bbox 611 4900 752 4965; x_wconf 88' lang='lat' dir='ltr'><strong>inde</strong></span> <span class='ocrx_word' id='word_1_519' title='bbox 801 4904 1090 4987; x_wconf 87' lang='lat' dir='ltr'><strong>sequitur,</strong></span> <span class='ocrx_word' id='word_1_520' title='bbox 1141 4903 1300 4984; x_wconf 89' lang='lat' dir='ltr'><strong>quod</strong></span> <span class='ocrx_word' id='word_1_521' title='bbox 1346 4902 1400 4967; x_wconf 87' lang='lat' dir='ltr'><strong>si</strong></span> <span class='ocrx_word' id='word_1_522' title='bbox 1445 4904 1636 4978; x_wconf 86' lang='lat' dir='ltr'><strong>fieret,</strong></span> <span class='ocrx_word' id='word_1_523' title='bbox 1683 4922 1804 4967; x_wconf 89' lang='lat' dir='ltr'><strong>non</strong></span> <span class='ocrx_word' id='word_1_524' title='bbox 1851 4904 1964 4968; x_wconf 89' lang='lat' dir='ltr'><strong>hoc</strong></span> <span class='ocrx_word' id='word_1_525' title='bbox 2010 4904 2100 4967; x_wconf 89' lang='lat' dir='ltr'><strong>illi</strong></span> <span class='ocrx_word' id='word_1_526' title='bbox 2142 4921 2359 4967; x_wconf 89' lang='lat' dir='ltr'><strong>nomen</strong></span> <span class='ocrx_word' id='word_1_527' title='bbox 2406 4912 2611 4968; x_wconf 88' lang='lat' dir='ltr'><strong>esset:</strong></span> <span class='ocrx_word' id='word_1_528' title='bbox 2660 4905 2773 4967; x_wconf 87' lang='lat' dir='ltr'><strong>sed</strong></span> <span class='ocrx_word' id='word_1_529' title='bbox 2816 4904 2973 4983; x_wconf 89' lang='lat' dir='ltr'><strong>ideo,</strong></span> <span class='ocrx_word' id='word_1_530' title='bbox 3020 4902 3165 4988; x_wconf 86' lang='lat' dir='ltr'><strong>quia</strong></span> <span class='ocrx_word' id='word_1_531' title='bbox 3208 4900 3333 4965; x_wconf 81' lang='lat' dir='ltr'><strong>fal-</strong></span> 
     </span>
    </p>
   </div>
  </div>
 </body>
</html>
