3634 5575
1524 373 1710 464 ‘caput
1742 399 1783 450 1.
2893 329 3042 466 117‘
3103 369 3108 372 ’

323 555 493 618 orbes
520 557 855 638 confugiet,
906 555 1121 638 quibus
1153 557 1545 633 demonstret,
1595 558 1743 622 haec
1778 558 1868 622 ita
1907 560 2029 622 fieri
2066 579 2266 640 pesse,
2315 578 2450 624 eum
2485 567 2688 622 tamen
2735 578 2810 620 ex
2855 569 3020 624 metu

322 645 577 708 Telluris
622 647 797 710 unice
843 654 1123 710 secutura
1170 648 1306 710 sint.
1395 649 1597 728 Atque
1644 649 1757 710 hoc
1804 648 2042 729 quidem
2087 650 2280 712 multa
2322 657 2465 728 pest
2509 649 2716 710 secula
2757 648 2862 712 vix
2907 651 3018 712 de·-

318 753 475 798 mum
502 735 623 796 fiet.
682 734 806 799 Sed
842 734 1027 798 tertie
1072 738 1326 800 mutatio
1356 738 1826 800 eecentricitatis
1857 739 2184 811 Terrenae,
2224 757 2342 818 qua
2387 746 2658 800 centrum
2701 738 3020 800 eccentrici

318 823 395 885 ad
434 821 638 886 Solem
676 825 913 888 accedit
956 833 1021 886 et
1064 825 1141 888 ab
1180 845 1250 888 eo
1289 826 1539 898 recedit,
1584 825 1721 888 inde
1760 847 1799 888 a
1840 827 2187 889 Ptolemaeo
2235 828 2312 888 ad
2351 847 2460 888 nos
2507 845 2692 907 usque
2739 845 3020 907 magnum

238 915 245 930 ⁸
316 910 456 992 quid
499 912 563 974 in
606 913 806 976 Marte
852 920 916 975 et
951 915 1193 976 Venere
1240 915 1460 991 intulit,
1492 911 1551 994 ⁰)
1600 933 1847 995 querum
1894 917 2376 980 eccentricitates
2423 935 2556 978 cum
2603 923 2873 978 mutatae
2918 917 3016 978 vi·-

314 1002 597 1076 deantur,
652 1003 791 1084 qnid
838 1003 1251 1066 Ptolemaeum
1306 1005 1599 1068 dicturum
1642 1005 1872 1085 putas?
1963 1005 2264 1086 Numquid
2311 1024 2542 1076 rursum
2585 1023 2773 1066 neves
2821 1005 3019 1070 circu-

314 1090 405 1152 los
452 1091 512 1152 in
558 1098 891 1154 ceterorum
936 1093 1231 1156 infinitam
1278 1095 1515 1156 turbam
1562 1093 1906 1170 ascisceret,
1956 1095 2009 1156 si
2053 1093 2333 1157 viveret?
2381 1093 2592 1176 quibus
2640 1093 2912 1158 omnibus
2955 1095 3018 1158 in
3115 1158 3120 1162 .

314 1176 647 1259 Cepernice
694 1199 839 1260 epus
886 1181 1129 1244 minime
1177 1190 1289 1246 est.
1358 1184 1525 1245 Haec
1571 1190 1667 1245 tet
1712 1191 1774 1243 et
1818 1191 1998 1246 tanta
2025 1182 2392 1264 Cepernicus
2439 1201 2548 1263 per
2593 1182 2766 1245 unius
2812 1183 3016 1246 circuli

312 1267 423 1329 AB
472 1269 599 1348 (fig.
638 1266 747 1342 10)
793 1271 1151 1349 positionem
1200 1280 1263 1332 et
1298 1282 1525 1336 metum
1568 1272 1908 1352 praestitit:
1961 1273 2114 1336 unde
2163 1273 2394 1347 merite,
2448 1273 2717 1352 quamvis
2765 1273 3018 1352 exiguus

312 1365 494 1432 esset,
542 1357 807 1438 Magne
853 1377 1178 1440 cognomen
1212 1361 1395 1423 dedit.
1470 1361 1585 1422 Hic
1628 1361 1856 1441 primus
1903 1371 2100 1424 metus
2147 1363 2315 1424 coele
2345 1362 2552 1424 Lunae
2599 1381 2733 1424 cum
2778 1362 3018 1424 Tellure

310 1447 641 1508 communis
688 1447 823 1508 fuit.

484 1533 527 1596 J
530 1555 624 1598 am
669 1553 847 1616 porro
895 1535 1224 1608 videamus,
1273 1537 1413 1615 qnid
1458 1538 1670 1619 reliqui
1716 1545 1914 1600 metus
1944 1537 2204 1601 Telluris
2251 1538 2545 1611 efficiant,
2594 1538 2692 1620 qui
2739 1538 3022 1602 accidunt

308 1623 468 1686 intra
512 1623 677 1688 illum
724 1624 930 1688 Lunae
978 1627 1299 1688 orbiculum
1350 1627 1423 1688 ad
1474 1627 1554 1688 A.
2419 1684 2424 1688 ,
3021 1672 3028 1679 -

488 1711 801 1778 Secundus
847 1715 1031 1796 igitur
1075 1722 1271 1777 motus
1319 1736 1434 1778 non
1480 1715 1701 1796 integri
1749 1715 1930 1792 orbis,
1979 1715 2089 1776 sed
2135 1715 2383 1779 orbiculi
2431 1715 2750 1804 coelestis,
2795 1713 3014 1777 Terrae

305 1801 551 1883 globum
594 1803 860 1884 proxime
908 1824 1018 1866 ceu
1064 1805 1337 1867 nucleum
1381 1805 1739 1868 includentis
1768 1807 1855 1881 Ρ),
1912 1804 2110 1867 tendit
2152 1805 2214 1867 in
2261 1805 2603 1885 oppositum
2647 1805 2724 1866 ab
2771 1811 2908 1866 ortu
2954 1805 3020 1884 in

305 1892 605 1967 occasum,
654 1893 899 1974 perinde
944 1901 1013 1956 ut
1056 1893 1351 1975 epicyclia
1396 1895 1786 1974 superiorum,
1835 1893 2049 1974 quibus
2098 1913 2299 1958 eorum
2339 1894 2758 1957 eccentricitas
2805 1894 3015 1956 salva-

304 1987 407 2043 tur
452 2003 491 2044 a
534 1980 883 2062 Cepernico.
958 1983 1157 2063 Hujus
1202 2003 1403 2046 annua
1446 1983 1876 2046 constitutione
1921 1983 2008 2056 fit,
2055 1992 2124 2046 ut
2169 1983 2628 2064 aequinoctialis
2675 2000 2912 2063 semper
2957 1983 3016 2044 in

304 2071 559 2132 eandem
604 2071 803 2134 mundi
850 2079 1087 2150 partem
1134 2072 1415 2134 declinet.
1505 2073 1641 2135 Peli
1691 2074 1850 2136 enim
1905 2073 2363 2154 aequinoctialis
2419 2072 2548 2135 sive
2611 2072 2878 2152 corperis
2939 2072 3016 2134 ab

301 2159 481 2239 hujus
522 2161 681 2239 pelis
726 2179 833 2241 per
879 2157 965 2223 23
982 2155 1044 2243 Ἰ,
1086 2157 1113 2192 ⁰
1157 2161 1407 2223 distant.
1501 2160 1622 2233 Qui
1667 2169 1866 2224 metus
1914 2180 2048 2224 cum
2101 2163 2370 2242 pauxille
2413 2155 2678 2224 velec'ier
2721 2161 2804 2222 sit
2849 2169 3016 2222 metu

301 2267 499 2310 annue
547 2249 709 2311 orbis
748 2249 962 2327 magni,
1014 2250 1164 2311 facit
1202 2250 1505 2312 sectiones
1548 2251 1900 2313 circulorum
1947 2251 2075 2312 sive
2123 2251 2634 2332 aequinoctiorum
2679 2251 2814 2311 loca
2858 2269 3016 2330 pau-

300 2337 478 2398 latim
523 2335 579 2399 in
627 2339 1057 2419 praecedentia
1099 2338 1345 2401 moveri.
1377 2344 1434 2412 ¹1)
1528 2337 1730 2410 Quare
1791 2359 1898 2420 per
1951 2340 2108 2402 hunc
2168 2340 2444 2420 exiguum
2502 2339 2807 2419 globulum
2852 2338 3022 2402 eadit

298 2425 410 2488 illa
456 2435 815 2502 monstrosa,
862 2427 1096 2507 ingens,
1145 2426 1403 2517 ἀςαςρος
1449 2448 1607 2490 nona
1650 2429 1912 2510 sphaera
1957 2428 2499 2509 Alphensinerum,
2548 2437 2614 2490 ut
2659 2427 2828 2507 cujus
2878 2427 3016 2489 offi-

299 2513 463 2578 cium
504 2516 565 2577 in
611 2516 779 2580 illum
826 2515 1155 2578 orbiculum
1203 2525 1387 2580 antea
1424 2518 1834 2580 necessarium
1880 2517 2236 2580 translatum
2286 2525 2399 2579 est.
2435 2513 2521 2592 ⁸-¹)
2599 2515 2786 2580 Cadit
2832 2517 3016 2579 etiam

298 2612 503 2667 metus
550 2604 943 2668 deferentium
988 2625 1322 2686 apogaeum
1371 2607 1663 2682 Veneria,
1724 2615 1792 2668 ut
1849 2606 2005 2688 quod
2051 2626 2168 2668 nen
2219 2607 2396 2670 aliter
2439 2615 2738 2681 movetur,
2801 2605 2917 2668 nisi
2963 2605 3015 2666 si

300 2695 457 2756 fixae
506 2693 729 2758 moveri
774 2702 1141 2758 statuantur.
2716 2727 2810 2778 m,
2839 2727 2909 2769 12,

478 2783 719 2846 Tertius
766 2794 963 2847 metus
1010 2794 1107 2847 est
1149 2785 1419 2865 pelorum
1454 2784 1615 2865 globi
1646 2783 1908 2859 Terreni,
1935 2786 1988 2859 ι)
2036 2792 2322 2847 constans
2353 2784 2582 2848 duabus

300 2873 742 2949 librationibus,
792 2893 1039 2955 quarum
1072 2894 1193 2936 una
1238 2882 1335 2937 est
1381 2875 1577 2936 altera
1614 2875 1793 2957 duple
1835 2874 2106 2943 celerior,
2155 2884 2218 2935 et
2263 2875 2340 2935 ad
2385 2882 2584 2936 rectos

298 2963 577 3043 angulos.
659 2962 721 3023 Is
768 2962 1227 3026 administratur
1268 2982 1379 3045 per
1423 2972 1677 3045 quatuor
1722 2964 1996 3039 circulos,
2047 2962 2132 3026 sic
2181 2970 2250 3025 ut
2293 2964 2415 3025 bini
2463 2964 2584 3025 cir-

298 3052 422 3113 culi
469 3050 740 3131 singulas
786 3052 1141 3114 librationes
1190 3052 1442 3127 faciant,
1506 3061 1569 3113 et
1622 3052 1977 3114 librationes
2021 3052 2191 3132 ipsae
2251 3053 2584 3132 permixtae
2684 3133 2686 3135 v

296 3139 567 3202 corollae
614 3140 873 3202 intortae
923 3141 1184 3222 speciem
1227 3142 1588 3221 praebeant,
1638 3141 1717 3203 'in‘
1764 3142 1918 3203 hunc
1965 3142 2202 3203 modum
2267 3141 2394 3223 (fig.
2450 3138 2579 3214 12).

480 3229 617 3291 Una
663 3229 903 3292 libratio
949 3232 1010 3292 in
1059 3231 1259 3294 coluro
1299 3230 1692 3292 solstitiorum
1730 3231 1814 3305 fit,
1868 3237 1931 3292 et
1957 3232 2160 3292 salvat
2185 3230 2581 3292 variationem

296 3317 719 3380 declinationis
761 3319 993 3403 ¹zodiaci
1041 3339 1175 3381 sere
1210 3327 1351 3400 post
1384 3320 1719 3381 Ptolemaei
1766 3328 2040 3399 tempora
2069 3319 2578 3381 animadversam:

294 3406 425 3469 tale
475 3406 616 3487 quid
662 3414 725 3469 et
753 3406 1104 3470 Ptolemaeo
1152 3428 1300 3489 epus
1362 3408 1577 3469 fuisset
1622 3408 1976 3489 confingere,
2029 3418 2090 3471 et
2134 3408 2398 3470 nonnulli
2443 3428 2579 3471 mo-

234 3521 248 3532 ‘
296 3495 489 3569 derni,
542 3496 851 3559 undecimo
897 3498 1097 3559 mundi
1145 3499 1287 3559 orbe
1325 3498 1455 3578 jam
1501 3498 1771 3571 conficte,
1822 3506 2132 3577 praestare
2173 3498 2374 3559 cenati
2419 3505 2577 3560 sunt.

476 3586 695 3648 Altera
723 3586 983 3662 libratio,
1015 3604 1167 3667 quae
1196 3587 1351 3663 fitin
1380 3587 1580 3649 celure
1610 3586 2137 3665 aequinoctiorum,
2187 3587 2390 3650 salvat
2415 3586 2796 3671 inaequalem
2823 3614 3005 3675 prae·

292 3673 631 3736 cessionem
678 3676 1201 3755 aequinoctiorum,
1254 3684 1319 3737 et
1364 3676 1633 3737 eliminat
1666 3683 1924 3737 octavae
1953 3674 2200 3737 fixarum
2239 3676 2552 3755 sphaerae,
2603 3699 2754 3760 qnae
2791 3684 3010 3747 ultima

292 3772 397 3825 est
442 3765 599 3843 apud
646 3763 1074 3847 Cepernicum,
1132 3773 1356 3850 metum
1411 3763 1834 3844 trepidationis
1855 3812 1872 3839 ,
1929 3764 2134 3845 illique
2191 3765 2452 3846 quietem
2497 3784 2665 3831 suam
2713 3773 3003 3837 restituit.

292 3851 501 3932 Atque
548 3872 621 3914 ne
669 3861 732 3939 et
785 3854 881 3915 hic
940 3863 1135 3917 motus
1192 3855 1414 3934 aliquid
1468 3854 1529 3915 in
1586 3852 1805 3915 ceteris
1863 3853 2122 3917 metibus
2180 3855 2518 3916 foeneretur
2539 3905 2554 3932 ,
2620 3860 2786 3922 tollit
2848 3862 3002 3925 irre-

286 3940 677 4021 gularitatem
744 3950 975 4012 metus,
1042 3962 1220 4025 quam
1276 3942 1535 4005 emnium
1598 3950 1834 4022 septem
1895 3942 2274 4021 planetarum
2338 3950 2404 4005 ut
2469 3953 2531 4008 et
2595 3967 2997 4029 apogaeerum

288 4038 492 4092 metus
537 4030 759 4093 habere
806 4032 1153 4094 debuissent
1219 4034 1365 4106 (nen
1421 4030 1551 4093 sine
1598 4032 1926 4094 ministerio
1977 4032 2207 4113 aliquot
2262 4050 2548 4097 novorum
2595 4037 2998 4118 circulorum),

292 4118 439 4201 quia
482 4129 847 4201 compertum
894 4129 1015 4196 est,
1066 4140 1272 4183 omnes
1318 4128 1517 4183 motus
1564 4121 1900 4203 aequaliter
1943 4140 2053 4207 per
2098 4123 2250 4185 fixas
2296 4123 2590 4189 incedere.

474 4206 742 4279 Quartus
790 4210 1038 4291 denique
1086 4218 1281 4273 metus
1328 4216 1427 4271 est
1469 4210 1658 4291 ipsius
1696 4209 1860 4289 globi
1888 4210 2132 4273 Terreni
2173 4221 2234 4274 et
2271 4212 2609 4277 circumfusi
2649 4218 2806 4280 aeris
2849 4236 2997 4298 pro-

288 4299 481 4377 prius,
530 4299 697 4379 cujus
740 4298 1020 4377 periodus
1058 4307 1153 4361 est
1195 4294 1281 4363 24
1310 4300 1589 4363 horarum
1635 4300 1693 4361 in
1743 4300 1994 4370 eandem
2043 4301 2244 4363 mundi
2288 4302 2532 4382 plagam
2576 4324 2712 4369 cum
2758 4309 2994 4383 ceteris,

291 4406 508 4469 nempe
555 4389 631 4449 ab
680 4406 897 4451 occasu
942 4389 1001 4450 in
1061 4398 1293 4453 ertum:
1357 4396 1603 4468 propter
1658 4406 1833 4469 quem
1857 4423 1864 4439 ›
1889 4397 2055 4451 tetus
2111 4392 2364 4453 mundus
2419 4392 2680 4473 reliquus
2739 4396 2814 4459 ab
2861 4406 2997 4460 ortu

288 4476 356 4537 in
418 4488 696 4539 occasum
757 4477 1207 4558 imperturbatis
1262 4496 1477 4557 magne
1532 4478 1817 4541 miraculo
1872 4477 2134 4541 metibus
2189 4480 2468 4543 secundis
2525 4483 2665 4547 ferri
2724 4492 2992 4566 putatur.

291 4564 482 4628 Cadit
522 4566 709 4647 igitur
752 4568 857 4629 illa
903 4568 1333 4630 incredibiliter
1378 4567 1505 4628 alta
1550 4574 1613 4629 et
1654 4568 1866 4646 pernix
1911 4567 2146 4629 decima
2191 4570 2450 4649 sphaera
2489 4571 2778 4653 ἀναςρος,
2825 4577 2993 4655 eujus

288 4664 362 4717 et
404 4654 589 4718 tetius
635 4656 836 4718 mundi
882 4663 1057 4719 tanta
1102 4664 1269 4720 esset
1314 4658 1369 4718 in
1403 4656 1749 4718 Ptolemaeo
1794 4656 2138 4736 pernicitas,
2189 4669 2258 4720 nt
2301 4676 2416 4720 une
2461 4662 2626 4723 nictu
2671 4665 2826 4726 oculi
2873 4665 2991 4727 ali-

290 4754 443 4826 quot
486 4746 677 4808 millia
702 4745 1040 4808 milliarium
1070 4744 1418 4808 transirent.
1486 4745 1580 4807 Ac
1628 4763 1851 4826 quaeso
1899 4756 1979 4820 te,
2029 4746 2106 4808 ad
2152 4747 2440 4809 tabellam
2489 4747 2632 4825 (10)
2679 4752 2986 4833 respiciaS‚

290 4844 365 4899 et
408 4834 665 4915 cogites,
715 4836 870 4916 qued
916 4834 1118 4897 Tellus
1167 4836 1315 4914 haec
1362 4841 1594 4907 nestra,
1655 4834 1727 4895 de
1775 4835 1943 4916 cujus
1989 4844 2154 4897 metu
2199 4836 2564 4917 disputatur,
2623 4841 2819 4923 exigui
2865 4844 2988 4907 cir-

294 4924 436 4995 celli
479 4924 735 4993 Lunaris
792 4923 867 4987 ad
918 4924 975 4985 A
1016 4924 1519 5009 septuagesimam
1566 4924 1667 4987 vix
1714 4924 1946 4991 demum
1991 4932 2228 5007 partem
2273 4926 2544 4991 diametri
2591 4939 2848 5014 aequet:
2911 4934 2987 4996 ab

1258 5072 1293 5097 Q
