3634 5575
1450 390 1619 445 Notas
1654 392 1888 445 Εᾱιιοι-ιι.
2909 386 3038 459 661

304 558 545 617 tempore
584 551 1191 617 apportem-accepimns.
1266 551 1433 601 Trium
1468 551 1577 603 loco
1616 564 1711 617 ego
1748 551 1882 603 solus
1937 548 2114 615 (atque
2163 552 2356 603 numam
2401 564 2502 603 non
2521 549 2694 617 wrm)
2745 551 3039 615 respondeo.

306 624 381 673 Et
421 624 633 687 primum
670 624 867 689 quidem
904 624 1024 675 clar.
1062 623 1219 673 nostri
1251 621 1319 671 D.
1358 622 1663 687 Berneggeri
1701 623 1900 673 nomine
1921 656 1934 677 .
1991 623 2072 686 qui
2117 620 2244 673 haee
2300 622 2393 672 tibi
2427 636 2516 685 per
2548 637 2629 673 me
2665 622 2868 673 rescribi
2904 622 3040 673 vult:

302 696 423 759 ipse
464 696 595 744 enim
632 694 921 759 gravissimo
972 694 1149 757 capitis
1188 692 1375 745 affectu
1433 690 1577 757 (proh
1614 693 1751 743 dolor
1770 689 1809 753 ἱ)
1860 692 2128 756 implicitus
2181 706 2282 745 non
2315 698 2502 755 potest·
2571 692 2712 743 Deus
2748 706 2843 743 sua
2873 694 3043 759 gratia

302 765 525 828 pristino
564 780 679 816 eum
714 766 875 816 robori
910 765 1189 821 restituere,
1227 769 1284 813 ut
1320 764 1497 826 coepit.
1537 772 1717 829 pergat
1721 798 1998 813 ......
2056 762 2124 812 D.
2167 763 2501 829 Gringalletus
2537 763 2748 815 salutem
2784 769 2838 815 et
2874 763 3044 815 officiis

304 849 413 885 sua
448 838 783 901 promtissima
816 837 905 887 tibi
943 850 1031 899 per
1064 850 1145 883 me
1180 835 1405 885 nunciari
1443 836 1602 897 petiit.
1640 848 1791 898 seque
1830 848 1893 884 ea
1929 834 2227 892 conditione,
2264 848 2412 899 quam
2437 833 2528 897 ipsi
2555 833 2788 891 obtulisti,
2825 834 3040 886 maxime

305 920 429 957 esse
468 912 755 957 contentum
792 906 913 956 dicit
949 912 1001 955 et
1037 904 1103 955 ad
1154 912 1375 954 nostrum
1412 902 1609 954 Pascha.
1644 904 1753 955 Deo
1791 904 1986 955 volente
2024 904 2252 955 Lincium
2289 920 2344 955 se
2383 904 2619 954 conferet.
2692 902 2911 955 Habebis
2946 905 3036 955 ho-

304 977 501 1027 minem
538 984 595 1027 ut
630 992 771 1041 spero
811 978 1097 1043 diligentem
1136 982 1189 1026 et
1223 975 1419 1025 doctum
1458 976 1753 1039 negotioque
1789 982 1892 1035 tuo,
1929 976 1980 1025 in
2018 989 2113 1038 quo
2150 976 2375 1031 versaris,
2414 990 2514 1025 non
2549 974 2790 1025 inutilem.
2817 1010 2832 1025 .
2861 1010 2874 1023 .
2903 1011 2918 1023 .

552 1084 566 1096 .
606 1084 619 1095 .
658 1049 769 1098 Hoc
805 1048 965 1105 doleo,
1002 1063 1083 1097 me
1118 1045 1367 1109 exemplar
1403 1046 1474 1095 tui
1512 1044 1819 1111 Prognostici
1856 1061 1958 1095 non
1992 1045 2190 1096 habere.
2251 1045 2400 1106 Nam,
2438 1045 2568 1109 quod
2605 1044 2774 1094 scribis
2810 1046 3036 1097 sufficere

304 1118 463 1169 nobis
498 1120 643 1179 istud,
682 1120 811 1183 quod
846 1120 1036 1175 misisti,
1074 1134 1173 1167 non
1210 1116 1415 1166 sufficit:
1454 1132 1551 1165 non
1592 1118 1721 1166 enim
1760 1119 1883 1167 satis
1921 1124 1998 1167 est
2029 1116 2146 1165 mihi
2181 1115 2335 1167 semel
2372 1123 2463 1165 tua
2487 1116 2684 1181 legisse,
2723 1114 2812 1166 sed
2836 1118 3035 1181 saepius

304 1190 571 1255 relegisse,
610 1196 661 1240 et
694 1190 961 1241 identidem
1000 1204 1065 1241 ea
1098 1196 1338 1253 tanquam
1374 1188 1643 1254 imaginem
1680 1194 1822 1237 tuam
1856 1187 2141 1251 inspexisse.
2198 1185 2363 1248 Quare
2401 1186 2514 1236 huic
2552 1186 2810 1237 tabellario
2849 1192 3035 1245 nostro,

308 1261 355 1309 si
396 1260 533 1311 voles
552 1296 567 1318 ,
625 1261 879 1325 exemplar
912 1262 1031 1311 mihi
1068 1257 1370 1310 reddendum
1407 1260 1554 1321 probe
1592 1258 1906 1309 convolutum
1941 1258 2136 1308 tradere
2173 1258 2383 1323 poterin
2442 1271 2474 1306 a
2509 1270 2588 1307 me
2609 1292 2622 1315 ,
2675 1257 2755 1306 ubi
2795 1256 3034 1315 attulerit,

307 1332 599 1381 mercedem
654 1333 881 1396 accipiet.
922 1355 991 1365 —
1028 1330 1336 1397 Argentinae
1393 1328 1675 1381 calendarii
1728 1330 1803 1378 tui
1854 1328 2154 1393 exemplaria
2204 1326 2372 1393 procul
2429 1327 2576 1378 dubio
2623 1326 2786 1376 multa
2836 1333 3041 1392 possent

308 1402 465 1453 vendi
486 1437 503 1459 ,
560 1404 601 1457 si
639 1402 899 1463 adessent,
958 1408 1011 1453 et
1044 1407 1233 1452 nostros
1271 1400 1554 1465 bibliopolas
1589 1401 1805 1464 proxime
1845 1401 2016 1449 futuris
2053 1398 2548 1450 Frankofurtensibus
2599 1398 2833 1449 nundinis
2855 1433 2868 1456 ,
2923 1412 3035 1448 cum

312 1474 461 1525 nacti
499 1472 715 1531 fuerint,
767 1478 1041 1524 coemturos
1094 1473 1196 1522 scio
1252 1477 1305 1520 et
1342 1470 1589 1534 duplicato
1626 1472 1781 1535 pretio
1817 1472 1900 1522 hic
1936 1470 2248 1528 vendituros3
2303 1470 2344 1519 is
2383 1484 2549 1519 eorum
2584 1482 2689 1519 mos
2710 1503 2725 1526 ,
2781 1474 2838 1518 ut
2873 1469 3042 1519 omnia

312 1548 415 1594 tua
468 1545 652 1607 scripta
707 1545 901 1595 cariora
953 1542 1316 1609 praetendant,
1373 1556 1461 1599 eo,
1516 1542 1645 1606 quod
1698 1542 1803 1606 ipse
1855 1542 2058 1607 propriis
2104 1541 2337 1607 pleraque
2389 1539 2627 1590 sumtibus
2666 1539 2840 1590 excudi
2878 1554 3035 1590 cures.

314 1608 390 1673 (E
427 1614 581 1664 literis
618 1613 665 1665 d.
707 1613 800 1665 111.
838 1614 969 1665 Non.
1008 1616 1159 1665 Mart.
1202 1609 1382 1673 1617).

500 1700 724 1753 Eandem
760 1718 909 1769 quam
958 1718 1107 1767 supra
1158 1702 1475 1769 Berneggero
1527 1701 1679 1753 refert
1728 1715 1933 1754 causam
1947 1736 1964 1765 ,
2019 1715 2106 1751 eur
2160 1698 2460 1752 calendaria
2508 1699 2816 1750 conscribere
2877 1700 3038 1750 denuo

318 1785 592 1849 inceperit,
649 1784 927 1849 perscripsit
960 1782 1207 1847 Keplerus
1243 1782 1290 1832 J.
1328 1782 1399 1833 M.
1439 1780 1852 1841 Wackherio,
1899 1782 2207 1845 imperatoris
2265 1779 2512 1830 Matthiae
2571 1793 2606 1831 a
2651 1781 2880 1835 consiliis.
2965 1774 3042 1829 Ut

319 1858 571 1928 primum,
616 1856 809 1927 inquit,
851 1856 1043 1927 Praga
1084 1856 1297 1911 domum
1337 1854 1470 1909 redii
1515 1848 1727 1921 (mense
1754 1817 1895 1925 Ma’ji
1933 1849 2126 1921 1617),
2171 1856 2242 1909 ad
2284 1852 2620 1907 Tabularum
2659 1860 2720 1907 et
2757 1854 3032 1924 Epheme·

316 1939 497 1993 ridum
538 1950 677 2007 opus
719 1936 887 1999 redii,
932 1942 1103 2006 utque
1145 1944 1355 1989 sumtus
1399 1938 1467 1989 ad
1509 1934 1904 2003 Ephemerides
1945 1936 2174 1987 duorum
2215 1948 2478 1988 annorum
2519 1932 2868 2001 expedirem,
2924 1933 3036 1987 vile

321 2016 709 2072 calendarium
752 2032 873 2071 cum
914 2015 1279 2086 Prognostico
1338 2013 1565 2085 scripsi,
1632 2016 1771 2085 quod
1834 2014 2004 2083 paulo
2045 2014 2332 2067 admodum
2372 2010 2658 2065 honestius
2701 2016 2817 2076 est,
2876 2026 3037 2085 quam

320 2096 664 2153 mendicare:
712 2095 815 2148 nisi
858 2096 1000 2167 quod
1042 2094 1121 2147 sic
1160 2094 1352 2149 honori
1396 2094 1651 2148 Caesaris
1694 2094 1995 2165 parcitum,
2041 2092 2133 2164 qui
2173 2110 2258 2147 me
2301 2090 2354 2146 in
2399 2091 2628 2145 solidum
2671 2092 2910 2157 deserit,
2975 2099 3039 2146 ut

320 2194 427 2246 per
486 2174 659 2245 ipsius
714 2176 977 2229 mandata
1032 2174 1364 2239 cameralia‚
1430 2174 1777 2244 quantumvis
1823 2175 2018 2228 crebra
2059 2177 2118 2227 et
2158 2172 2433 2237 recentia,
2483 2170 2620 2247 ,mihi
2673 2172 2815 2225 fame
2857 2171 3038 2243 perire

320 2256 512 2311 liceat.
562 2284 631 2293 —

504 2331 869 2393 calendarium,
906 2330 1034 2395 quod
1072 2332 1255 2395 priores
1294 2330 1527 2381 exhibent
1562 2332 1796 2397 paginae,
1835 2331 1900 2381 ad
1935 2343 2093 2379 annos
2131 2324 2268 2378 1618
2295 2334 2346 2380 et
2376 2325 2507 2378 1619
2535 2327 2738 2379 diversis
2761 2329 3040 2381 confectum

324 2419 435 2455 esse
472 2404 801 2466 temporibus,
858 2414 1007 2464 supra
1061 2402 1303 2459 diximus,
1358 2402 1585 2467 idemque
1638 2403 1816 2467 probat
1869 2401 1974 2466 ipse
2027 2400 2308 2465 adspectus.
2386 2400 2495 2463 Quo
2532 2413 2646 2449 vero
2684 2405 2902 2483 tempore
2938 2400 3037 2451 siu-

324 2475 477 2541 gulae
532 2474 841 2535 conscriptae
886 2473 987 2523 sint
1020 2478 1221 2536 partes,
1278 2480 1441 2523 utrum
1491 2473 1617 2523 forte
1656 2472 2010 2523 calendarium
2062 2470 2127 2521 ad
2177 2485 2365 2521 annum
2404 2466 2539 2519 1618
2575 2472 2779 2520 seorsim
2815 2470 3040 2529 ediderit,

324 2552 601 2610 posteaque
636 2542 757 2595 illud
794 2543 1073 2605 adjunxerit
1106 2542 1178 2592 illi
1215 2544 1281 2593 ad
1318 2557 1505 2593 annum
1543 2540 1681 2593 1619
1718 2559 1817 2594 non
1855 2543 2003 2627 plane
2055 2547 2266 2593 constat.
2341 2538 2613 2607 Sequentes
2652 2540 3042 2608 Gringalleti

323 2616 537 2672 literae,
582 2615 739 2679 pridie
778 2614 887 2663 Cal.
926 2612 1049 2664 Nov.
1092 2610 1229 2663 1617
1269 2614 1335 2665 ad
1369 2614 1641 2681 Keplerum
1678 2615 1860 2671 datae,
1897 2615 2106 2677 priorem
2141 2612 2429 2663 confirmare
2465 2612 2691 2663 videntur
2724 2614 3041 2666 sententiam.

512 2684 709 2737 Clarias.
750 2690 803 2735 et
834 2684 1021 2735 Excell.
1065 2684 1165 2733 Vir.
1240 2684 1392 2735 Dubii
1427 2685 1623 2750 quidem
1660 2700 1853 2743 sumus,
1910 2683 2150 2749 quomodo
2203 2684 2374 2734 literas
2411 2683 2477 2734 ad
2513 2689 2564 2735 te
2603 2688 2738 2749 certo
2775 2682 2894 2735 dare
2929 2697 3042 2747 pos-

326 2759 497 2813 simus,
540 2772 651 2814 cum
691 2755 839 2808 fixam
872 2769 973 2806 non
1009 2755 1197 2808 habeas
1235 2755 1415 2807 alicubi
1450 2758 1733 2816 stationem.
1772 2770 1868 2808 nec
1903 2756 2134 2817 sciamus,
2173 2752 2239 2805 ad
2274 2769 2420 2820 quem
2457 2768 2544 2806 eas
2571 2742 2895 2808 Ganstadium
2929 2754 3042 2804 mit-

330 2837 437 2880 tere
472 2829 549 2879 vel
588 2827 935 2879 commendare
970 2841 1223 2890 queamus.
1299 2824 1571 2892 (Keplerus
1622 2828 1763 2878 initio
1817 2827 2000 2878 mensis
2047 2826 2272 2877 Octobris
2308 2825 2636 2878 Ratisbonam
2689 2827 2755 2878 ad
2806 2837 3046 2892 generum

330 2901 578 2963 profectus
594 2933 609 2954 ,
656 2899 771 2948 inde
806 2904 1143 2962 transgressus
1182 2904 1257 2948 est
1292 2899 1343 2948 in
1382 2897 1850 2963 Wiirttembergiam
1871 2933 1886 2956 ,
1937 2897 2020 2947 ubi
2056 2911 2210 2962 usque
2248 2896 2312 2948 ad
2349 2895 2677 2950 Decembrem
2713 2892 3044 2958 versabatur)-

336 2969 603 3020 Consilium
639 2971 807 3034 itaque
842 2968 1069 3028 iniimus,
1127 2974 1185 3020 ut
1222 2967 1549 3020 Canstadium
1585 2969 1783 3036 quidem
1818 2984 1906 3034 per
1944 2966 2128 3020 celeres
2163 2967 2450 3030 mittantur,
2505 2967 2622 3020 inde
2659 2967 2942 3036 Tubingam
2979 2966 3046 3017 ad

334 3039 400 3090 D.
437 3037 761 3090 Maestlinum
797 3037 871 3088 vel
910 3037 973 3087 D.
1012 3037 1338 3090 Besoldnm..

595 3109 801 3158 ‚Tertio
826 3121 859 3158 a
883 3108 1104 3158 discessu
1124 3116 1211 3159 tuo
1238 3111 1317 3160 die
1342 3111 1523 3162 tradidi
1547 3109 1853 3178 typographo
1875 3107 1943 3160 60
1960 3109 2215 3160 duodenas
2235 3103 3046 3176 Calendariorum,401igatorum.

335 3146 529 3245 partim·
552 3179 883 3238 rescissorum,
920 3181 1099 3243 partim
1135 3181 1455 3244 integrorum,
1493 3187 1545 3230 et
1582 3179 1651 3230 20
1687 3196 1785 3231 non
1821 3181 2100 3247 ligatorum.
2176 3177 2448 3244 Supersunt
2484 3179 2624 3230 nobis
2661 3177 2824 3232 adhuc
2861 3179 3048 3244 aliquot

334 3253 593 3303 duodenae
630 3249 927 3316 ligatorum,
984 3255 1037 3299 et
1090 3251 1485 3316 sesquiduodena
1519 3251 1629 3315 plus
1664 3252 1826 3301 minus
1864 3266 1961 3300 non
2001 3255 2382 3316 compactorum.
2457 3250 2662 3314 Propter
2715 3249 2920 3300 chartae
2957 3249 3043 3300 de·

333 3324 517 3375 fectum
554 3337 654 3372 non
690 3321 966 3385 pergimus.
1022 3319 1173 3370 habui
1226 3327 1395 3372 tamen
1444 3323 1551 3384 jam
1588 3323 1828 3386 probam,
1877 3321 1952 3371 vel
2008 3324 2214 3372 formam
2251 3333 2418 3382 unam,
2456 3336 2586 3388 quae
2616 3315 2770 3384 jacet
2790 3335 2944 3386 usque
2979 3320 3048 3372 ad

334 3393 541 3444 chartae
578 3393 861 3442 adventum.
918 3388 971 3439 Si
1008 3391 1255 3442 scivissem
1293 3393 1381 3442 tibi
1413 3408 1511 3442 non
1548 3391 1697 3442 fuisse
1729 3395 1996 3458 ingratum,
2035 3389 2232 3453 Styram
2264 3406 2343 3442 me
2371 3393 2684 3442 contulissem
2708 3387 3045 3455 procurandae

336 3464 542 3514 chartae
581 3476 750 3519 causa,
790 3475 917 3526 quae
956 3463 997 3510 si
1034 3463 1131 3511 cito
1168 3477 1269 3512 non
1304 3463 1547 3520 mittatur,
1585 3478 1767 3520 vereor,
1805 3469 1880 3518 ut,
1915 3463 1998 3513 ubi
2033 3462 2253 3518 redieris,
2289 3462 2411 3512 nihil
2449 3465 2701 3527 inceptum
2725 3462 2941 3515 futurum
2964 3463 3046 3512 sit.

337 3535 483 3595 Quod
507 3535 737 3599 Augusta
756 3533 953 3582 mittere
990 3531 1245 3593 deliberes,
1283 3534 1333 3582 id
1369 3535 1581 3584 fortasse
1608 3546 2030 3598 supervacaneum
2068 3534 2176 3590 erit,
2215 3545 2326 3583 cum
2363 3533 2558 3585 interea
2591 3533 2748 3598 possit
2771 3529 2923 3594 Styra
2955 3531 3046 3584 sd-

332 3605 459 3656 vehi.
531 3605 691 3656 Nemo
724 3608 987 3667 praeterea
1021 3603 1097 3652 vel
1135 3603 1435 3654 calendaria
1469 3605 1547 3654 vel
1584 3604 1931 3669 Ephemerides
1969 3603 2128 3669 petiit.
2169 3625 2238 3638 -

514 3693 671 3742 Annis
707 3692 925 3755 proxime
960 3693 1278 3756 sequentibus
1316 3689 1647 3756 (1620-23)
1686 3692 1826 3744 nulla
1859 3694 2055 3756 scripsit
2075 3691 2324 3756 Keplerus
2347 3691 2666 3750 calendaria,
2701 3690 2832 3757 quod
2855 3695 3046 3744 temes>

212 3775 227 3782 '
332 3777 415 3822 tur
448 3772 575 3823 haec
611 3771 763 3835 ipsine
801 3771 979 3821 verba:
1036 3766 1171 3819 Cum
1212 3766 1306 3821 24.
1346 3766 1459 3820 Jul.
1510 3766 1677 3821 1620.
1720 3767 1973 3820 Batavus
2015 3773 2344 3834 occupasset
2367 3764 2631 3828 Lincium,
2673 3765 2804 3834 ipsa
2841 3759 3050 3832 (mater

334 3839 595 3915 Kepleri)
639 3845 693 3898 5.
720 3844 966 3916 Augusti
1006 3853 1135 3914 post
1175 3847 1233 3900 in
1273 3846 1578 3900 custodiam
1616 3848 1757 3900 data
1796 3850 1858 3899 et
1895 3846 2063 3914 plane
2107 3847 2178 3899 ad
2221 3851 2490 3900 torturam
2529 3845 2838 3914 postulata.
2895 3843 3048 3898 Nihil

323 3925 457 3978 'erat
494 3923 697 3994 potius,
742 3939 905 3994 quam
944 3931 1010 3977 ut
1050 3940 1089 3978 a
1128 3925 1203 3979 ¹70
1244 3923 1571 3980 milliaribus
1616 3941 1974 3980 accurrerem.
2007 3965 2020 3978 .
2057 3965 2068 3978 .
2103 3967 2114 3980 .
2149 3925 2490 3979 Laboratum
2529 3925 2636 3978 hac
2677 3923 2733 3977 in
2771 3940 2832 3978 re
2872 3939 3046 3994 usque

334 4005 387 4059 in
432 4005 485 4056 4.
530 4005 669 4057 Nov.
715 4003 843 4056 anni
898 4005 1065 4066 1621,
1128 4020 1247 4058 cum
1306 4005 1520 4059 solenni
1570 4004 1779 4075 judicio
1839 4011 2020 4059 mater
2061 4004 2166 4057 mit
2209 4021 2244 4058 a
2285 4011 2504 4058 tortura
2541 4001 2726 4074 petita
2786 4004 3049 4059 absoluta

334 4098 473 4154 eque
516 4081 766 4136 custodia
806 4081 1024 4146 emissa,
1070 4097 1106 4136 a
1148 4100 1254 4154 quo
1294 4085 1413 4154 ipso
1454 4085 1695 4156 vestigio
1738 4101 1846 4155 ego
1888 4083 2133 4137 Lincium
2173 4084 2398 4139 recurri.
2479 4085 2711 4153 Jamque
2758 4087 2818 4138 et
2857 4085 2924 4138 de
2965 4083 3046 4136 in-

322 4161 479 4233 juria
535 4167 595 4214 et
654 4163 721 4214 de
782 4161 1050 4216 sumtibus
1094 4164 1375 4236 agebatur
1413 4164 1469 4216 in
1529 4163 1936 4226 adversariam,
1999 4179 2120 4216 cum
2175 4179 2302 4218 ecce
2361 4161 2451 4218 13.
2494 4167 2629 4232 Apr.
2679 4161 2850 4220 1622.
2893 4163 3048 4218 Deus

330 4243 493 4298 finem
546 4241 697 4294 vitae
756 4241 948 4296 matris
1007 4248 1068 4295 et
1121 4241 1234 4296 litis
1278 4242 1443 4306 fecit,
1498 4243 1704 4298 aetatis
1763 4259 1908 4298 anno
1954 4241 2048 4298 75.
2133 4248 2214 4297 At
2251 4243 2342 4296 hic
2380 4260 2483 4314 per
2522 4257 2702 4296 meam
2741 4241 3050 4298 absentiam

332 4322 709 4393 spargebatur
727 4361 741 4384 ,
802 4337 888 4376 me
934 4329 1165 4392 propter
1204 4322 1575 4377 temeritatem
1614 4321 1970 4394 Nagelianae
2011 4322 2242 4378 similem
2285 4322 2423 4378 iram
2461 4321 2728 4376 meruisse
2771 4321 3046 4383 Caesaris,

333 4417 561 4470 cumque
601 4400 891 4471 effugerim
932 4397 1303 4470 (paucissimis
1345 4402 1489 4456 enim
1530 4417 1753 4456 causam
1790 4401 1978 4457 abitus
2015 4403 2122 4458 mei
2151 4396 2516 4467 credideram)
2559 4416 2819 4472 magnam
2845 4415 2884 4456 a
2911 4401 3047 4455 Cae·

332 4495 459 4535 sare
516 4495 781 4534 summam
840 4480 1199 4534 constitutam
1240 4481 1297 4534 in
1338 4487 1509 4550 caput
1546 4497 1723 4536 meum
1736 4523 1752 4545 ,
1806 4479 1936 4551 quin
1977 4481 2148 4538 etiam
2184 4482 2414 4536 flammis
2455 4480 2666 4536 tradita
2703 4478 3052 4551 exemplaria

334 4559 649 4614 Calendarii
710 4559 925 4624 omnia,
990 4562 1168 4630 quod
1208 4567 1379 4614 tunc
1418 4559 1593 4614 fieri
1636 4577 1771 4614 non
1813 4562 2096 4630 potuit,
2155 4576 2302 4615 cum
2345 4560 2547 4615 nulla
2604 4559 3048 4630 scripserim.

332 4641 468 4694 Post
508 4639 715 4692 factum
756 4645 847 4692 est
864 4679 879 4704 ,
925 4639 1194 4707 superiori
1234 4637 1524 4693 Decembri
1568 4639 1625 4693 in
1664 4639 1858 4709 styria
1875 4679 1889 4703 ,
1933 4641 2144 4695 nullum
2185 4641 2256 4694 ob
2297 4638 2741 4711 prognosticum,
2784 4641 2882 4694 sed
2923 4638 3054 4710 quia

334 4721 401 4772 de
442 4716 849 4787 praecellentia
890 4721 1229 4772 contendunt
1266 4719 1599 4790 provinciae,
1646 4733 1875 4790 quarum
1915 4719 1970 4773 in
2013 4720 2180 4774 titulo
2219 4721 2285 4774 flt
2323 4718 2544 4784 mentio,
2589 4733 2712 4772 cum
2743 4734 2852 4791 ego
2881 4717 3049 4788 Supr-

333 4798 671 4862 Anisanam,
716 4797 802 4851 cui
846 4799 1040 4861 servio,
1082 4797 1545 4869 praeposuissem.
1628 4796 1733 4852 Hic
1773 4797 1976 4869 privati
2035 4799 2236 4871 aliqui,·
2269 4805 2567 4870 antequam
2607 4813 2697 4852 res
2741 4799 2812 4852 ad
2853 4799 3050 4868 corp‘us

338 4875 595 4952 ordinum
636 4877 862 4942 delata,
924 4877 1319 4948 praejudicium
1375 4879 1478 4932 hoc
1522 4877 1731 4954 „insigni
1774 4886 1836 4933 et
1893 4879 2106 4934 solenni
2163 4885 2292 4934 actu
2334 4878 2662 4934 abolendum
2706 4883 3043 4934 statuerunt.
