3634 5575
611 359 698 429 54
1319 394 1328 411 .
1792 356 2117 409 Prooemium.

750 527 950 578 Literae
983 526 1082 576 has
1117 537 1291 589 parum
1325 521 1492 573 solatii
1545 521 1829 573 exhibentes
1867 519 2174 579 advenerunt
2210 518 2463 569 Graetinm
2496 517 2714 583 Keplero
2744 516 2964 585 Pragam
3010 516 3079 567 ad
3108 514 3303 579 Tycha·

611 613 725 649 nem
760 598 978 664 profecto
1017 594 1178 658 (initio
1215 595 1330 647 Jan.
1373 589 1552 655 1600).
1627 592 1702 642 lbi
1739 596 2062 641 commoratus
2107 604 2262 654 usque
2309 588 2373 639 ad
2417 605 2637 640 mensem
2671 586 2900 645 Junium,
2948 603 3042 652 quo
3080 584 3309 637 Gratiam

611 669 781 727 rediit,
829 666 1006 732 pactus
1044 674 1120 717 est
1156 681 1267 716 cnm
1303 662 1536 727 Tycbono
1575 664 1634 714 de
1669 664 1881 713 transitu
1917 665 1969 711 in
2004 662 2291 711 Bohemiam
2309 695 2323 719 ,
2376 666 2529 725 'eoque
2574 660 2812 711 familiam
2846 658 3101 709 transtulit
3133 672 3308 708 mense

613 739 850 792 Octobris.
880 762 950 773 --
986 736 1180 801 (comp.
1219 742 1386 787 annot.
1425 735 1630 799 Kepleri
1663 736 1718 784 in
1753 734 2115 784 dedicationem
2152 726 2285 797 [a].)

750 810 832 863 Do
861 810 939 861 his
962 824 1090 875 quae
1113 809 1382 873 Koplerum
1411 812 1516 857 tum
1549 806 1780 870 temporis
1815 806 2085 855 turbabant
2116 804 2261 854 rebus
2294 804 2495 867 privati·
2529 804 2825 868 publicisque
2860 801 3077 866 pluribus
3114 801 3222 866 ugit
3254 802 3307 851 in

611 883 925 950 sequentibus
962 883 1115 933 tribus
1128 915 1144 939 ,
1182 882 1324 931 annis
1365 875 1498 927 1599
1537 884 1588 929 et
1627 874 1763 927 1600
1801 877 1868 927 ad
1901 875 2223 927 Maestlinum
2257 875 2387 925 datis
2422 874 2591 927 literis.

1807 1017 1874 1081 S.
1922 1018 1989 1080 P.
2036 1017 2115 1080 D.

788 1132 1030 1197 Literas
1077 1137 1234 1204 tuas„
1285 1126 1626 1189 avidissime
1673 1126 1788 1188 hoc
1834 1125 2175 1189 turbulento
2222 1132 2487 1202 tempore
2548 1131 2940 1204 expectatae,
3000 1124 3113 1185 hac
3171 1125 3307 1185 vice

612 1223 752 1285 mihi
800 1240 916 1283 non
961 1218 1250 1292 redditae,
1299 1216 1684 1278 vehementer
1725 1214 1919 1278 doleo.
1994 1214 2460 1276 Provinciarium
2497 1212 2724 1293 Agens,
2774 1212 2873 1293 qui
2909 1212 3144 1293 Pragae
3192 1212 3313 1275 fuit

615 1307 1146 1388 (Kandelberger),
1196 1306 1310 1369 huc
1347 1306 1582 1367 vinctus
1612 1313 1750 1367 ante
1783 1311 2070 1366 semestre
2102 1302 2341 1377 allatae,
2394 1301 2679 1383 superiori
2717 1321 2919 1365 mense
2956 1309 3152 1364 tortus
3191 1309 3311 1375 est,

611 1398 988 1462 Secretarius
1036 1394 1348 1479 Styrorum
1403 1392 1835 1467 (Gabelkofer)
1894 1392 2167 1472 captivus
2224 1390 2539 1453 detinetur.
2632 1393 2857 1452 Ferunt
2916 1390 3313 1454 deliberatum

613 1489 684 1551 de
733 1488 853 1551 alio
896 1484 1198 1567 principe,
1241 1485 1493 1563 ideoque
1543 1482 1786 1564 capitali
1834 1482 2122 1562 supplicio
2169 1481 2545 1561 plectendum
2590 1480 2757 1543 illum
2802 1480 3123 1559 Agentem.
3200 1480 3311 1542 In·-

611 1586 781 1640 terea
825 1576 1054 1655 templa
1099 1581 1238 1635 ante
1285 1592 1508 1653 paucos
1557 1592 1744 1633 annos
1801 1572 2119 1633 aedificata
2184 1578 2556 1643 evertuntur,
2624 1570 2723 1651 qui
2768 1576 2979 1630 contra
3023 1568 3313 1650 principis

609 1667 894 1729 mandata
939 1663 1243 1726 ministros
1291 1662 1577 1735 detinent,
1629 1662 1788 1723 cives
1839 1660 2211 1740 oppidorum,
2264 1658 2447 1722 armis
2494 1658 2573 1719 ad
2618 1658 3020 1719 obedientiam
3062 1666 3314 1739 protra-

609 1758 855 1831 huntur,
910 1752 1151 1815 vincula
1193 1750 1420 1831 injecta
1463 1750 1678 1830 viginti
1723 1769 1995 1824 numero,
2058 1749 2155 1830 qui
2214 1748 2341 1810 heri
2390 1748 2561 1809 allati
2616 1754 2757 1810 sunt
2820 1746 3141 1827 desperata
3200 1766 3321 1811 sna

611 1847 827 1909 salute.
907 1842 1042 1905 Hoc
1090 1841 1393 1903 decretum
1454 1847 1517 1901 et
1571 1839 1950 1901 sanctissimo
2007 1839 2348 1919 juramento
2416 1839 2823 1899 confirmatum
2886 1846 2985 1900 est
3037 1838 3315 1920 principi,

613 1934 836 1998 nullum
865 1932 1100 2009 omnino
1133 1930 1465 1992 ministrum
1494 1930 1784 1992 ecclesiae
1821 1928 1949 2008 pati
1992 1930 2050 1989 iu
2098 1928 2222 1990 suis
2266 1926 2613 2008 provinciiS,
2658 1946 2731 1995 ne
2762 1926 3000 2008 quidem
3044 1927 3101 1989 in
3150 1928 3317 1991 arci-

610 2026 740 2087 bus.
835 2020 1067 2087 Contra
1109 2020 1262 2081 haec
1310 2017 1484 2082 rebus
1532 2018 1664 2097 jam
1708 2018 2009 2099 prolapsis
2056 2036 2229 2079 nemo
2278 2017 2591 2099 quicquam
2637 2023 2867 2091 movet,
2930 2036 3039 2079 nec
3083 2025 3317 2096 potest.

613 2112 795 2177 Cives
841 2111 1019 2191 hujus
1065 2108 1252 2181 urbiS,
1299 2108 1397 2189 qui
1445 2125 1663 2169 novum
1699 2108 2104 2189 juramentum
2147 2114 2459 2188 praestare
2506 2124 2571 2167 se
2620 2125 2797 2185 posse
2844 2114 3085 2185 negant,
3134 2114 3317 2169 vetus

614 2221 728 2263 non
768 2202 1084 2281 jurarunt:
1147 2197 1209 2258 hi
1255 2198 1494 2277 inquam
1541 2204 1795 2275 agentur
1840 2196 1901 2257 in
1965 2196 2242 2258 exilium:
2306 2215 2414 2257 nec
2469 2193 2675 2256 licebit
2725 2193 2878 2275 ipsis
2926 2194 3034 2257 sub
3082 2195 3319 2257 nobiles

613 2290 900 2371 migrare,
959 2286 1250 2348 decimam
1306 2292 1540 2365 partem
1593 2284 1881 2346 bonorum
1943 2284 2243 2347 mobilium
2291 2293 2352 2346 et
2394 2282 2781 2347 immobilium
2823 2291 2969 2364 post
3011 2303 3076 2345 se
3123 2284 3320 2346 relin—

522 2368 538 2379 ”
613 2386 812 2459 quent.
904 2376 1038 2457 Ego
1086 2394 1289 2437 omnes
1337 2374 1682 2436 occasiones
1741 2374 1947 2448 rimor,
2012 2373 2137 2435 sine
2194 2393 2324 2436 meo
2380 2380 2579 2435 sumtu
2625 2374 2881 2453 Pragam
2928 2372 3317 2453 perveniendi

615 2469 692 2530 ad
739 2466 1110 2550 Tychonem,
1166 2464 1303 2525 inde
1352 2482 1422 2524 eo
1467 2462 1598 2525 viso
1646 2462 1790 2525 mihi
1840 2464 1994 2527 forte
2042 2469 2323 2524 nascetur
2378 2461 2613 2523 occasio
2662 2460 3029 2524 deliberandi
3076 2463 3149 2523 de
3198 2462 3323 2523 eli-

611 2557 803 2638 gendo
850 2556 1002 2617 loco.
1094 2550 1384 2623 Quamvis
1430 2570 1600 2614 nemo
1647 2572 1740 2627 me
1790 2551 2119 2633 expelleret
2164 2559 2227 2613 et
2270 2550 2718 2631 prudentissimi
2766 2550 2979 2631 quique
3030 2570 3103 2611 ex
3148 2552 3321 2615 ordi-

611 2645 784 2709 nibus
833 2651 1066 2714 ament‚
1113 2661 1363 2722 meaque
1413 2641 1710 2719 colloquia
1755 2642 1832 2703 ad
1881 2642 2153 2702 convivia
2198 2639 2404 2701 crebro
2454 2648 2757 2719 expetant.

787 2733 919 2814 Ego
967 2731 1204 2794 interea
1251 2750 1324 2792 ex
1369 2729 1692 2792 rhombicis
1739 2728 2089 2811 corporibus
2148 2725 2219 2792 12
2272 2736 2333 2790 et
2378 2726 2464 2793 30
2508 2730 2837 2810 planorum,
2887 2727 3029 2792 item
3076 2749 3151 2791 ex
3184 2728 3323 2792 Ar-

614 2823 942 2886 chimedeis
986 2820 1146 2882 nitor
1193 2819 1676 2881 eccentricitates
1723 2820 1960 2881 elicere.
2054 2818 2214 2879 Vale
2263 2826 2323 2880 et
2369 2826 2471 2879 tuo
2530 2818 2773 2882 arbitrio
2832 2817 2977 2882 mibi
3024 2819 3327 2880 salutaria

614 2931 892 2993 suggere.
957 2909 1180 2972 Preces
1227 2915 1465 2969 vestras
1513 2915 1577 2969 et
1619 2909 1892 2988 publicas
1942 2915 2004 2968 et
2038 2907 2309 2988 privatas
2340 2926 2709 2986 summopere
2740 2907 3090 2988 expetimus.
3155 2907 3325 2970 Nam

615 3009 858 3081 praeter
907 3003 1062 3064 eaor
1107 2997 1225 3060 ἀπο
1271 3009 1525 3077 μηχανῆς
1574 2996 1953 3075 desperatum
2002 3003 2115 3058 est.
2209 2993 2424 3058 Saluto
2480 3004 2822 3060 reverenter
2878 3003 3069 3059 totum
3126 2997 3323 3058 colle-

621 3089 784 3172 gium
830 3097 895 3152 et
937 3088 1013 3150 D.
1063 3087 1496 3149 Haferefferum
1544 3105 1865 3168 omnesque
1912 3102 2077 3146 meos
2126 3085 2409 3164 fautores

803 3177 902 3243 12.
950 3173 1053 3240 22.
1100 3175 1255 3240 Nov.
1306 3171 1411 3238 99.
1838 3175 1917 3236 H.
1969 3174 2036 3235 T.
2087 3173 2221 3236 ded.
2272 3173 2597 3255 discipulus

2715 3261 2805 3324 M.
2850 3259 3104 3346 Kepzer.

2075 3402 2163 3410 -m

1824 3529 1889 3593 S.
1939 3530 2007 3592 Ρ.
2053 3529 2130 3591 D.

797 3633 1082 3700 Calendis
1137 3635 1301 3699 Junii
1323 3687 1336 3712 ,
1411 3638 1775 3724 Praeceptor
1840 3634 2190 3700 Clarissime
2210 3683 2227 3710 ,
2298 3635 2615 3698 Benathka
2671 3634 2967 3708 discessi,
3034 3632 3315 3696 Gratium

618 3746 846 3792 versae.
935 3727 1260 3808 Negotium
1306 3726 1516 3807 reliqui
1559 3729 1897 3806 pendulum.
1994 3725 2227 3786 Tardae
2274 3730 2413 3799 sunt
2460 3723 2875 3802 expeditiones
2922 3723 3171 3786 aulicae.

794 3815 1134 3878 Potuissem
1179 3815 1705 3878 intercessionibus
1753 3814 1996 3894 optimis
2053 3813 2295 3892 adjutus
2350 3813 2407 3874 in
2458 3811 2743 3876 Caesaris
2789 3811 3033 3874 servitio
3080 3813 3315 3892 stipen-

623 3904 785 3967 dium
832 3904 1068 3967 facere:
1117 3905 1226 3966 sed
1269 3923 1362 3966 me
1410 3905 1672 3984 vestigia
1707 3910 2045 3966 terruerunt
2090 3901 2405 3981 splendida
2442 3902 2743 3980 stipendia
2787 3901 3165 3976 merentium,
3214 3901 3319 3964 vix

563 4057 570 4061 ,
623 3993 928 4056 dimidium
969 3992 1196 4072 ingenti
1243 4012 1373 4054 cum
1421 3994 1776 4055 difficultate
1828 3991 2323 4072 extorquentium.
2408 3992 2619 4072 Itaque
2664 3992 3008 4072 Tycbonem
3055 3991 3212 4052 inter
3256 3998 3325 4052 et

621 4102 717 4145 me
764 4083 852 4144 sic
897 4081 1192 4154 convenit,
1243 4083 1328 4143 uti
1379 4081 1614 4145 Graetii
1661 4083 1871 4144 literas
1920 4078 2205 4143 Caesaris
2256 4089 2651 4160 expectarem,
2705 4080 2915 4161 quibus
2964 4080 3317 4153 efficeretur,

621 4179 688 4235 ut
734 4177 968 4239 retento
1017 4169 1234 4232 salario
1282 4169 1591 4254 Styriaco,
1653 4191 1760 4252 per
1805 4189 1985 4234 unum
2033 4178 2095 4232 et
2141 4170 2391 4233 alterum
2438 4188 2651 4234 annum
2699 4169 2757 4231 in
2804 4168 3157 4232 Bohemiam
3202 4168 3319 4230 mi-

623 4280 887 4343 grarem,
937 4259 1147 4339 quibus
1194 4279 1322 4322 cum
1368 4261 1564 4323 literis
1611 4261 1951 4324 mitteretur
1995 4257 2115 4322 unzi,
2159 4267 2223 4320 et
2266 4258 2565 4322 viaticum.
3238 4257 3248 4267 '

801 4348 925 4412 Sed
970 4347 1240 4410 ordinem
1285 4369 1498 4430 sequor
1535 4358 1871 4422 eventuum,
1918 4349 2169 4429 ideoque
2205 4348 2470 4426 jucunda
2506 4347 2742 4409 acerbis
2780 4347 3021 4408 misceo.
3090 4343 3321 4408 Calen-

625 4438 718 4500 dis
771 4436 1032 4516 Augusti
1088 4437 1249 4499 mille
1307 4439 1556 4516 amplius
1613 4439 1843 4500 civibus
1902 4445 1964 4500 et
2015 4437 2466 4518 provincialium
2527 4435 2812 4498 ministris
2866 4435 2925 4497 in
2982 4433 3128 4496 urbe
3182 4433 3319 4508 hac,

622 4527 782 4589 inter
825 4526 936 4586 hos
982 4533 1046 4588 et
1089 4527 1232 4588 mihi
1278 4536 1624 4607 perpetuum
1683 4538 1779 4590 est
1838 4527 2124 4590 indictum
2180 4525 2456 4602 exilium,
2516 4525 2675 4587 intra
2733 4525 2861 4588 dies
2920 4523 3323 4605 quadraginta

627 4614 903 4696 quinque.
1011 4615 1326 4679 Vilissima
1383 4617 1546 4679 facta
1607 4624 1704 4680 est
1759 4616 2033 4698 supellex
2091 4615 2279 4678 omnis
2299 4663 2317 4691 ,
2380 4614 2631 4696 pecunia
2693 4614 2859 4676 nulla
2919 4612 3035 4675 nisi
3091 4611 3325 4676 minuta

624 4702 932 4784 Ungarica
975 4702 1131 4768 inter
1182 4705 1450 4767 homines
1511 4713 1848 4782 exercetur,
1914 4704 2281 4768 decimantur
2334 4705 2491 4767 bona
2545 4701 2745 4766 omnia
2802 4702 3137 4783 diligenter.
3231 4701 3323 4763 Tu

627 4803 835 4857 cetera
877 4793 1041 4856 mala
1083 4795 1331 4875 conjice.
1423 4793 1793 4857 Renunciavi
1838 4797 1951 4858 hoc
1999 4795 2299 4874 Pragam:
2360 4791 2642 4854 rescribit
2685 4791 2919 4874 Tycho,
2968 4791 3096 4871 jam
3140 4809 3234 4852 me
3282 4809 3323 4850 a

629 4901 696 4958 ee
743 4889 1022 4952 oretenus
1069 4890 1133 4950 et·
1187 4885 1558 4948 nominatum
1603 4882 1855 4947 Caesari
1912 4891 1974 4954 et
2029 4883 2463 4968 approbatum3
2528 4881 2691 4944 solas
2748 4879 3054 4968 expectari
3110 4879 3321 4946 literas
