3634 5575
1659 374 1841 421 com
1868 368 2065 421 unum.
2932 366 3059 435 251

347 528 556 591 velint.
647 528 724 591 El
753 525 932 605 enim,
982 529 1142 610 quod
1185 535 1286 593 eet
1307 528 1929 609 praestantissimum,
1975 527 2467 593 honestissimum
2498 530 2695 593 locum
2722 528 2857 591 dari
2880 548 3069 609 opor-

349 626 502 691 tere,
547 617 750 697 iguem
778 636 924 679 vero
953 618 1144 681 Terra
1167 618 1741 700 praestantioremf‘
1795 618 1945 690 (Hic
1970 618 2025 679 si
2052 618 2381 699 expendas,
2428 637 2545 682 non
2576 637 2713 681 esse
2740 626 3071 699 praestan-

346 706 468 769 tius
513 706 700 769 ullum
745 720 960 787 corpus
1005 707 1140 786 ipso
1185 706 1330 769 Sole
1375 707 1436 767 in
1483 714 1616 769 toto
1660 708 1899 781 munde,
1949 706 2075 771 vim
2118 708 2457 786 argumenti
2504 707 2752 771 mirifice
2798 707 3067 786 augebis,

349 804 414 858 et
457 796 600 875 quid
645 794 746 857 ille
783 794 944 875 ignis
973 794 1072 870 sit,
1123 795 1482 875 intelliges.)
1573 796 1929 870 „Tei-minos
1958 804 2101 857 vero
2128 795 2433 875 digniores
2472 794 2855 874 interjectis“
2898 798 3075 867 (sunt

349 882 508 947 enim
569 884 744 964 quasi
803 884 1046 965 quidam
1093 885 1271 959 fines,
1351 898 1502 964 quos
1561 883 1716 947 alios
1775 902 1893 949 non
1967 884 2193 947 habent
2246 886 2652 964 quantitates,
2726 883 2859 945 finis
2926 898 3073 946 vern

347 990 587 1053 semper
629 972 1040 1053 praestantior
1067 992 1160 1049 eo,
1209 973 1380 1053 cujus
1425 972 1558 1034 finis
1607 974 1758 1046 est.)
1831 972 2237 1047 „Extremum
2267 992 2411 1035 vero
2448 973 2653 1037 mundi
2702 982 2765 1037 et
2790 973 3071 1048 medium,

349 1070 650 1136 centrum,
710 1080 847 1123 esse
893 1062 1182 1123 terminos
1231 1062 1492 1125 omnium
1536 1062 1806 1125 locorum
1849 1061 2365 1136 intermediorum,
2414 1063 2477 1125 in
2525 1062 2739 1142 quibus
2783 1062 3073 1141 planetae

349 1158 416 1213 et
459 1148 570 1213 Sol
615 1149 796 1229 vulgo
859 1150 1265 1224 collocantur3
1331 1170 1516 1231 qnare
1565 1160 1837 1214 centrum
1884 1158 1947 1213 et
1992 1149 2283 1213 extimam
2330 1150 2705 1231 superficiem
2752 1168 2891 1212 esse
2938 1151 3077 1213 loca

357 1238 564 1302 mundi
643 1238 1200 1318 praestantissima.
1311 1238 1412 1301 Ex
1479 1238 1691 1319 quibus
1757 1239 2185 1303 concludentes
2244 1258 2361 1303 non
2421 1247 2645 1318 putant
2698 1238 2947 1301 Terram
3012 1239 3075 1301 in

351 1327 650 1409 sphaerae
711 1326 1046 1389 meditullio
1096 1328 1390 1401 locatam,
1458 1327 1567 1389 sed
1613 1328 1823 1406 Ignem
1868 1326 2160 1403 (Solem).
2255 1326 2523 1391 Censent
2578 1334 2899 1411 praeterea
2943 1328 3071 1409 Py-

351 1416 706 1495 thagoraei,
765 1434 868 1491 eo,
935 1416 1093 1496 quod
1139 1434 1250 1496 par
1295 1417 1415 1492 sit,
1469 1415 1738 1479 *maxime
1785 1416 2045 1479 omnium
2092 1416 2381 1479 custodiri
2442 1416 2505 1477 id
2550 1417 2709 1497 qnod
2754 1415 2839 1479 sit
2882 1415 3077 1479 totius

353 1504 618 1567 universi
661 1504 1076 1583 praecipuum,
1125 1503 1386 1567 medium
1431 1524 1576 1567 vero
1621 1505 1768 1567 talis
1811 1505 1897 1566 sit
1943 1504 2109 1567 locus
2156 1506 2365 1585 (quem
2408 1512 2475 1567 et
2516 1504 2689 1567 Jovis
2734 1503 3074 1569 custodiam

353 1593 590 1667 dicunt)
647 1592 784 1654 ideo
841 1592 1042 1671 ignem
1089 1592 1356 1667 (Solem)
1403 1602 1612 1657 tenere
1667 1593 1823 1655 hanc
1876 1593 2183 1671 regionem
2230 1594 2595 1667 (centrum):
2664 1592 2852 1667 sicut,
2918 1592 3077 1671 quod

357 1681 638 1743 absolute
683 1680 946 1743 medium
991 1682 1232 1756 dicitur,
1281 1681 1346 1745 id
1391 1689 1490 1743 est
1533 1689 1600 1743 et
1643 1680 2077 1761 magnitudinis
2124 1690 2189 1743 et
2230 1683 2319 1747 rei
2366 1690 2431 1745 et
2460 1690 2715 1745 naturae
2749 1679 3073 1745 medium.“

356 1768 530 1841 Quae
579 1778 939 1851 argumenta
985 1770 1212 1833 diluere
1259 1776 1512 1833 conatur
1555 1770 1929 1833 Aristoteles
1975 1770 2069 1833 his
2114 1772 2351 1835 verbis:
2412 1772 2623 1851 „atqui
2640 1817 2657 1845 ,
2716 1777 2787 1833 ut
2829 1770 2891 1833 in
2938 1770 3077 1833 ani·-
3118 1799 3123 1805 ·

353 1859 660 1923 mantibus
713 1879 832 1921 non
893 1858 1052 1921 idem
1097 1867 1194 1921 est
1251 1858 1532 1921 animalis
1591 1868 1656 1922 et
1699 1859 1967 1940 corporis
2023 1859 2313 1937 medium,
2376 1861 2469 1923 ita
2524 1861 2715 1923 multo
2758 1859 2957 1939 magis
3000 1859 3077 1921 de

353 1957 490 2013 toto
533 1948 702 2013 coelo
751 1948 938 2011 etiam
985 1948 1392 2028 cogitandum.
1485 1946 1692 2019 Quare
1739 1966 1857 2010 non
1904 1966 2055 2027 opus
2104 1957 2223 2023 est,
2270 1957 2335 2011 ut
2362 1968 2473 2029 pro
2502 1948 2899 2011 universitate
2944 1955 3079 2009 tre·-
3157 2022 3160 2025 ¹

355 2038 584 2119 pident‚
631 2043 741 2099 ant
783 2036 1154 2118 praesidium
1199 2037 1278 2099 ad
1325 2044 1596 2101 centrum
1625 2037 1959 2099 collucente
2006 2038 2145 2117 quin
2187 2038 2391 2117 potius
2418 2037 2679 2101 medium
2708 2036 2853 2099 illud
2882 2056 3075 2116 quae-

357 2134 534 2200 rant,
597 2126 772 2207 quale
819 2126 908 2187 sit
969 2132 1036 2186 et
1075 2124 1199 2189 ubi.
1291 2125 1558 2189 Medium
1613 2126 1772 2189 enim
1828 2132 1895 2187 et
1950 2125 2285 2204 pretiosum
2337 2126 2487 2189 illud
2542 2124 2899 2205 principium
2954 2132 3073 2187 est.

355 2216 446 2279 At
495 2214 760 2279 medinm
815 2213 932 2277 loci
987 2214 1200 2277 ultimo
1267 2232 1448 2297 quam
1510 2214 1804 2295 principio
1866 2212 2121 2277 similius
2186 2216 2443 2277 videtur.
2545 2213 2814 2276 Medium
2868 2212 3077 2293 utique

359 2303 734 2377 terminatur,
785 2312 1116 2366 extremum
1160 2320 1306 2365 vero
1353 2303 1656 2366 terminat.
1743 2303 2173 2367 Praestantius
2218 2311 2441 2377 autem,
2492 2302 2651 2383 qnod
2680 2300 3079 2381 comprehen-

359 2394 450 2455 dit
495 2400 561 2455 et
603 2392 764 2469 fluit,
823 2410 1000 2473 quam
1047 2392 1204 2473 quod
1249 2391 1467 2455 finitur.
1559 2392 1694 2455 Hoc
1743 2390 1901 2453 enim
1958 2393 2249 2467 materia,
2310 2392 2461 2455 illud
2510 2391 2781 2453 essentia
2824 2408 3075 2469 compo-

361 2480 464 2543 siti
509 2480 672 2543 est.“
766 2479 1236 2560 (Aequivoeatio
1263 2480 1324 2541 in
1351 2498 1500 2543 voce
1545 2479 1917 2556 „medium,“
1965 2482 2123 2560 quod
2150 2479 2595 2563 Pythagoraeis
2642 2486 2739 2541 est
2784 2487 3077 2552 centrum,

359 2568 684 2633 Aristoteli
729 2568 942 2649 quovis
988 2568 1110 2631 alio
1155 2570 1332 2631 modo
1377 2570 1652 2631 sumitur.
1745 2566 1919 2640 Quae
1962 2567 2019 2631 'si
2064 2570 2337 2644 tollatur,
2385 2568 2675 2631 coincidit
2714 2567 3077 2631 Aristotelis

359 2664 782 2739 argumentum
829 2676 962 2721 cum
1009 2658 1296 2733 adverse,
1357 2676 1582 2738 proque
1627 2658 2075 2740 Pythagoraeis
2122 2667 2237 2721 est.
2326 2658 2491 2721 Nam
2534 2657 2595 2720 id
2642 2656 2931 2731 medium,
2998 2656 3071 2717 de

359 2766 474 2828 quo
520 2746 630 2822 illi,
677 2746 776 2810 hic
821 2747 982 2828 apud
1027 2746 1424 2810 Aristotelem
1469 2746 1722 2811 extremi
1771 2746 2067 2810 rationem
2111 2747 2399 2822 obtinet.)
2486 2746 2661 2809 Haec
2716 2746 2822 2808 ille
2867 2750 3081 2808 contra

358 2837 850 2920 Pythagoraeos,
910 2835 990 2896 ad
1037 2855 1190 2915 quae
1235 2837 1600 2917 respondere
1657 2857 1768 2899 nec
1815 2836 2059 2898 difficile
2106 2845 2229 2912 est,
2287 2855 2399 2898 nec
2452 2843 2659 2898 tamen
2714 2835 2893 2915 hujus
2938 2835 3074 2898 loci.

357 2924 484 2989 Sed
527 2925 670 2987 hinc
699 2930 959 3004 apparet
1001 2923 1266 3003 ipsorum
1313 2926 1620 2988 sententia
1665 2927 1738 2988 de
1787 2924 1921 2988 loco
1960 2926 2345 3004 ,potissimum
2384 2925 2611 2987 Terrae
2656 2931 2833 2986 extra
2872 2923 3077 2984 mundi

357 3014 640 3076 medium.
731 3011 876 3076 Jam
925 3019 988 3074 et
1033 3013 1108 3074 de
1153 3021 1318 3076 motu
1361 3014 1528 3094 ipsos
1573 3014 1827 3077 ulterius
1890 3014 2232 3077 audiamus:
2299 3013 2469 3090 „Sed
2518 3013 2617 3094 qui
2662 3032 2795 3074 eam
2838 3011 2903 3074 in
2948 3029 3083 3072 me-

357 3102 461 3165 dia
505 3101 710 3165 mundi
757 3101 902 3164 sede
959 3101 1220 3164 locatam
1267 3121 1402 3164 esse
1447 3110 1703 3182 negant,
1769 3103 1997 3164 circum
2048 3103 2313 3165 medium·
2362 3121 2497 3164 earn
2542 3101 2703 3163 volvi
2760 3108 3079 3163 asserunt:

357 3209 550 3272 neque
595 3189 754 3252 hanc
799 3190 1014 3265 solum,
1065 3191 1172 3252 sed
1220 3209 1352 3252 eam
1397 3193 1600 3266 etiam,
1653 3209 1804 3272 quae
1852 3191 1909 3252 ei
1954 3192 2219 3253 adversa
2262 3198 2361 3254 est
2390 3191 2655 3264 (Lunam
2701 3189 3081 3252 manifestis-

355 3281 538 3354 sime)
585 3279 1083 3360 quemadmodum
1130 3279 1310 3360 paulo
1359 3286 1498 3340 ante
1547 3279 1874 3342 diximus.“
1924 3281 2051 3342 'Et
2094 3279 2421 3358 interjecta
2448 3280 2701 3342 aliorum
2740 3277 3079 3340 sententia:

359 3369 562 3445 „Nam
609 3367 750 3448 quia
795 3366 986 3430 Terra
1023 3386 1148 3430 non
1197 3375 1294 3428 est
1339 3375 1608 3430 centrum
1655 3371 2001 3445 (punctum)
2019 3415 2037 3442 ,
2086 3387 2219 3430 cum
2247 3375 2443 3430 totum
2470 3367 2661 3446 ipsius
2692 3367 3081 3447 hemisphae-

357 3457 510 3520 rium
570 3455 778 3518 ubsit“
827 3455 1162 3535 (intellige,
1227 3456 1412 3518 etiam
1470 3455 1708 3518 illorum
1765 3455 2185 3530 concessione,
2246 3456 2347 3536 qui
2394 3456 2645 3518 Terram
2702 3456 2765 3516 in
2822 3455 3081 3518 medium

359 3545 562 3608 mundi
608 3545 918 3619 referunt)
965 3544 1156 3620 „nihil
1205 3551 1424 3625 putant
1467 3543 1818 3622 prohibere,
1888 3544 2201 3623 quominus
2266 3545 2681 3623 phaenomena
2728 3544 3084 3622 contingant

359 3632 534 3696 nobis
581 3639 756 3696 extra
801 3634 1118 3695 centrum“
1167 3635 1316 3703 (non
1361 3639 1598 3695 tantum
1659 3652 1778 3694 una
1822 3632 2273 3695 semidiametro
2320 3631 2579 3706 Terrae,
2636 3632 2745 3692 sed
2792 3637 3083 3711 quantum

357 3723 516 3784 inter
571 3721 782 3798 Solem
835 3728 902 3783 et
955 3722 1204 3784 Terram
1259 3722 1546 3794 interest)
1608 3720 2103 3796 ,‚habitautibus,
2166 3719 2447 3784 similiter
2504 3739 2579 3782 ac
2642 3721 2694 3781 si
2759 3720 2821 3781 in
2884 3718 3081 3782 medio

359 3811 552 3872 Terra
595 3817 783 3872 esset.
877 3810 1037 3872 Nam
1083 3828 1158 3872 ne
1202 3828 1358 3872 nunc
1405 3810 1688 3890 quidem“
1737 3811 1829 3883 (id
1876 3817 1993 3883 est,
2038 3831 2113 3872 ne
2160 3810 2405 3891 quidem
2450 3808 2503 3871 si
2544 3808 2735 3871 Terra
2778 3808 2841 3870 in
2886 3806 3083 3869 medio

357 3898 761 3979 relinquatur)
809 3897 1172 3979 „quicquam
1226 3899 1493 3961 notabile
1541 3899 1724 3974 effici,
1785 3899 1925 3962 dum
1972 3898 2218 3961 dimidia
2264 3899 2559 3960 diametro
2619 3920 2655 3958 a
2702 3903 2909 3959 centro
2964 3895 3079 3956 ab·

359 3989 636 4050 sumus.“
723 3987 898 4048 Haec
943 3987 1020 4048 de
1064 3986 1512 4068 Pythagor-aeis
1556 3986 1960 4058 Aristoteles,
2020 3989 2144 4049 fere
2192 3987 2433 4068 quidem
2476 3987 2655 4067 plura
2700 3995 2763 4048 et
2809 3985 3081 4064 explica·-

361 4075 544 4149 tiora,
614 4095 790 4157 quam
841 4077 918 4137 de
963 4075 1326 4138 Aristarcho
1372 4076 1792 4138 Archimedes.
1886 4074 2059 4146 Quae
2104 4077 2159 4138 si
2204 4075 2461 4156 legisset
2506 4076 2731 4145 Ursus,
2782 4072 3081 4154 Ooperni-

361 4184 650 4228 canarum
695 4165 988 4246 originem
1015 4183 1132 4226 non
1171 4165 1247 4226 ad
1279 4165 1704 4227 Aristarchum
1731 4171 1877 4244 post
1902 4164 2321 4241 Aristotelem,
2370 4165 2479 4227 sed
2530 4165 2609 4226 ad
2634 4163 2975 4226 Philolaum
3022 4167 3085 4220 et

358 4255 800 4336 Pythagoricos
849 4254 1026 4334 longe
1075 4261 1218 4316 ante
1247 4254 1647 4316 Aristotelem
1693 4252 2024 4316 retulisset.
2116 4254 2329 4333 Neque
2374 4261 2581 4316 tamen
2610 4271 2817 4314 omnes
2842 4249 3083 4333 Pytha-

363 4341 552 4422 gorici
599 4342 700 4424 qui
747 4343 940 4406 secuti
988 4350 1132 4406 sunt
1185 4343 1340 4404 hanc
1384 4342 1650 4405 Philolai
1695 4349 1943 4404 tenuere
1990 4343 2065 4404 de
2109 4343 2327 4405 mundo
2374 4341 2843 4422 conceptionem.
2936 4338 3083 4400 Eu-

361 4432 448 4492 do
463 4449 598 4493 xus
645 4431 804 4493 enim
853 4429 1124 4506 Cnidius,
1163 4431 1296 4512 jam
1341 4431 1622 4494 Platonis
1667 4437 1733 4492 et
1759 4429 2117 4493 Aristotelis
2154 4438 2520 4494 coaetaneus
2566 4437 2630 4498 et
2670 4431 2800 4510 ipse
2848 4427 3083 4509 Pytha·-

360 4518 622 4600 goricus,
671 4520 831 4600 apud
878 4520 1290 4582 Aristotelem
1321 4520 1608 4601 principis
1655 4518 2043 4602 Pythagorae
2088 4519 2457 4582 sententiam
2498 4520 2746 4599 propius
2792 4516 3083 4596 sequitur,

359 4608 422 4670 in
469 4627 541 4670 eo
587 4627 801 4690 nempe
820 4656 836 4683 ,
899 4609 1058 4690 quod
1103 4606 1223 4670 unii
1275 4627 1412 4672 cum
1457 4608 1560 4672 illo
1607 4607 1861 4680 statuit,
1923 4607 2155 4671 moveri
2216 4607 2443 4670 Solem.
2536 4607 2631 4668 De
2678 4625 2794 4686 qno
2842 4613 2911 4668 et
2954 4606 3085 4685 ejus

361 4703 708 4760 correctore
755 4695 806 4759 G
823 4697 1082 4777 alippo
1127 4716 1266 4760 cum
1310 4698 1503 4761 Ursus
1559 4715 1672 4777 pro
1717 4697 2003 4760 libertate
2050 4715 2163 4780 sua
2206 4697 2495 4770 affirmet,
2560 4696 2771 4775 quibus
2817 4695 2913 4756 usi
2958 4693 3085 4756 sint

360 4785 819 4866 hypothesibus,
866 4785 1160 4866 ignorari;
1209 4794 1276 4848 et
1319 4794 1522 4849 tamen
1567 4785 1778 4864 paucis
1809 4785 2169 4865 interjectis,
2218 4785 2431 4846 eadem
2458 4784 2851 4848 asseverandi
2880 4790 3082 4846 teme-

359 4874 574 4954 ritate,
637 4880 968 4960 usurpatos
1031 4873 1111 4940 ab
1173 4873 1298 4944 iuis
1363 4873 1774 4945 concentricos
1830 4895 1869 4936 a
1920 4872 2361 4963 Pythagoraeis
2420 4881 2487 4952 et
2538 4872 2889 4954 Hipparcho
2946 4889 3081 4932 cum
