3634 5575
625 412 712 481 68
1809 414 2136 465 Prooemium.

628 582 990 655 poteuusam
1039 572 1168 635 sive
1218 574 1380 635 latus
1427 574 1633 636 decem
1678 575 1896 654 pedum
1945 574 2001 637 in
2068 572 2400 655 particulas
2467 570 2743 633 minimas
2803 568 3007 644 divisi,
3074 568 3355 649 pinnulas

622 662 799 727 alteri
846 663 1102 724 laterum
1153 662 1315 724 circa
1362 672 1590 725 rectum
1638 662 1823 723 affixi.
1918 663 2306 742 Triangulum
2371 661 2565 741 ipsum
2626 658 2789 721 nulla
2836 658 3107 721 trochlea
3154 657 3351 719 stabi-

622 751 748 823 livi,
798 752 906 812 sed
956 751 1140 811 libere
1190 772 1228 811 a
1276 752 1413 813 fune
1460 752 1720 831 pendere
1766 751 2047 831 permisi,
2114 751 2401 831 appensis
2460 749 2596 811 hinc
2652 748 2789 810 iude
2836 746 3225 827 pondusculis
3274 746 3353 807 li-

620 838 793 903 bravi
840 839 1160 919 tantisper,
1213 840 1350 901 dum
1397 840 1579 901 stella
1624 840 1907 919 pinnulae
1956 840 2251 901 foramina
2290 839 2721 919 ingrederetur.
2814 836 3024 897 Habes
3085 852 3354 914 appara-

620 936 749 991 tum
797 928 1158 989 universum.
1253 930 1467 1009 Itaque
1517 928 1865 990 observatio
1915 928 2199 990 instituta
2244 925 2306 989 2.
2360 926 2577 989 Octob.
2630 945 2783 986 anno
2840 920 3041 999 15973
3076 919 3197 1000 26.
3248 920 3355 985 27.

623 1014 731 1079 28.
780 1015 1069 1078 Decemb.
1123 1037 1278 1079 anno
1317 1014 1518 1091 15973
1567 1036 1741 1079 mane
1792 1026 1855 1079 et
1904 1017 2138 1097 vesperi
2186 1014 2291 1079 28.
2330 1016 2539 1077 Martii
2586 1034 2741 1076 anno
2780 1010 2985 1087 15983
3026 1010 3132 1077 25.
3178 1010 3355 1092 Sept.

623 1124 779 1167 anno
833 1102 1022 1179 1598,
1073 1106 1256 1167 toties
1305 1107 1378 1168 de
1425 1124 1580 1167 novo
1630 1106 1918 1168 dimensis
1966 1104 2242 1168 omnibus
2301 1104 2631 1179 lateribus;
2696 1112 2761 1165 et
2808 1101 3173 1182 deprehendi
3219 1100 3357 1181 qui-

622 1194 758 1255 dem
803 1195 1212 1255 constantiam
1259 1195 1664 1257 instrumenti.
1761 1192 1917 1257 Cum
1964 1214 2108 1275 ergo
2158 1204 2371 1275 quater
2416 1192 2865 1255 observaverim
2912 1190 3186 1253 omnibus
3232 1190 3359 1252 eci-

623 1283 769 1345 licet
817 1282 959 1344 anni
1005 1282 1510 1363 tempestatibus,
1583 1284 1660 1344 ad
1707 1283 2015 1364 negotium
2061 1285 2256 1365 ipsum
2306 1283 2574 1357 idoneis,
2637 1290 2762 1342 tres
2824 1280 3068 1343 ultimae
3118 1278 3355 1360 quidem

625 1371 1015 1434 consentiunt
1061 1372 1534 1447 observationeS,
1585 1372 1777 1452 prima
1826 1372 2230 1434 secessionem
2281 1371 2447 1434 facit.
2540 1370 2670 1433 Nec
2715 1368 2945 1443 mirum,
2997 1388 3129 1430 cum
3166 1367 3361 1447 prima

625 1468 690 1523 et
737 1459 914 1523 unica
965 1460 1164 1535 fuerit,
1215 1481 1324 1525 nec
1373 1462 1696 1523 admodum
1743 1462 1946 1541 quieto
1995 1468 2167 1536 aere,
2219 1479 2351 1523 cum
2400 1460 2475 1523 ad
2524 1459 2894 1523 levissimam
2940 1458 3214 1520 aurulam
3259 1454 3357 1516 in-

621 1556 1023 1611 strumentum
1069 1567 1264 1611 meum
1312 1550 1738 1629 impelleretur.
1836 1549 2095 1614 Ceterae
2142 1559 2268 1612 tres
2314 1548 2668 1643 exquisitius
2718 1556 2967 1627 captae,
3014 1546 3361 1625 iteratoque

623 1637 870 1716 saepius
921 1637 1303 1700 examinatae
1351 1647 1513 1699 sunt.
1581 1636 2051 1719 comparatione
2100 1639 2265 1700 facta
2310 1638 2537 1718 primae
2585 1656 2871 1699 erroneae
2917 1654 3049 1699 cum
3095 1634 3362 1696 secunda

624 1724 1026 1788 confirmabat*
1072 1726 1132 1787 in
1173 1746 1308 1788 mea
1355 1725 1860 1803 ratiocinatione;
1909 1728 2099 1809 deque
2146 1728 2260 1789 hac
2309 1726 2755 1807 comparatione
2796 1732 3017 1786 sonant
3051 1722 3359 1805 proximae

623 1832 794 1877 meae
843 1814 1072 1875 literae.
1172 1814 1602 1877 Verumtamen
1654 1818 1864 1879 ultima
1909 1818 2255 1879 observatio
2304 1814 2647 1895 Septembri
2694 1815 2901 1893 elapso
2958 1812 3203 1887 habita,
3253 1830 3357 1873 re-

625 1902 845 1965 futavit
889 1903 1141 1983 primam
1191 1903 1440 1967 Octobri
1491 1906 1817 1985 superioris
1866 1906 2007 1967 anni
2055 1914 2325 1985 captam,
2399 1914 2462 1966 et
2516 1903 2981 1965 confirmabatur
3040 1923 3077 1962 a
3124 1900 3357 1963 duabus

621 1990 888 2072 reliquis.
981 1991 1078 2053 Ex
1125 1994 1400 2055 omnibus
1447 1994 1640 2055 tribus
1688 1995 2055 2074 comparatis
2100 2013 2210 2074 pro
2259 2002 2426 2056 certo
2476 1992 2759 2072 colligere
2806 1990 3004 2072 potui,
3069 1990 3359 2051 differen-
3475 2058 3495 2065 ,

623 2081 772 2143 tiam
819 2080 880 2141 in
929 2080 1350 2143 altitudinibus
1397 2082 1625 2164 polaris
1673 2084 1933 2158 stellae,
2000 2083 2052 2145 si
2101 2103 2217 2163 qua
2265 2091 2397 2158 est,
2458 2083 2615 2144 infra
2676 2089 2812 2143 octo
2870 2081 3153 2159 scrupula
3200 2096 3357 2141 esse.

626 2170 788 2235 'Nam
837 2170 913 2230 ad
959 2168 1221 2231 minores
1269 2172 1597 2250 particulas
1645 2172 2106 2235 instrumentum
2155 2190 2351 2234 meum
2399 2191 2512 2233 non
2553 2170 2886 2232 descendit.
2948 2168 3144 2249 Igitur
3171 2164 3359 2231 semi-

629 2259 925 2321 diameter
973 2257 1164 2332 orbiS,
1216 2260 1316 2339 qui
1363 2260 1613 2322 Terram
1663 2260 1857 2337 vehit,
1908 2260 2102 2322 minus
2143 2280 2319 2341 quam
2370 2259 2852 2341 quingentesima
2909 2257 3210 2337 particula
3266 2264 3363 2317 est

631 2348 705 2410 de
752 2345 1206 2409 semidiametro
1268 2348 1538 2410 fixarum.
1646 2350 1953 2411 Dimoveri
2028 2358 2232 2413 tamen
2300 2368 2415 2410 non
2479 2366 2725 2429 possum
2780 2348 2857 2409 ab
2924 2366 2997 2407 ea
3060 2344 3358 2427 opinione,

625 2434 765 2518 quin
813 2436 1084 2511 credam,
1160 2437 1405 2498 tandem
1473 2438 1530 2498 in
1591 2437 1792 2519 aliquo
1849 2439 2041 2520 primo
2090 2439 2187 2501 vel
2245 2438 2552 2500 luculenta
2608 2444 2783 2516 parte
2830 2434 3007 2517 primi
3053 2442 3359 2515 repertum

625 2524 698 2589 iri
745 2525 1166 2589 differentiam.
1260 2524 1438 2597 Quod
1484 2527 1534 2588 si
1583 2526 1695 2589 hoc
1743 2547 1859 2589 non
1909 2528 2049 2602 fiat,
2107 2537 2171 2589 et
2230 2528 2285 2589 si
2330 2527 2475 2588 mihi
2513 2526 2871 2587 credendum
2920 2523 3028 2600 sit,
3078 2523 3355 2585 omnibus

621 2614 815 2677 modis
863 2614 1368 2678 inaestimabilem
1413 2634 1550 2677 esse
1599 2616 1983 2680 altitudinem
2028 2616 2278 2679 fixarum
2325 2617 2403 2677 ad
2434 2614 2597 2676 Solis
2646 2614 3053 2683 altitudinem,
3085 2612 3197 2674 hoc
3236 2608 3385 2673 uno'

625 2711 978 2784 argumento
1034 2703 1168 2781 plus
1234 2704 1502 2765 offendar
1567 2704 1624 2766 in
1673 2705 2023 2769 defensione
2076 2704 2435 2784 ‚Copernici,
2517 2722 2694 2785 quam
2753 2703 2918 2764 mille
2977 2701 3359 2763 saeculorum

624 2811 944 2857 consensu.
1040 2789 1330 2862 Quamvis
1386 2793 1566 2856 unica
1623 2794 1943 2874 religiosae
2000 2795 2217 2856 mentis
2284 2794 2585 2855 attonitae
2648 2799 2713 2854 et
2773 2791 3075 2873 stupentis
3144 2790 3353 2852 excla-

623 2881 888 2945 matione
938 2879 1308 2959 Copernicus
1357 2881 1533 2961 hujus
1581 2883 1921 2946 offendiculi
1980 2883 2231 2944 nebulas
2288 2883 2642 2962 dispulerit:
2694 2881 2937 2943 Tanta
2984 2879 3351 2953 nimirum,

623 2969 917 3050 inquiens,
969 2978 1088 3030 est
1133 2971 1310 3032 haec
1356 2970 1490 3032 Dei
1539 2969 1706 3052 Opt.
1755 2973 1944 3034 Max.
1995 2961 2324 3033 Fabrica.
2416 2971 2508 3032 At
2555 2971 2753 3034 hercle
2798 2977 3037 3032 recreat
3096 2987 3189 3030 me
3238 2986 3359 3030 non

625 3058 862 3132 leviter,
917 3058 1058 3119 dum
1100 3059 1425 3139 perpendo,
1477 3078 1592 3121 non
1641 3068 1766 3121 tam
1813 3061 2031 3122 debere
2080 3079 2187 3122 nos
2236 3059 2438 3122 mirari
2486 3060 2791 3140 ingentem
2838 3065 2903 3120 et
2946 3058 3214 3120 infinitae
3266 3057 3359 3118 si-

625 3149 828 3212 milem
884 3145 1080 3208 ultimi
1135 3147 1288 3210 coeli
1357 3148 1848 3228 amplitudinem,
1926 3165 2103 3234 quam
2167 3168 2200 3209 e
2266 3158 2477 3211 contra
2540 3157 2815 3211 nostrum
2876 3147 3357 3222 homuncionum,

629 3245 996 3316 nostraeque
1042 3235 1214 3316 hujus
1264 3236 1630 3299 exilissimae
1675 3238 2279 3318 glebulae,.adeoque
2310 3237 2616 3301 mobilium
2645 3237 2903 3300 omnium
2942 3235 3357 3316 exiguitatem.

627 3327 860 3405 Nempe
906 3324 1038 3385 Deo
1083 3326 1336 3388 mundus
1383 3345 1502 3386 non
1550 3335 1648 3388 est
1692 3336 1933 3401 vastae,
1993 3335 2061 3389 at
2105 3346 2213 3390 nos
2260 3328 2517 3401 munde,
2584 3346 2679 3389 me
2728 3325 3011 3401 Christe,
3072 3343 3361 3406 perquam

627 3415 831 3494 exigui
886 3432 1112 3476 sumus.
1187 3413 1370 3485 Quid
1434 3415 1591 3478 enim
1647 3415 1703 3478 ei
1772 3422 1981 3496 potest
2038 3415 2227 3478 videri
2299 3434 2618 3496 magnum,
2696 3416 2793 3497 qui
2872 3422 2991 3478 etc.
3058 3423 3128 3476 ut
3174 3413 3363 3476 etiam

631 3503 940 3567 Ciceronis
989 3504 1318 3566 autoritate
1367 3512 1520 3568 utar.
1615 3505 1826 3586 Neque
1876 3525 1953 3566 ex
1996 3506 2152 3569 mole
2201 3505 2489 3585 judicium
2546 3513 2644 3568 est
2708 3506 2783 3566 de
2842 3503 3225 3584 praestantia
3270 3502 3363 3564 fa·

631 3592 926 3656 ciendum.
1018 3593 1186 3656 Deus
1234 3593 1419 3669 enim,
1471 3593 1568 3675 qui
1613 3594 1674 3656 in
1724 3595 1869 3656 altis
1919 3595 2185 3668 habitat,
2248 3594 2495 3656 humilia
2548 3603 2749 3655 tamen
2808 3593 3075 3671 respicit.
3170 3591 3254 3652 Et
3302 3591 3359 3652 si

629 3681 878 3744 mobilia
945 3682 1080 3744 ideo
1147 3683 1440 3744 vilissima
1512 3701 1656 3761 pars
1723 3683 1927 3746 mundi
1984 3690 2217 3757 essent,
2285 3683 2425 3763 quia
2493 3690 2688 3745 totum
2742 3692 3017 3763 systema
3080 3689 3361 3760 respectu

631 3773 882 3832 fixarum
945 3789 1132 3850 prope
1199 3771 1548 3832 evanescit:
1617 3781 1784 3833 esset
1856 3772 2065 3834 eodem
2140 3779 2495 3850 argumento
2568 3772 2743 3833 horno
2818 3771 2977 3834 inter
3046 3778 3361 3850 postrema

631 3859 834 3922 mundi
883 3861 1350 3938 rejectamenta,
1426 3860 1525 3939 qui
1599 3861 1939 3939 comparari
2004 3879 2137 3922 cum
2195 3861 2411 3934 Terra,
2472 3860 2661 3922 Terra
2721 3861 2854 3940 ipsa
2911 3879 3043 3922 cum
3110 3857 3359 3934 Saturni

633 3949 800 4012 coelo
869 3949 1110 4008 minime
1167 3955 1410 4026 potest:
1481 3955 1647 4010 esset
1711 3947 1971 4029 quinimo
2038 3948 2371 4011 crocodilus
2439 3958 2547 4010 aut
2606 3951 2853 4029 elephas
2919 3949 3051 4010 Deo
3118 3947 3357 4028 majori,

634 4056 813 4117 quam
863 4038 1067 4108 homo,
1137 4055 1348 4106 curae,
1409 4045 1729 4116 propterea
1787 4038 1928 4118 quia
1984 4039 2139 4098 mole
2188 4039 2483 4099 hominem
2530 4047 2835 4118 superant.
2926 4037 3111 4100 Hisce
3160 4046 3223 4100 et
3268 4035 3360 4098 si-

637 4126 880 4188 milibus
929 4125 1228 4186 rationum
1277 4125 1579 4200 fomentis,
1631 4127 1835 4188 nescio
1884 4134 1951 4188 ut
1998 4127 2207 4205 ingens
2257 4127 2350 4188 hic
2398 4127 2569 4189 bolus
2618 4127 2905 4208 concoqui
2950 4127 3167 4206 possit..

813 4216 998 4276 l-'orro
1046 4214 1452 4275 instrumenta
1499 4233 1751 4294 magna,
1819 4225 2066 4289 exacta,
2136 4225 2199 4276 et
2255 4215 2761 4278 rectificatissima
2816 4225 3029 4296 optare
3095 4233 3362 4296 possum,

632 4303 927 4376 indicare,
987 4321 1101 4382 quo
1159 4301 1320 4374 loco,
1389 4321 1507 4381 qua
1560 4302 1813 4382 pecunia
1882 4312 2338 4384 comparentur,
2407 4323 2522 4366 non
2579 4324 2841 4385 possum.
2952 4307 3127 4368 Dono
3196 4304 3367 4367 dedit

631 4393 960 4456 Moestliuo
1009 4390 1212 4472 Tycho
1259 4389 1460 4452 Brahe
1509 4411 1758 4453 aeneum
1809 4393 2139 4472 quoddam,
2190 4393 2572 4456 utilissimum
2621 4395 2888 4476 quidem,
2938 4396 2990 4456 si
3036 4395 3365 4456 Moestliuo

635 4479 763 4559 ejus
812 4479 1150 4541 advehendi
1197 4500 1272 4540 ex
1317 4480 1484 4540 Balti
1533 4481 1663 4554 (co)
1713 4491 1965 4554 summe,
2017 4492 2122 4542 aut
2169 4481 2506 4562 incorrupte
2555 4503 2664 4563 per
2696 4493 2931 4545 tantum
2980 4485 3365 4545 intervallum

636 4567 987 4630 traducendi
1034 4587 1175 4649 spes
1223 4578 1409 4629 esset.
1505 4566 1702 4632 Credo
1749 4589 1858 4648 per
1903 4570 2321 4632 Moecenatem
2368 4579 2432 4632 et
2476 4571 2849 4636 Praxitelem
2888 4573 3187 4652 Keplerus
3229 4573 3366 4646 (aut

638 4657 769 4735 eJus
819 4657 948 4718 loco
997 4657 1168 4719 multi
1219 4657 1351 4732 alii)
1403 4677 1518 4717 non
1569 4657 1955 4737 inelegantia,
2010 4659 2127 4720 uec·
2166 4647 2401 4721 inutilia
2447 4668 2729 4724 strueret.
2824 4659 3118 4733 Quamvis
3164 4663 3219 4724 si
3262 4679 3367 4722 ar-

637 4745 861 4806 tificem
905 4746 1048 4807 mihi
1096 4755 1326 4826 optem,
1409 4765 1520 4807 non
1583 4747 1942 4809 arcularium
1996 4747 2214 4822 velim,
2280 4749 2391 4810 sed
2446 4751 2768 4814 murarium
2828 4760 2893 4814 et
2948 4737 3365 4814 architectum.

637 4833 812 4896 Turri
860 4835 1016 4895 enim
1062 4843 1126 4896 et
1173 4835 1616 4916 amphitheatro
1665 4836 1997 4898 rectissime
2046 4837 2179 4916 quis
2228 4845 2448 4911 utatur,
2500 4838 2611 4900 hoc
2658 4849 2783 4916 est,
2830 4841 3259 4922 perpendiculo
3309 4847 3371 4898 et

641 4941 822 5010 aqua.
917 4921 1080 4985 Sane
1125 4941 1234 5008 pro
1284 4923 1446 4988 Solis
1493 4924 1915 4988 observatione
1964 4945 2074 4986 nec
2118 4927 2319 5010 optari
2366 4927 2605 5012 quidem
2654 4931 2853 5013 aptius
2902 4931 3219 5014 quicquam
3252 4947 3369 5011 po·-
