3634 5575
1540 402 1716 445 em
1750 393 1948 445 Unum.
2965 394 3096 467 255

374 550 505 615 sius
558 550 717 615 ratio
770 558 890 614 est.
972 552 1133 615 Nam
1185 551 1519 615 rationibus
1564 551 1803 615 Eudoxi
1853 559 2320 615 consentaneum
2363 560 2489 627 est,
2551 560 2616 615 ut
2660 551 2756 615 hic
2805 552 2936 632 jam
2980 572 3098 615 non

374 640 563 703 vehat
606 641 815 715 nodos,
864 640 975 703 sed
1019 640 1365 703 revolvatur
1410 640 1469 701 in
1518 639 1783 703 Saturno
1833 640 2072 722 quidem
2117 640 2292 703 annis
2339 638 2446 717 30,
2493 641 2554 703 in
2581 638 2736 702 Jove
2783 641 2958 703 annis
2994 639 3093 715 12,

370 729 433 791 in
479 730 684 791 Marte
730 726 1037 791 mensibus
1085 726 1189 803 23,
1240 729 1299 789 in
1348 730 1593 791 Venere
1640 738 1705 791 et
1748 730 2050 792 Mercurio
2095 730 2404 795 mensibus
2457 726 2555 793 12.

554 816 653 879 Sit
697 835 932 879 rursum
978 817 1105 897 (fig.
1155 815 1227 890 2)
1274 815 1443 881 ABC
1490 817 1687 897 portio
1745 819 2000 880 fixarum
2045 818 2342 898 sphaerae
2387 827 2455 881 et
2510 817 2572 881 in
2619 836 2692 879 ea
2737 816 2924 879 coluri
2963 818 3096 879 sol-

376 905 707 980 stitiorum,
758 905 853 967 cui
900 906 1264 985 respondeat
1312 904 1489 967 DEG
1532 905 1763 985 primus
1807 906 2044 969 Eudoxi
2093 905 2282 981 orbis,
2343 925 2518 987 quem
2562 906 2790 967 habent
2835 904 2874 967 5
2921 924 3095 967 erro-

370 1012 505 1070 nes,
552 993 653 1074 qui
699 995 977 1057 volvatur
1022 1013 1204 1073 super
1251 994 1367 1055 ΒΗ
1410 994 1569 1073 polis
1616 1003 1680 1056 et
1730 1014 1864 1070 axe,
1913 994 2014 1057 axi
2057 995 2232 1075 primi
2279 1004 2476 1057 motus
2523 994 2922 1057 coincidente.
2997 992 3100 1055 Sit

370 1082 520 1145 TIV
566 1084 863 1145 secundus
910 1082 1092 1157 orbiS,
1140 1082 1309 1162 cujus
1352 1083 1479 1163 poli
1522 1084 1593 1153 T,
1644 1084 1703 1145 V
1749 1084 2012 1162 figantur
2047 1082 2108 1145 in
2151 1084 2390 1163 punctis
2437 1086 2506 1158 F,
2559 1082 2619 1145 G
2663 1081 2856 1161 primi,
2907 1090 2968 1145 et
3015 1082 3097 1145 sit

372 1170 485 1233 DF
532 1170 857 1253 obliquitas
908 1170 1247 1250 eclipticae.
1342 1170 1539 1250 Super
1584 1171 1661 1233 iis
1706 1170 1866 1251 polis
1920 1172 2170 1251 planeta
2217 1180 2492 1235 movetur
2539 1172 2598 1233 in
2647 1170 3094 1251 consequentia,

372 1278 431 1320 v.
466 1278 519 1321 c.
568 1256 609 1339 ᾖ
656 1259 831 1321 annis
879 1256 967 1322 30
1013 1260 1091 1321 ad
1124 1259 1287 1322 idem
1332 1259 1509 1339 primi
1540 1260 1653 1321 vel
1700 1259 1934 1321 zodiaci
1959 1269 2248 1340 punctum
2279 1260 2543 1325 rediens.
2635 1260 2822 1323 KML
2851 1259 2932 1322 sit
2961 1270 3092 1321 ter-

372 1348 493 1410 tius
538 1349 722 1422 orbis,
770 1348 943 1427 cujus
989 1347 1113 1427 poli
1155 1348 1243 1421 K,
1291 1349 1344 1409 L
1392 1356 1533 1409 sunt
1579 1349 1635 1410 in
1684 1348 1996 1429 superficie
2035 1350 2282 1413 secundi
2328 1368 2438 1430 per
2477 1348 2680 1411 media
2723 1348 2899 1427 signa
2939 1367 3092 1411 eun-

372 1437 457 1497 tis
517 1436 693 1511 TIV3
778 1456 958 1516 super
1030 1436 1105 1497 iis
1170 1444 1447 1499 movetur
1508 1436 1805 1516 superiori
1869 1445 2044 1516 parte
2130 1438 2190 1499 in
2257 1438 2690 1518 consequentia
2767 1438 3095 1499 secundum

372 1532 637 1587 tractum
694 1524 900 1587 circuli
956 1524 1201 1587 maximi
1268 1524 1450 1598 YIX,
1518 1535 1582 1587 et
1635 1525 1724 1587 sic
1775 1534 2054 1588 movetur
2110 1534 2180 1588 ut
2237 1526 2548 1607 requirunt
2607 1525 2766 1587 nodi.
2861 1523 3095 1595 Quodsi

374 1612 576 1689 YXZ,
654 1633 801 1695 pars
863 1614 1057 1675 lineae
1114 1614 1633 1692 repraesentantis
1690 1614 2059 1694 eclipticam,
2143 1616 2476 1694 explicetur
2538 1622 2608 1677 ut
2659 1614 2768 1675 fiat
2813 1615 3090 1687 circulus,

372 1704 612 1765 colurus
642 1703 786 1765 TIV
830 1703 939 1763 fiet
980 1702 1042 1763 in
1088 1702 1325 1781 pictura
1371 1702 1549 1776 linea,
1598 1701 1877 1765 similiter
1909 1710 1976 1764 et
2003 1702 2180 1765 KYL
2207 1712 2272 1765 et
2307 1703 2394 1777 K,
2441 1704 2496 1765 L
2540 1703 2667 1783 poli
2713 1721 2844 1763 cum
2883 1711 3092 1765 centro

372 1790 732 1855 coincident.
827 1790 995 1853 PRO
1052 1790 1137 1851 sit
1195 1799 1477 1870 quartus,
1542 1790 1715 1871 cujus
1771 1791 1894 1870 poli
1931 1791 2010 1866 P,
2061 1788 2116 1852 Ο
2175 1792 2278 1853 fixi
2339 1790 2466 1853 sint
2519 1792 2579 1853 in
2633 1790 2802 1853 tertii
2851 1789 3091 1870 punctis

367 1880 471 1954 M,
521 1880 613 1955 N,
673 1897 853 1959 snper
899 1879 1113 1960 quibus
1158 1888 1431 1941 movetur
1478 1878 1685 1941 itidem
1730 1879 1791 1942 in
1839 1880 2270 1959 consequentia
2329 1880 2656 1943 secundum
2702 1887 2964 1941 tractum
3001 1879 3093 1941 sui

370 1969 580 2033 circuli
634 1968 884 2053 maximi
927 1966 1035 2029 RS
1056 2016 1071 2041 ,
1135 1968 1465 2031 secundum
1512 1987 1690 2048 quam
1736 1969 1896 2030 viam
1963 1969 2148 2031 stella
2203 1968 2622 2031 circumfertur
2677 1976 2948 2047 tempore
2997 1984 3088 2041 eo,

374 2059 532 2138 quod
576 2058 852 2138 postulat
896 2056 1202 2118 anomalia
1246 2056 1751 2119 commutationis.
1844 2057 2016 2119 Haec
2041 2056 2278 2119 Eudoxi
2303 2055 2645 2137 philosophi
2673 2056 3092 2136 philosophica

376 2147 575 2230 opinio
622 2148 697 2209 de
746 2141 787 2207 5
834 2145 1205 2215 errantibus,
1262 2147 1362 2226 qui
1410 2145 1665 2207 alteram
1702 2144 2202 2226 inaequalitatem
2245 2145 2578 2227 ignoravit,
2641 2162 2794 2226 quae
2841 2154 2942 2207 est
2985 2162 3088 2205 re-

374 2244 587 2318 spectu
632 2234 795 2298 orbis
840 2234 1145 2314 planetae.

554 2324 845 2400 „Tertiae
889 2341 1033 2383 vero
1082 2321 1343 2384 omnium
1390 2320 1687 2400 sphaerae
1733 2322 1910 2401 polos
1957 2340 2092 2385 esse
2140 2320 2200 2382 in
2247 2340 2320 2383 eo
2367 2320 2609 2397 circulo,
2659 2321 2760 2402 qui
2805 2339 2912 2401 per
2955 2340 3089 2383 me·-

374 2414 537 2477 dium
600 2413 907 2493 signorum
971 2410 1235 2473 transit:
1304 2418 1373 2471 at
1436 2418 1686 2491 quartae
1744 2410 2196 2473 conversionem
2253 2428 2392 2471 esse
2445 2429 2554 2490 per
2606 2410 2921 2485 circulum,
2989 2410 3090 2489 qui

374 2502 649 2583 obliquus
698 2510 795 2563 est
850 2500 927 2561 ad
974 2499 1231 2561 medium
1278 2498 1562 2560 circulum
1610 2497 1804 2577 hujus.
1895 2498 2054 2561 Esse
2099 2516 2278 2578 porro
2323 2500 2544 2561 tertiae
2574 2498 2868 2578 sphaerae
2913 2499 3086 2578 polos

372 2590 737 2671 reliquarum
785 2589 1021 2669 quidem
1062 2588 1374 2649 stellarum
1392 2620 1400 2627 ·
1418 2585 1725 2666 proprios,
1785 2586 2046 2649 Veneris
2093 2594 2298 2649 autem
2343 2596 2408 2649 et
2449 2585 2730 2649 Mercurii
2779 2587 3090 2650 eosdem.“

373 2680 459 2743 Ut
502 2679 657 2743 hunc
702 2696 843 2741 vere
893 2674 1185 2739 Gordium
1230 2675 1451 2737 nodum
1498 2694 1629 2737 cum
1676 2675 1912 2738 ratione
1959 2682 2025 2737 et
2069 2676 2171 2737 via
2217 2682 2385 2739 certa
2431 2674 2805 2738 adoriamur:
2855 2675 2944 2738 sic
2989 2684 3088 2739 est

372 2768 545 2832 nobis
605 2767 925 2848 agendum.
1036 2766 1105 2828 In
1152 2765 1328 2826 Luna
1380 2762 1534 2826 vidit
1584 2763 1875 2828 Eudoxus
1931 2761 1972 2830 3
2033 2772 2260 2827 motus:
2335 2764 2402 2838 1)
2449 2765 2724 2828 diurnum
2797 2760 2869 2838 2)
2913 2783 3086 2830 men·
3173 2797 3182 2802 ·

372 2867 607 2920 struum
652 2857 713 2918 in
763 2855 1103 2936 oppositum
1168 2853 1363 2933 primo
1431 2862 1495 2915 et
1540 2853 1843 2932 obliquum
1891 2855 2002 2916 snb
2048 2854 2298 2916 zodiaco
2367 2850 2440 2928 3)
2489 2853 2588 2933 qui
2649 2853 3086 2934 digressionem

374 2949 507 3028 ejus
555 2947 633 3008 ab
678 2945 967 3025 ecliptica
1021 2942 1306 3004 variaret.
1399 2943 1501 3004 Ad
1558 2961 1864 3004 numerum
1923 2943 2077 3005 hunc
2131 2951 2400 3005 motuum
2445 2941 2700 3005 totidem
2749 2942 2934 3006 etiam
2965 2961 3085 3023 po-

370 3036 559 3098 nebat
604 3035 803 3096 orbes.
898 3033 969 3094 In
1024 3032 1291 3110 planetis
1334 3029 1557 3094 'ceteris
1603 3026 1648 3093 4
1694 3030 2064 3094 observabat
2121 3040 2318 3094 motus
2375 3031 2696 3094 admodum
2740 3031 3084 3094 evidentes:

374 3123 439 3198 1)
487 3123 760 3186 diurnum
816 3122 925 3183 sub
973 3128 1303 3201 aequatore
1360 3119 1419 3180 in
1470 3119 1896 3182 antecedentia
1965 3117 2037 3194 2)
2085 3120 2196 3182 sub
2241 3119 2492 3182 zodiaco
2545 3121 2606 3182 in
2653 3120 3088 3200 consequentia

370 3210 444 3287 3)
492 3210 832 3276 latitudinis
900 3210 976 3271 ab
1026 3208 1306 3287 ecliptica
1363 3203 1439 3282 4)
1488 3227 1601 3287 qno
1654 3208 1944 3288 planetae
1987 3207 2078 3270 illi
2112 3227 2259 3288 prae
2306 3209 2694 3272 luminaribus
2739 3209 2854 3271 hoc
2897 3227 3087 3289 pecu-

370 3301 519 3365 liare
574 3300 945 3372 obtinerent,
1009 3305 1077 3358 ut
1130 3299 1345 3358 fierent
1396 3296 1757 3376 retrogradi.
1850 3297 1944 3358 De
1996 3297 2190 3377 primo
2246 3305 2308 3360 et
2361 3293 2624 3361 secundo
2672 3304 2867 3370 motu,
2929 3297 3088 3378 quod

365 3391 411 3452 ii
458 3391 585 3452 sint
628 3388 899 3450 omnibus
948 3404 1308 3459 communes,
1357 3384 1495 3463 ipsa
1522 3385 1709 3446 verba
1734 3383 2094 3447 Aristotelis
2121 3385 2278 3448 satis
2318 3393 2642 3450 testantur.
2736 3384 2916 3457 Quod
2941 3403 3086 3448 vero

366 3487 433 3542 et
474 3478 691 3542 tertius
736 3475 1076 3538 latitudinis
1107 3475 1315 3536 Lunae
1364 3493 1495 3536 cum
1543 3473 1639 3534 his
1685 3469 1725 3535 5
1773 3473 2086 3535 erronibus
2131 3475 2460 3537 communis
2506 3475 2608 3550 sit,
2657 3476 2774 3537 etsi
2819 3493 2896 3536 ex
2940 3493 3084 3538 ver-

366 3567 462 3630 bis
506 3565 867 3629 Aristotelis
912 3583 1029 3625 non
1076 3563 1383 3643 sequitur,
1444 3581 1562 3624 non
1610 3560 1862 3640 latuisse
1909 3569 2110 3624 tamen
2155 3562 2472 3624 Eudoxum
2525 3563 2682 3625 ratio
2736 3563 3083 3642 persuadet.

365 3657 527 3718 Nam
562 3656 615 3718 si
662 3673 777 3716 non
824 3654 961 3732 plus
1008 3650 1355 3732 diligentiae
1403 3651 1461 3712 in
1510 3651 1886 3712 observando
1931 3650 2236 3725 adhibuit,
2287 3669 2464 3732 quam
2511 3659 2798 3731 quantum
2845 3652 2924 3714 ad
2970 3653 3084 3714 de-

367 3743 827 3824 prehendendas
873 3739 1431 3820 retrogradationes
1480 3739 1730 3815 sufficit,
1788 3759 1906 3800 non
1952 3740 2152 3818 potuit
2203 3757 2320 3800 non
2367 3739 2610 3820 saepius
2662 3739 2724 3802 in
2771 3757 2930 3802 anno
2975 3760 3081 3802 re·-

366 3834 599 3913 spicere
656 3833 735 3894 ad
788 3832 1171 3910 planetarum
1228 3827 1706 3908 conjunctiones,
1772 3846 2030 3907 -quorum
2088 3847 2238 3890 unus
2301 3827 2418 3891 alio
2476 3830 2572 3891 vel
2627 3828 2930 3892 borealior
2983 3828 3083 3891 vel

366 3922 719 3996 australior,
785 3928 851 3981 et
894 3918 983 3980 sic
1039 3919 1315 3980 diversae
1372 3917 1448 3978 ab
1496 3917 1688 3980 altero
1738 3915 2078 3979 latitudinis
2123 3925 2320 3992 esset,
2381 3935 2492 3980 nec
2547 3917 2628 3978 ad
2675 3935 2932 3998 unguem
2975 3935 3086 3996 per

368 4011 627 4074 medium
687 4010 993 4089 signorum
1052 4007 1327 4070 ferretur.
1418 4005 1505 4068 Et
1560 4005 1619 4066 in
1678 4005 2082 4086 descriptione
2139 4005 2378 4086 quidem
2426 4006 2624 4086 quarti
2683 4025 2818 4068 cum
2873 4007 3086 4068 eadem

364 4100 489 4162 sint
532 4098 737 4174 verba,
788 4116 939 4178 quae
986 4115 1171 4175 supra
1216 4095 1274 4158 iu
1323 4093 1723 4174 descriptione
1770 4094 1973 4156 tertii:
2023 4095 2324 4170 „medium
2361 4095 2648 4158 circulum
2679 4095 2878 4176 quarti
2923 4093 3082 4158 obli-

366 4209 543 4268 quum
598 4207 733 4250 esse
795 4186 873 4249 ad
920 4185 1178 4248 medium
1224 4183 1455 4260 tertii“‚
1505 4191 1679 4244 tanto
1728 4183 1924 4246 minus
1973 4193 2069 4264 est
2114 4202 2218 4246 cur
2265 4183 2631 4259 dubitemus,
2703 4185 2962 4248 alterum
3008 4201 3084 4245 ex

364 4277 459 4338 his
504 4276 808 4340 latitudini
852 4276 1159 4355 planetae,
1210 4273 1463 4334 alterum
1518 4272 2028 4352 retrogradationi
2057 4273 2353 4352 deputari.
2443 4273 2658 4352 Itaque
2697 4292 2814 4336 non
2861 4279 2958 4338 est
2983 4271 3082 4334 hic

366 4365 697 4428 audiendus
750 4366 1219 4434 Fracastoreus,
1294 4361 1393 4442 qui
1448 4360 1801 4423 latitudines
1868 4361 2250 4441 planetarum
2305 4361 2382 4423 ab
2437 4361 2690 4424 Eudoxo
2746 4362 3078 4442 neglectas,

366 4453 655 4516 ambobus
720 4470 863 4516 vero
928 4452 1021 4514 his
1068 4448 1309 4514 circulis
1374 4469 1553 4512 unam
1608 4449 2192 4528 retrogradationem
2247 4457 2774 4530 repraesentatam
2811 4451 3078 4524 asserit,

362 4541 681 4604 Eudoxum
726 4542 806 4604 ad
851 4560 962 4602 sua
1008 4538 1476 4602 Homocentrica
1523 4539 1719 4618 adque
1768 4538 2020 4600 formam
2065 4547 2334 4602 motuum
2394 4558 2434 4600 a
2479 4556 2545 4602 se
2593 4557 2743 4602 sane
2776 4557 3080 4621 „perquam

364 4629 676 4710 ingeniose
739 4631 1045 4692 inventam
1101 4627 1397 4690 violenter
1452 4626 1932 4690 accommodans.
2041 4627 2126 4690 Et
2179 4627 2418 4690 obtinet
2469 4627 2573 4690 ille
2637 4627 2876 4708 quidem
2928 4647 3078 4709 pro-

362 4719 644 4800 positum,
700 4719 773 4780 fit
814 4719 1063 4798 planeta
1106 4715 1495 4796 retrogradus
1550 4722 1617 4778 et
1661 4716 1840 4778 velox
1884 4723 1949 4778 et
1992 4717 2414 4804 stationarius,
2475 4715 2775 4796 positione
2829 4717 3080 4782 duorum

362 4809 593 4872 orbium
640 4808 891 4870 Terram
940 4807 997 4868 in
1046 4813 1251 4868 centro
1298 4804 1667 4878 habentium,
1734 4823 1984 4886 quorum
2029 4806 2282 4868 alterius
2325 4803 2451 4885 poli
2495 4805 2555 4866 in
2605 4805 2886 4886 ecliptica
2931 4806 3076 4876 sint,

362 4907 561 4964 motus
607 4917 819 4962 versus
863 4896 1037 4984 polos
1086 4893 1431 4976 eclipticas,
1497 4893 1749 4958 alterius
1793 4913 1938 4961 vero
1983 4894 2110 4975 poli
2155 4895 2232 4957 ab
2279 4895 2394 4957 hoc
2437 4893 2933 4960 circumferantur
2979 4894 3078 4958 di-
