3634 5575
19 393 23 406 Ἴ
19 353 21 376 -
19 323 21 328 -
18 51 27 310 η-μ-ηἿ-σ-ῂν
18 1 25 40 ἡ·

624 404 713 474 88
1823 405 2150 460 Prooemium.

580 560 589 568 ’
626 567 754 630 1100
802 569 932 630 also
989 567 1047 630 in
1104 569 1223 630 eim
1266 567 1665 631 kunststuckh
1710 587 1785 636 zu
1830 567 2174 630 erforschen
2209 573 2620 632 vnvonndtten
2659 587 2808 652 seyn
2855 567 3104 632 vuer-dt.
3187 569 3344 632 Fiir-

630 663 764 718 sten
824 655 946 718 vnd
990 656 1153 719 Hern
1214 656 1411 720 haben
1461 657 1711 720 solliche
1770 656 1990 718 sachen
2048 656 2219 718 nicht
2279 678 2392 719 von
2443 658 2550 720 des
2612 658 2919 738 tiiglicben
2971 656 3346 731 Geb1·,auchs

629 744 885 808 sondern
932 764 1048 807 von
1097 747 1204 808 der
1258 746 1460 808 Kunst
1520 764 1759 826 wegen:
1827 745 1922 806 die
1969 745 2156 808 kunst
2201 745 2347 809 aber
2417 745 2699 808 bestehet
2743 747 2802 846 in
2851 745 3184 809 imitatione
3230 767 3348 808 na-

627 840 833 910 turae,
883 834 963 895 da
1008 853 1073 895 es
1121 833 1287 896 nicht
1332 835 1442 897 mit
1487 834 1742 914 Zeigern
1790 835 2068 914 zugehet.

802 921 968 984 Wan
1018 923 1161 984 aber
1209 924 1304 985 die
1353 921 1497 986 sach
1555 923 1663 986 mit
1712 930 1880 985 ernst
1927 923 2328 1004 anzugreiffen
2378 929 2572 997 ware,
2645 922 2824 1003 glaub
2880 923 2979 986 ich
3024 923 3168 998 vol,
3237 923 3352 986 das

626 1011 741 1074 mir
786 1011 928 1074 sehr
974 1009 1377 1074 beffirderlich
1426 1031 1569 1094 seyn
1618 1011 1855 1087 wiirde,
1908 1012 2128 1074 andere
2177 1011 2559 1091 dergleiclien
2599 1011 2865 1075 Werckh
2916 1011 3069 1074 auch
3115 1031 3190 1074 zu
3235 1013 3349 1075 be-

630 1099 961 1180 sichtigen,
1030 1102 1148 1162 dan
1215 1101 1318 1163 Ich
1367 1100 1495 1162 biss
1543 1099 1687 1161 dato
1751 1100 1932 1163 khein
1981 1101 2235 1162 anderes
2283 1101 2582 1180 geschen‚
2655 1102 2747 1163 als
2805 1102 2914 1164 wie
2973 1101 3055 1164 im
3101 1100 3353 1164 Bericht

587 1189 960 1251 ‘vermeldet
1014 1190 1271 1251 worden.
1366 1188 1574 1250 Wolte
1621 1189 1725 1251 Ich
1772 1189 1916 1251 Wol
1981 1190 2195 1262 seben,
2263 1189 2339 1252 ob
2397 1189 2560 1251 eines
2615 1190 2916 1268 gefunden
2973 1191 3204 1260 wiirde,
3274 1191 3348 1251 da

626 1277 882 1352 beedes,
947 1277 1204 1340 imitatio
1270 1287 1521 1340 naturae
1585 1284 1649 1339 et
1710 1278 1941 1340 indices
2005 1278 2122 1360 bey
2176 1279 2480 1341 einander.
2577 1277 2712 1340 Dan
2779 1278 2970 1340 meins
3027 1279 3354 1340 erachtens

628 1366 823 1429 khans
870 1366 1038 1427 nicht
1084 1385 1267 1449 seyn,
1318 1367 1435 1428 dan
1485 1386 1551 1427 es
1599 1365 1785 1428 leidet
1827 1366 1904 1428 Je
1952 1367 2082 1428 eins
2131 1366 2240 1429 das
2289 1367 2475 1429 ander
2511 1367 2704 1441 nicht,
2755 1368 2871 1429 und
2911 1368 2998 1430 ist
3025 1367 3205 1429 allein
3255 1367 3353 1428 die

630 1455 791 1536 frag,
842 1455 1110 1518 wollichs
1160 1456 1347 1516 under
1392 1455 1582 1517 denen
1632 1454 2004 1518 kunstlicher
2049 1455 2170 1516 vnd
2216 1456 2545 1519 zierlicher.

804 1543 1094 1606 Bisshero
1141 1562 1279 1605 vom
1328 1542 1614 1607 Werckh.
1707 1541 1847 1606 Jam
1897 1546 1972 1606 ad
2021 1544 2162 1607 alia.

766 1684 885 1736 Jam
918 1683 1195 1748 Rapum,
1242 1683 1437 1736 rediens
1475 1685 1541 1736 ad
1577 1690 1867 1736 consuetum
1902 1699 2208 1742 sermonem,
2257 1684 2414 1734 latine
2451 1686 2614 1752 pergit
2649 1683 2716 1736 ad
2753 1682 3152 1750 chronologiam.
3205 1697 3361 1749 qnam

627 1755 845 1820 pluribus
880 1761 987 1804 tum
1020 1770 1109 1819 per
1142 1755 1313 1806 literas
1352 1770 1463 1805 cum
1499 1755 1770 1806 Maestlino
1806 1750 2238 1821 perscrutabatur,
2278 1763 2330 1805 et
2367 1755 2644 1806 concludit.
2681 1755 3021 1821 theologorum
3055 1757 3360 1806 minationes

627 1827 909 1892 ponderans
947 1825 1203 1891 Copernici
1240 1821 1521 1878 sententiae
1558 1829 1747 1878 eminus
1783 1827 2150 1894 obloquentium
2188 1823 2306 1886 (vid.
2347 1841 2496 1891 supra
2529 1843 2579 1891 p.
2602 1824 2711 1889 38).

772 1951 917 2002 Haec
952 1957 1152 2000 tantum
1188 1949 1251 2000 de
1288 1965 1435 2015 opere
1472 1949 1765 2002 mechanico
1802 1951 1978 2001 addit:

804 2039 995 2102 Tuam
1052 2057 1315 2118 agnosco
1372 2039 1551 2102 fidem
1623 2048 1916 2119 perpetua
1975 2040 2345 2120 gratitudine
2411 2023 2855 2104 celebrandam.
2951 2039 3202 2102 Utinam
3267 2041 3363 2103 ita

626 2147 725 2194 res
772 2129 1167 2208 expediatur.
1232 2137 1301 2190 ut
1347 2140 1597 2208 uterque
1644 2129 1959 2194 laetemur.
2053 2128 2330 2204 Quaeso,
2401 2130 2452 2191 si
2499 2131 2695 2192 minus
2741 2147 3096 2209 responsum
3143 2130 3358 2194 statim

624 2217 1254 2370 ἒξῗρέἑέῃεέἒῗε,
1313 2218 1451 2298 quid
1500 2219 1761 2282 futurum
1808 2237 2082 2282 censeaS.
2174 2220 2244 2281 In
2293 2219 2536 2281 decreto
2585 2219 2792 2281 videor
2841 2236 3171 2298 agnoscere
3219 2219 3357 2281 Lu-

666 2457 671 2466 ’
764 2445 999 2496 Latinum
1026 2449 1275 2512 scriptum,
1312 2447 1443 2512 quod
1470 2449 1522 2497 in
1548 2447 1863 2513 sequentibus
1885 2447 2041 2498 literis
2063 2448 2310 2497 memorat
2342 2443 2656 2504 Maestlinus‚
2685 2447 2838 2500 deest.
2881 2446 3095 2499 Schema
3121 2449 3186 2500 ad
3209 2463 3358 2513 prae·

624 2517 776 2567 missa
810 2519 1061 2582 pertinens
1097 2533 1130 2568 a
1165 2519 1305 2568 nobis
1342 2519 1576 2569 omissum
1612 2525 1703 2578 est,
1744 2519 1876 2584 quod
1913 2525 1965 2569 et
2001 2521 2188 2582 majore
2220 2519 2379 2568 forma
2403 2525 2536 2569 esset
2559 2518 2912 2584 effingendam,
2953 2525 3022 2578 et,
3059 2535 3190 2585 quae
3213 2521 3359 2584 Kep-

624 2589 754 2640 lerus
790 2591 1043 2652 proponit,
1082 2591 1237 2639 etiam
1272 2591 1456 2640 omissa
1490 2590 1826 2640 delineatione
1865 2589 2075 2654 intelligi
2110 2594 2330 2652 possunt.

768 2660 845 2710 Ex
879 2660 1136 2710 Maestlini
1179 2661 1334 2711 literis
1384 2659 1456 2724 (d.
1498 2663 1545 2712 d.
1585 2659 1637 2710 4.
1677 2657 1813 2722 (14.)
1852 2661 1952 2710 sul.
1996 2657 2156 2722 1598)
2207 2661 2524 2725 responsoriis
2573 2660 2702 2712 haec
2747 2661 3103 2722 desumsimus:
3169 2663 3364 2726 Accepi

625 2731 731 2782 heri
766 2731 938 2781 literas
973 2737 1086 2781 tuas
1125 2747 1235 2782 cum
1272 2733 1441 2781 rotulis
1480 2730 1567 2796 (ex
1601 2739 1743 2797 parte
1784 2727 2110 2793 confractis),
2168 2731 2234 2781 ad
2283 2731 2648 2797 designandum
2697 2733 2849 2781 animi
2897 2733 2968 2782 tui
3019 2734 3266 2782 intentum
3307 2735 3362 2783 in

625 2804 914 2853 fabricando
954 2818 1099 2867 opere
1139 2806 1482 2854 astronomiae.
1556 2805 1846 2854 Institutum
1883 2810 2023 2853 tuum
2069 2803 2189 2853 mihi
2235 2804 2500 2853 admodum
2534 2804 2718 2867 placet.
2795 2804 2933 2854 Deus
2968 2804 3213 2870 largiatur
3247 2805 3362 2856 feli-

627 2876 876 2924 cissimum
913 2888 1210 2924 successum.
1286 2874 1392 2939 Ego
1415 2911 1429 2932 ,
1484 2880 1747 2939 postquam
1803 2875 2086 2941 diligentius
2131 2874 2350 2939 relegero
2403 2880 2455 2923 et
2508 2876 2676 2926 omnia
2709 2875 3010 2926 sufficienter
3045 2878 3364 2940 pensitavero

628 2942 734 3008 (ut,
780 2945 821 2993 si
858 2947 1112 3008 quaesitus
1150 2946 1299 3006 fuero,
1340 2948 1637 3009 respondere
1682 2942 1916 3009 possim),
1971 2946 2152 2997 curabo
2201 2945 2265 2995 ad
2301 2945 2375 2995 111.
2415 2947 2684 3009 principem
2719 2946 2989 2997 transferri.
3065 2948 3361 2997 Maluissem

534 3052 539 3058 -
628 3022 799 3067 autem
832 3021 1093 3080 utrumque
1128 3023 1268 3067 tuum
1304 3019 1539 3081 scriptum
1552 3052 1568 3075 ‚
1622 3019 1973 3069 Germanicum
2010 3022 2062 3067 et
2097 3016 2334 3069 Latinum
2383 3014 2606 3081 (praeter
2645 3018 2905 3081 epistolam
2943 3019 3008 3068 ad
3045 3034 3124 3068 me
3160 3019 3359 3075 datam,

624 3101 755 3153 quae
793 3089 945 3137 etiam
980 3089 1203 3151 privata.
1243 3103 1370 3154 quae
1406 3089 1536 3139 inter
1570 3104 1659 3138 nos
1696 3096 1868 3138 mutuo
1905 3096 2048 3144 sunt,
2089 3084 2361 3149 continet),
2399 3103 2499 3138 non
2535 3088 2654 3137 mihi
2698 3090 2936 3152 inscripta
2974 3105 3114 3147 esse,
3153 3089 3239 3139 sed
3275 3091 3364 3140 vel

626 3157 913 3217 indefinite,
954 3165 1191 3223 tanquam
1229 3160 1293 3209 ad
1330 3162 1547 3223 quemvis
1584 3160 1836 3219 lectorem,
1874 3160 1950 3209 vel
1991 3159 2054 3209 ad
2081 3160 2250 3223 ipsum
2287 3159 2556 3223 principem
2593 3160 2748 3209 fuisse
2787 3159 2993 3209 directa.
3057 3160 3188 3210 Nam
3225 3176 3362 3224 quae

625 3232 679 3278 in
714 3231 960 3293 prooemio
1002 3230 1253 3288 „defensio
1289 3230 1555 3295 propositi“
1595 3232 1667 3280 tui
1706 3239 1807 3287 est,
1859 3246 1959 3295 qua
1999 3230 2260 3293 „exempla
2293 3230 2494 3281 vetera“
2533 3230 2652 3280 mihi
2687 3231 2896 3285 recitas.
2951 3232 3068 3280 mibi
3105 3232 3356 3283 dicuntur.

627 3301 769 3365 quasi
804 3302 893 3350 tibi
932 3302 1203 3351 contrarius
1252 3302 1483 3357 fiiissem,
1535 3303 1745 3366 ideoque
1790 3304 1865 3352 tui
1915 3303 2148 3388 propositi
2195 3302 2314 3351 mihi
2359 3302 2576 3352 rationes
2613 3302 2823 3352 fuissent
2869 3302 3190 3359 reddendae,
3241 3317 3360 3353 cum

627 3378 801 3422 tamen
834 3371 963 3421 haec
1000 3372 1177 3422 eadem
1214 3372 1439 3437 exempla
1476 3388 1569 3438 ego
1608 3380 1726 3425 ante
1772 3375 2016 3431 noverim,
2067 3380 2302 3437 tuumque
2347 3372 2442 3423 hoc
2491 3374 2746 3423 inventum
2797 3389 2931 3423 nunc
2980 3374 3242 3438 aliquoties
3275 3372 3360 3423 Ill.

627 3444 833 3508 principi
862 3443 923 3493 de
950 3444 1135 3507 optima
1160 3451 1283 3494 nota.
1308 3446 1769 3503 commendaverim,
1810 3452 1878 3503 et,
1919 3447 1962 3494 si
1997 3451 2054 3494 tu
2091 3444 2330 3511 languere
2367 3444 2619 3502 voluisseS‚
2657 3444 2775 3495 mihi
2809 3446 3130 3502 incubuisset,
3167 3453 3226 3494 ut
3261 3461 3362 3511 ego

626 3514 763 3564 hisce
801 3508 1049 3579 exemplis⁰
1068 3521 1119 3564 te
1156 3529 1453 3566 revocarem.
1532 3515 1630 3566 Sed
1670 3517 1735 3566 ad
1770 3519 1987 3567 tertium.
2027 3518 2256 3565 nimirum
2292 3515 2368 3564 vel
2404 3516 2671 3579 principem
2727 3516 2806 3566 vel
2841 3518 2892 3565 in
2928 3530 3112 3581 genere
3151 3516 3217 3565 ad
3249 3516 3358 3565 lec-

629 3590 813 3645 torem,
854 3591 911 3634 ut
948 3592 999 3635 et
1033 3588 1164 3650 ipse,
1210 3587 1329 3637 licet
1363 3587 1518 3651 primo
1556 3588 1737 3637 intuitu
1772 3600 1873 3638 non
1911 3588 2188 3653 intelligat,
2237 3587 2620 3637 oblectationem
2656 3589 2708 3635 in
2746 3602 2804 3637 00
2843 3594 3080 3651 quaerat,
3134 3588 3360 3637 defensio

626 3656 755 3707 haec
792 3656 1059 3721 dirigenda
1084 3659 1277 3707 fuisset.
1305 3693 1319 3707 .
1348 3692 1361 3705 .
1391 3695 1403 3708 .
1478 3658 1681 3709 Videbo·
1706 3666 1876 3709 tamen
1889 3695 1903 3716 ,
1953 3661 1994 3709 si
2027 3660 2181 3709 verba
2213 3658 2304 3707 illa
2351 3656 2432 3709 vel
2475 3664 2668 3709 mutare
2721 3658 2798 3709 vel
2844 3658 3114 3714 obliterare
3150 3660 3353 3722 possim,

626 3742 691 3777 ne
730 3727 859 3779 Cels.
898 3728 1049 3792 ipsius
1087 3730 1359 3789 existimet,
1406 3744 1487 3780 me
1526 3729 1660 3781 aliud
1694 3731 1812 3795 ipsi,
1851 3732 2150 3780 contrarium
2195 3729 2282 3778 tibi
2341 3730 2593 3793 scripsisse
2609 3764 2622 3787 ,
2671 3729 2802 3779 unde
2838 3730 3158 3779 metuendum
3196 3737 3352 3787 esset,

626 3814 689 3849 00
726 3804 886 3849 totum
920 3800 1013 3851 1100
1047 3808 1187 3849 tuum
1224 3802 1565 3851 inventumfet
1604 3816 1722 3865 opus
1761 3802 1894 3865 apud
1933 3800 2061 3851 Cels.
2101 3801 2252 3864 ipsius
2291 3800 2512 3851 vilescat.

772 3870 966 3935 Alioqui
1002 3872 1175 3920 modus
1214 3878 1265 3921 et
1299 3872 1459 3921 forma
1504 3876 1609 3935 ejus
1654 3874 1727 3921 tui
1773 3874 1943 3936 scripti
1987 3872 2303 3922 vehementer
2351 3872 2548 3936 placet,
2605 3877 2681 3921 est
2731 3871 2862 3921 enim
2910 3871 3055 3922 valde
3106 3872 3358 3922 eruditum

628 3942 879 4005 scriptum,
919 3944 1048 4005 quod
1083 3942 1251 4005 procul
1291 3943 1437 3992 dubio
1475 3950 1526 3993 01
1560 3944 1767 4008 principi
1805 3950 1858 3993 et
1894 3944 2184 3994 consiliariis
2210 3942 2386 3993 harum
2409 3958 2574 3993 rerum
2595 3942 2983 4007 intelligentibus
3008 3950 3204 4009 gratum
3243 3946 3356 3994 erit.

767 4011 1013 4062 Numeros
1064 4014 1334 4063 rotularem
1388 4028 1657 4079 earumque
1708 4016 1935 4079 periodos
1987 4016 2208 4065 nondum
2261 4016 2555 4065 examinavi.
2633 4014 2876 4064 Videntur
2923 4020 3094 4065 tamen
3129 4016 3361 4065 nonnulli

626 4074 840 4133 numeri*
856 4084 1077 4134 dentium
1112 4086 1256 4135 nimis
1291 4087 1481 4151 magni,
1516 4088 1747 4137 nimirum
1783 4087 1918 4138 ultra
1955 4083 2058 4136 200
2096 4093 2148 4137 et
2185 4083 2306 4135 300.
2363 4086 2469 4136 Hos
2507 4100 2656 4151 aegre
2687 4086 2852 4149 capiet
2887 4092 2999 4135 rota
3035 4087 3162 4136 adeo
3198 4086 3360 4148 exilis,

628 4162 680 4205 01
715 4154 982 4205 verendum
1020 4161 1124 4211 est,
1173 4163 1230 4205 ut
1265 4158 1365 4207 sint
1400 4157 1630 4208 diuturni.
1704 4158 1819 4209 Meo
1855 4160 2007 4225 igitur
2035 4159 2224 4221 judicio
2276 4163 2552 4221 praestaret
2600 4157 3024 4221 superimpositi03
3081 4172 3198 4207 nam
3235 4158 3358 4208 nihil

626 4227 857 4281 referret,
894 4242 979 4291 pro
1017 4241 1121 4277 una
1156 4226 1279 4276 duas
1316 4228 1419 4278 fieri
1459 4236 1607 4279 rotas·

770 4296 851 4347 De
888 4312 1080 4348 canone
1116 4300 1168 4347 in
1210 4296 1348 4347 6000
1387 4313 1543 4349 annos
1581 4306 1637 4349 ut
1672 4302 1739 4349 sis
1777 4300 2042 4357 sollicitus,
2083 4313 2203 4363 opus
2241 4316 2340 4350 non
2377 4306 2483 4356 est·
2519 4300 2618 4347 imo
2657 4312 2750 4347 nec
2787 4299 2850 4347 de
2887 4300 3034 4349 annis
3074 4296 3201 4357 100.
3239 4300 3363 4363 quia.

628 4368 840 4427 sufficit,
893 4370 1113 4435 singulas
1158 4370 1427 4420 tardiorum
1464 4371 1691 4433 periodos
1726 4374 1919 4427 metiri.
1973 4376 2026 4421 et
2073 4386 2186 4421 cum
2226 4373 2297 4423 eis
2334 4372 2628 4421 velociorum
2663 4383 2833 4419 crasso
2869 4371 3014 4420 modo
3051 4383 3356 4434 comparare.

626 4437 761 4489 Nam
798 4441 851 4490 in
884 4440 961 4491 his
995 4440 1217 4491 thesauri
1253 4448 1466 4492 naturae
1503 4456 1816 4507 nequaquam
1864 4442 2098 4507 explicari
2141 4450 2383 4507 possunt3
2439 4442 2652 4499 sufficit,
2703 4439 2982 4503 huiusmodi
3029 4456 3181 4507 opera
3223 4443 3362 4491 intra

630 4506 699 4559 30
737 4526 895 4562 annos
930 4528 1028 4561 non
1064 4512 1364 4563 sensibiliter
1400 4528 1589 4570 errare,
1628 4520 1681 4563 et
1716 4514 1831 4577 quid
1869 4521 2004 4570 tum,
2060 4514 2154 4564 etsi
2191 4514 2433 4565 Saturnus
2469 4520 2584 4577 post
2618 4513 2744 4562 duas
2783 4513 3036 4576 periodos,
3077 4512 3125 4561 h.
3164 4526 3206 4562 e.
3243 4520 3362 4577 post

630 4576 699 4628 60
738 4596 911 4641 annos,
950 4597 1048 4632 uno
1087 4589 1237 4647 atque
1266 4584 1421 4633 altero
1447 4584 1621 4649 gradu,
1660 4585 1736 4635 vel
1762 4586 1915 4635 etiam
1941 4548 2095 4634 tribus
2123 4584 2352 4650 gradibus
2379 4583 2610 4634 aberret?
2669 4582 2816 4633 Certe
2852 4598 3017 4647 pauca
3052 4584 3149 4633 vidi
3183 4584 3354 4645 hujus·

630 4652 759 4701 modi
784 4654 1113 4704 instrumenta
1138 4652 1259 4715 (imo
1288 4652 1517 4713 nullum).
1558 4656 1731 4720 quibus
1758 4655 1886 4706 Solis
1921 4662 2083 4706 motus
2123 4670 2315 4706 annuus
2351 4655 2484 4705 ultra
2520 4651 2622 4704 365
2649 4650 2672 4680 ⁰
2705 4654 2894 4705 habeat
2930 4656 3084 4705 etiam
3108 4656 3355 4720 quadran-

630 4728 731 4772 tem
768 4725 880 4774 diei.
958 4725 1067 4789 Ego
1102 4732 1239 4775 certe
1274 4726 1482 4789 plurimo
1519 4728 1687 4777 labore
1724 4728 1928 4777 tandem
1967 4728 2204 4791 ejusmodi
2240 4742 2499 4785 numeros,
2545 4728 2628 4791 qui
2665 4728 2818 4777 etiam
2855 4726 3183 4791 quadrantem
3217 4726 3358 4777 illum

628 4793 876 4855 hah—aut,
916 4797 1133 4847 invenire
1166 4799 1321 4861 potui.
1395 4798 1504 4849 Nec
1538 4805 1709 4849 tamen
1746 4799 1837 4849 illa
1871 4812 2077 4865 orgen&
2099 4799 2318 4849 Uranica
2351 4804 2613 4863 propterea
2647 4800 2787 4861 parvi
2823 4798 2965 4847 fiunt.

750 4865 947 4915 ·Metuo
984 4873 1183 4925 autem,
1231 4884 1295 4919 00
1330 4871 1460 4919 istae
1498 4870 1798 4932 objectiones
1837 4876 1888 4920 et
1937 4870 2286 4929 difficultates,
2339 4884 2462 4934 quas
2497 4870 2548 4917 in
2583 4871 2764 4932 scripto
2801 4875 2886 4918 tuo
2923 4869 3103 4918 multas
3141 4870 3228 4917 tibi
3263 4870 3356 4932 ipsi

632 4935 821 4999 oincis,
862 4951 897 4989 a
930 4938 1179 4989 nonnullis
1215 4940 1377 4991 sciolis
1414 4940 1565 4991 veluti
1594 4954 1815 4990 enormes
1844 4942 2224 4993 exorbitationes
2250 4942 2588 5009 accipianturf
2615 4948 2764 5005 atque
2791 4940 2920 5005 apud
2943 4942 3212 5007 principem
3237 4954 3356 4991 exa·

994 5164 1024 5193 ο

3509 4754 3538 4765 Δ
