3634 5575
1385 397 1698 464 Asuulogiae‘
1733 397 2037 450 certioribus.
2930 391 3063 468 42⁸2*

351 555 478 620 sint
543 563 620 616 an
685 552 964 619 humiles.
1065 553 1202 620 Alti
1265 557 1510 638 placent.
1573 557 1927 638 astrologis,
2004 557 2261 621 humiles
2321 558 2612 642 physicis.
2705 553 3063 625 Statuamus

351 644 908 724 compensatiouem
953 643 1054 706 hic
1101 664 1256 714 esse,
1305 653 1376 707 ut
1421 665 1536 725 quo
1583 647 1812 726 majore
1862 655 2182 710 cernantur
2228 649 2445 729 angulo
2494 649 2779 725 (humiles
2820 657 3065 732 nempe)

351 735 464 796 hoc
491 731 668 812 'plus
694 733 1042 808 calfaciant,
1090 741 1336 814 propter
1371 734 1528 796 hanc
1575 735 1816 815 quidem
1862 735 2175 799 visionem.
2268 738 2487 800 Virtus
2532 751 2677 802 vero
2724 757 2801 801 ex
2848 741 3063 804 altitu-

353 821 490 885 dine
541 828 722 884 aucta
769 841 1015 890 causam
1062 823 1248 885 habet
1291 823 1493 886 aliam.

1400 912 1668 975 Thesis
1712 913 2017 976 XXXIII.

530 998 796 1062 Ratione
855 999 1164 1080 utriusque
1220 999 1462 1063 virtutis
1523 1002 1901 1065 calfacientia
1960 1009 2025 1064 et
2077 1002 2483 1065 humectantis
2546 998 3068 1073 considerandum,

356 1107 472 1169 quo
517 1088 580 1150 in
625 1087 802 1168 signo
850 1090 1174 1151 versentur
1217 1085 1544 1169 planetae:
1615 1090 1776 1153 Nam
1822 1099 1886 1153 et
1929 1093 2212 1171 planetae
2258 1097 2323 1152 et
2348 1091 2525 1154 Luna
2568 1092 2628 1154 in
2676 1106 2890 1151 cancro
2928 1087 3067 1168 plu·-

358 1176 568 1240 rimam
617 1184 964 1256 operantur,
1014 1179 1154 1257 quia
1201 1178 1536 1240 diutissime
1585 1187 1727 1241 sunt
1771 1198 1955 1260 supra
2000 1179 2269 1252 Terram,
2321 1187 2386 1242 et
2428 1188 2674 1262 propter
2720 1177 2875 1238 alias
2920 1195 3069 1238 cau-

363 1286 466 1328 sas
509 1265 686 1328 initio
733 1273 1258 1341 commemoratas,
1307 1286 1442 1330 cum
1489 1269 1562 1330 de
1609 1267 1754 1330 Sole
1801 1287 2140 1350 ageremus.
2232 1268 2329 1330 lta
2372 1269 2584 1343 etiam,
2633 1287 2765 1331 cum
2814 1285 2853 1326 a
2896 1269 3070 1346 parte

358 1362 501 1418 sunt
557 1355 1020 1434 septentrionis,
1086 1355 1220 1435 plus
1277 1357 1504 1418 habent
1561 1357 1826 1420 virtutis.
1920 1358 2077 1419 Hinc
2132 1357 2463 1437 plenilunia
2516 1356 2817 1420 brumalia
2871 1353 3068 1416 humi·

357 1444 530 1507 diora
573 1450 718 1506 suut
763 1443 1036 1508 aestivis.
1127 1444 1196 1505 Iu
1245 1445 1414 1507 zonis
1459 1445 1666 1526 itaque
1684 1447 2282 1525 ‘septentrionalibus
2328 1446 2491 1509 circa
2518 1446 2674 1510 hunc
2712 1453 2777 1508 et
2806 1461 3069 1523 sequen-

357 1543 454 1594 tes
509 1532 740 1612 aliquot
801 1550 992 1595 annos
1039 1531 1290 1596 Saturni
1347 1541 1411 1596 et
1453 1533 1656 1610 Jovis,
1709 1535 1847 1615 quin
1906 1543 1971 1596 et
2014 1535 2235 1596 Martis
2294 1535 2353 1596 iu
2412 1536 2525 1596 fine
2575 1535 2749 1605 anui,
2808 1532 3069 1593 virtutes

349 1621 480 1700 jam
527 1620 870 1701 explicatae
913 1621 1248 1684 imbecilles
1295 1632 1498 1686 erunt:
1559 1624 1698 1703 quia
1743 1624 2145 1707 versabuntur
2200 1623 2259 1685 in
2308 1623 2500 1704 signis
2548 1622 2889 1687 humilibus.
2982 1619 3073 1682 At

357 1710 418 1772 in
464 1709 630 1772 zonis
677 1710 1042 1774 australibus
1079 1717 1254 1773 tauto
1302 1720 1477 1774 eruut
1522 1713 1825 1774 fortiores.

1406 1801 1668 1863 Thesis
1714 1799 2016 1864 XXXIV.

535 1888 603 1951 In
651 1893 818 1950 motu
873 1905 1006 1948 cum
1066 1887 1380 1950 videamus
1442 1889 1858 1952 tardissimum
1906 1907 2201 1970 quemque
2259 1887 2583 1969 plurimum
2649 1903 2867 1967 posse:
2934 1885 3073 1947 hinc

294 1995 303 2000 ·
359 1995 576 2038 causas
623 1975 1005 2050 deducemus,
1053 1995 1160 2039 cur
1205 1979 1548 2040 stationarii
1585 1986 1712 2041 tam
1757 1979 1885 2040 sint
1912 1980 2149 2057 operosi
2196 1985 2263 2040 et
2304 1978 2365 2038 iu
2408 1976 2697 2057 apogaeis
2725 1983 3069 2037 versantes.

361 2064 483 2128 Ubi
525 2064 814 2127 Mercurii
877 2065 1064 2128 statio
1120 2066 1380 2128 omnium
1427 2069 1688 2130 maxime
1737 2075 1835 2129 est
1880 2068 2125 2130 efficax:
2191 2067 2247 2128 is
2296 2065 2482 2139 enim,
2543 2073 2611 2126 ut
2656 2063 3071 2125 velocissimus

361 2153 536 2228 alias,
583 2153 902 2233 plurimum
949 2155 1024 2216 de
1069 2163 1234 2217 motu
1281 2156 1527 2218 amittit.
1623 2155 1875 2218 Saturni
1920 2174 2063 2218 vero
2112 2155 2297 2216 statio
2346 2153 2647 2215 minimum
2679 2152 2881 2226 efficit,
2936 2151 3077 2232 quia

359 2261 570 2324 parum
617 2242 819 2318 habet,
869 2243 1028 2322 quod
1071 2245 1134 2304 in
1167 2244 1446 2306 statione
1492 2246 1728 2325 perdat.
1822 2244 2103 2307 Mercurii
2136 2244 2371 2324 quidem
2420 2242 2607 2304 statio
2659 2251 2729 2303 ut
2754 2239 3073 2319 plurimum

366 2339 597 2406 ventos,
647 2338 746 2394 est
791 2331 892 2394 ubi
939 2339 1002 2394 et
1045 2333 1216 2395 nives
1263 2333 1362 2394 vel
1407 2334 1664 2413 pluvias,
1712 2334 1773 2395 in
1821 2351 2039 2413 genere
2086 2332 2363 2413 copiosos
2410 2349 2667 2411 vapores
2716 2330 2856 2391 ciet.
2942 2328 3075 2390 Hos

363 2420 546 2499 igitur
589 2420 1076 2499 exspectabimus
1129 2421 1288 2485 circa
1341 2419 1442 2484 17.
1490 2423 1530 2484 J
1535 2442 1672 2485 auu.
1724 2420 1830 2485 20.
1879 2422 2029 2502 Apr.
2084 2419 2185 2484 12.
2235 2421 2406 2497 Maii,
2462 2417 2563 2483 15.
2597 2419 2757 2499 Aug.
2810 2413 2871 2480 6.
2912 2415 3074 2496 Sep-

365 2516 506 2572 tem.
557 2505 616 2573 9.
669 2519 734 2570 et
776 2505 884 2572 31.
922 2509 1169 2572 Decem.
1263 2509 1390 2574 Sed
1432 2512 1700 2574 incertus
1747 2511 2075 2574 etiamnum
2103 2509 2387 2574 Mercurii
2431 2516 2633 2572 motus
2680 2525 2797 2570 non
2843 2507 3075 2586 patitur
3180 2538 3187 2548 ·

365 2597 770 2660 certissimum
815 2599 976 2660 diem
1021 2600 1354 2679 praefinire.

1429 2689 1527 2750 Th
1541 2709 1574 2750 e
1587 2708 1616 2751 s
1627 2689 1646 2750 i
1659 2709 1700 2750 s
1735 2687 2008 2750 XXXV.

543 2773 746 2846 Quas
803 2775 1164 2847 hactenus
1229 2777 1562 2858 explicui
1627 2798 1893 2842 causas
1958 2777 2209 2839 futuro
2227 2796 2376 2839 rum
2442 2781 2857 2849 eventuum,
2934 2773 3077 2837 illae

365 2864 486 2929 etsi
531 2865 782 2927 multum
827 2866 1066 2946 quidem
1112 2866 1448 2929 divinitatis
1493 2868 1742 2943 habent,
1789 2885 1997 2929 omnes
2042 2874 2247 2929 tamen
2292 2865 2584 2927 materiae
2612 2872 2891 2925 naturam
2929 2882 3077 2943 pro·-

368 2956 502 3034 pius
563 2954 924 3029 imitantur‚·
973 2974 1152 3034 quam
1213 2974 1364 3036 quae
1423 2958 1552 3037 jam
1613 2964 1961 3039 sequentur.
2053 2954 2213 3017 Nam
2282 2956 2545 3034 ipsarum
2606 2952 2823 3032 agendi
2868 2952 3079 3014 modus
3195 3004 3213 3013 -

372 3044 436 3105 in
483 3043 708 3107 effluxu
767 3044 1025 3124 quodam
1085 3043 1236 3106 lucis
1295 3046 1578 3108 consistit
1623 3066 1810 3126 usque
1858 3046 1937 3107 ad
1982 3046 2131 3108 haec
2180 3044 2527 3107 sublunaria
2574 3058 2831 3121 corpora
2874 3041 3077 3102 conti-

330 3126 626 3195 nuatae:
676 3131 807 3213 qui·
821 3133 1098 3208 effluxuS,
1150 3134 1424 3213 quamvis
1470 3134 1598 3197 sine
1645 3136 1903 3197 materia
1958 3142 2023 3196 et
2068 3142 2335 3213 tempore
2384 3140 2497 3207 est,
2564 3150 2683 3193 non
2728 3136 2935 3191 tamen
2980 3137 3081 3191 est

299 3246 305 3253 ·
371 3220 504 3283 sine
557 3222 962 3299 quantitatum
1009 3218 1496 3285 dimensionibus.
1588 3224 1692 3285 Fit
1751 3223 1911 3285 enim
1956 3240 2065 3302 per
2119 3223 2337 3284 lineam
2392 3228 2657 3293 rectam,
2728 3226 3081 3281 attenuatur

371 3328 506 3373 cum
564 3308 860 3371 distantia
915 3331 952 3371 a
997 3311 1224 3385 sidere,
1296 3312 1520 3373 crescit
1583 3313 1680 3374 vel
1739 3312 2039 3374 decrescit
2102 3330 2255 3383 cum·
2292 3311 2429 3390 ipsa
2488 3308 2743 3371 lucentis
2799 3307 3083 3387 planetae

369 3398 556 3471 facie,
603 3398 925 3479 impeditur
969 3398 1210 3478 objectu
1257 3401 1526 3480 corporis
1573 3402 1772 3480 opaci,
1826 3408 1889 3462 et
1932 3400 2228 3473 vicissim,
2278 3400 2483 3479 posita
2527 3397 2745 3459 sideris
2792 3404 3080 3475 aspecta-

369 3486 478 3549 bili
521 3488 920 3569 praestantia,
969 3488 1248 3551 continue
1293 3490 1556 3569 ponitur.
1649 3491 1778 3552 Nec
1828 3490 1889 3551 id
1934 3494 2171 3551 tantum
2217 3489 2279 3550 in
2325 3507 2443 3550 uuo
2492 3493 2555 3550 et
2600 3486 2811 3547 eodem
2860 3485 3078 3558 sidere,

369 3577 478 3639 sed
527 3576 716 3639 etiam
769 3578 830 3639 in
876 3578 1324 3657 comparatione
1381 3578 1753 3641 diversorum
1799 3579 1987 3639 habet
2036 3579 2262 3640 locum:
2320 3584 2389 3638 ut
2450 3576 2593 3657 quia
2638 3573 2749 3637 Sol
2796 3582 2865 3635 et
2904 3574 3083 3635 Luna

355 3658 510 3729 'sunt
556 3673 810 3746 aspectu
855 3667 1128 3741 maximi,
1197 3668 1256 3729 iu
1304 3666 1426 3728 illis
1475 3685 1704 3748 quoque
1764 3666 2254 3729 evidentissimae
2302 3672 2445 3727 sunt
2498 3664 2612 3725 hae
2660 3663 2951 3724 virtutes:
3018 3662 3079 3721 iu

369 3755 612 3830 ceteris,
661 3774 910 3835 quarum
959 3756 1254 3817 diameter
1299 3774 1436 3817 cum
1481 3756 1644 3818 Solis
1693 3764 1758 3819 et
1803 3756 2013 3817 Lunae
2056 3754 2364 3818 diametris
2414 3754 2475 3815 in
2517 3770 2713 3833 parva
2758 3768 3079 3830 compara-

371 3844 532 3905 tione
581 3850 694 3919 est,
743 3844 1062 3907 admodum
1101 3846 1322 3919 exiles,
1373 3845 1642 3926 adeoque
1689 3846 1794 3907 vix
1842 3864 1912 3905 ac
1959 3864 2033 3905 ne
2078 3844 2181 3904 vix
2228 3843 2469 3925 quidem
2514 3840 2856 3904 sensibiles,
2944 3840 3077 3901 Ita-

372 3950 484 4011 que
534 3932 716 3995 etiam
763 3934 841 3995 ab
889 3935 1329 4013 astrologorum
1387 3935 1564 3997 turba
1609 3928 1995 4017 {variationes
2068 3933 2282 3995 harum
2330 3932 2711 3995 affectionum
2760 3929 3083 3991 secundum

369 4020 566 4083 dictos
613 4023 822 4085 modos
870 4024 994 4085 fere
1039 4024 1444 4103 negliguntur.

1416 4110 1684 4174 Thesis
1729 4110 2031 4173 XXXVI.

548 4197 830 4278 Sequitur
860 4218 1002 4279 ergo
1051 4200 1173 4261 alia
1219 4218 1422 4276 causa,
1475 4219 1626 4282 quae
1673 4219 1879 4261 omnes
1908 4200 2191 4278 planetas
2230 4197 2567 4279 aequaliter
2604 4196 2859 4281 &tinen
2905 4194 3083 4273 longe
3158 4252 3174 4269 ,

369 4306 550 4369 quam
595 4288 762 4369 prior
804 4289 916 4351 illa
960 4288 1235 4358 nobilior,
1287 4307 1556 4370 quaeque
1586 4289 1774 4350 multo
1804 4289 1941 4368 plus
1972 4287 2387 4351 admirationis
2437 4286 2643 4348 habet.
2738 4284 2897 4346 Nam
2932 4284 3085 4343 haec
3204 4352 3211 4357 ⁴

369 4376 518 4439 nihil
562 4376 948 4439 materiatum
993 4376 1188 4457 sapit,
1249 4379 1361 4440 sed
1419 4378 1646 4441 formae
1703 4378 1998 4440 rationem
2046 4376 2259 4451 habet,
2320 4396 2431 4437 nec
2490 4376 2719 4436 formae
2766 4372 3081 4451 simplicis,

369 4466 482 4528 sed
529 4467 806 4529 animalis
853 4467 1186 4542 facultatis,
1237 4468 1344 4529 sed
1395 4467 1848 4539 intellectiouis,
1895 4466 2006 4527 sed
2054 4465 2425 4545 geometriae
2473 4461 2859 4542 cognitioni&
2944 4460 3081 4522 Non

369 4555 529 4617 enim
573 4555 752 4617 lineis
799 4557 986 4618 rectis
1035 4574 1110 4616 ex
1155 4554 1454 4617 sideribus
1501 4556 1756 4637 siugulis
1803 4556 2091 4618 virtutem
2136 4554 2320 4625 elicit,
2370 4553 2477 4615 sed
2507 4551 2783 4614 binorum
2819 4550 3083 4613 siderum

369 4650 660 4706 coeuntes
709 4644 768 4705 in
820 4645 1008 4707 Terra
1051 4642 1257 4706 radios
1309 4644 1616 4716 aestimat,
1665 4644 2027 4725 geometrice
2058 4643 2329 4717 coierint,
2380 4661 2455 4703 an
2497 4638 2759 4719 ἀλογως;
2808 4656 2919 4700 nec
2946 4640 3083 4699 'cum

274 4744 283 4751 ·
368 4731 504 4811 ipsa
547 4732 784 4796 silentis
834 4734 1042 4795 Lunae
1092 4732 1264 4807 facie,
1317 4734 1554 4815 quaudo
1602 4733 1746 4795 nulli
1795 4734 1875 4794 ad
1914 4733 2165 4795 Terram
2210 4730 2582 4793 descendunt
2615 4728 2791 4803 radii,
2840 4726 3079 4789 exstin-

368 4820 591 4900 guitur,
643 4823 754 4884 sed
799 4822 1030 4885 radium
1059 4828 1204 4883 tunc
1241 4823 1710 4885 descendentem
1738 4822 2134 4901 imaginatum
2184 4838 2299 4881 uon
2332 4818 2673 4898 impeditur,
2726 4836 2857 4879 cum
2888 4816 3078 4878 Terra

365 4928 480 4973 nos
522 4910 680 4975 inter
739 4918 806 4975 et
847 4912 1064 4975 stellas
1111 4911 1546 4993 interponitur,
1603 4912 1718 4975 sed·
1775 4912 1935 4975 infra
1989 4912 2253 4973 latentes
2310 4926 2497 4991 supra
2550 4906 2737 4971 etiam
2782 4925 3071 4989 operosas
