3634 5575
570 365 656 457 ’Ἱέ
1762 390 2091 443 Prooemium.

566 554 724 604 demit
760 549 913 601 durch
946 553 1083 601 ‘dieze
1120 551 1301 600 eissere
1334 550 1591 608 unsierde.
1628 550 1738 600 suff
1753 549 1941 602 welche
1981 549 2244 618 (1103001ςο,
2282 565 2338 601 so
2373 552 2454 602 die
2475 552 2748 603 ffirnemte
2771 551 2941 603 Kunst
2973 551 3064 604 des
3097 551 3298 604 werck:

566 627 644 674 nit
678 622 954 684 τοι-0101100,
995 623 1057 671 vil
1090 621 1231 672 mehr
1268 623 1348 672 ala
1382 621 1492 672 auff
1522 623 1613 670 das
1650 621 1834 673 andere
1871 623 2042 680 sehon,
2079 625 2160 672 nit
2191 623 2356 687 gleich
2391 625 2460 672 im
2493 629 2662 674 ersten
2695 624 2995 676 anschaven
3029 623 3300 676 offendiret

570 696 671 746 und
704 710 761 744 es
796 693 877 744 bei
913 693 1017 744 sich
1054 697 1131 743 nit
1164 709 1217 742 so
1254 692 1658 742 hochzuschezen
1696 695 1799 742 und
1835 692 1966 744 auch
2004 695 2101 744 alle
2135 693 2488 760 Μίκων-00010
2525 695 2722 746 Kosten
2759 698 2836 744 fiir
2870 693 3194 760 ungebr‘auch
3231 709 3300 744 zu

565 766 737 816 halten
785 765 889 813 sich
936 765 1266 814 understehen
1302 763 1514 814 werden.
1594 763 1764 812 Damit
1801 764 1920 814 aber
1965 767 2022 828 ja
2059 765 2132 814 dis
2168 765 2330 814 werck
2367 766 2470 814 und
2504 765 2821 815 Kunststiick
2858 782 2918 815 zu
2955 769 3143 816 seinem
3181 781 3292 814 rer·

530 833 755 885 -boffizen
794 835 901 884 End
938 835 1135 884 moehte
1173 833 1411 900 gebracht
1446 833 1657 892 werden,
1698 849 1750 884 so
1788 836 1854 883 ist
1893 833 2128 896 (welches
2165 835 2260 898 bey
2298 835 2354 884 Ε.
2387 837 2440 884 F.
2482 837 2542 886 G.
2581 837 2913 902 underthfinig
2949 837 3297 902 anzubringen

568 922 622 956 er
656 906 789 956 mich
824 902 1075 965 ersuchet)
1113 903 1181 954 Μ.
1222 905 1427 968 Kepleri
1464 905 1795 971 underthonig
1839 907 2052 971 begeren
2070 943 2082 964 ,
2137 905 2192 955 Ε.
2233 907 2286 954 F.
2329 905 2388 955 G.
2435 905 2576 956 volle
2623 908 2809 974 guedig
2843 907 3061 958 Bovelch
3106 909 3294 973 geben,

566 979 661 1028 das
698 977 779 1026 die
816 991 981 1042 ganne
1014 977 1177 1026 werck
1215 979 1311 1026 ime
1346 974 1543 1025 rnechte
1580 991 1643 1024 zu
1678 979 1850 1026 seinen
1887 977 2102 1028 Handen
2141 978 2274 1043 gehn
2313 975 2462 1028 Grata
2499 979 2783 1045 iibergeben
2819 979 3046 1040 werden,
3097 979 3298 1029 solches

567 1048 749 1100 wieder
783 1063 878 1096 von
924 1063 1033 1098 new
1070 1049 1145 1096 nit
1184 1062 1317 1096 zvar
1352 1049 1402 1095 in
1438 1047 1616 1106 silber‚
1676 1048 1888 1098 sondern
1939 1051 1989 1098 in
2035 1049 2228 1112 Kupfer
2277 1049 2396 1098 oder
2437 1049 2662 1115 Messing
2705 1052 2796 1099 mit
2829 1051 3140 1116 301101000οι-
3177 1050 3302 1098 Zier

570 1121 889 1184 anzufangen
958 1119 1057 1168 und
1124 1134 1186 1167 zu
1251 1117 1521 1167 volffihren.
1613 1118 1799 1168 Hierzu
1853 1120 2140 1184 verspreche
2196 1135 2249 1170 er
2269 1155 2283 1176 ‚
2355 1119 2446 1168 das
2502 1135 2554 1170 er
2605 1123 2682 1170 nit
2731 1137 2826 1170 nur
2879 1121 2957 1170 die
3014 1121 3296 1184 dispositio-

568 1203 682 1240 nem
721 1191 908 1240 orbium
945 1189 1255 1252 planetarum
1291 1191 1381 1238 mit
1418 1189 1557 1236 ihren
1596 1190 1876 1253 corporibus
1915 1191 2228 1255 geometricis
2280 1189 2616 1254 regularibuS‚
2667 1193 2760 1241 wie
2809 1207 2861 1242 er
2896 1189 3144 1241 vormalen
3183 1205 3296 1239 vor-

566 1261 756 1310 habens
794 1267 1005 1325 gewesst
1025 1296 1038 1319 ,
1096 1261 1306 1309 sondern
1357 1257 1487 1309 auch
1522 1259 1721 1310 iiberdis
1758 1261 1837 1310 die
1881 1269 2046 1310 motus
2097 1261 2279 1318 selbst,
2330 1264 2423 1311 wie
2461 1262 2540 1310 die
2575 1263 2812 1326 planetae
2847 1265 2897 1311 in
2935 1263 3072 1312 coelo
3107 1262 3296 1328 gehen,

570 1333 741 1382 darein
779 1333 983 1396 bringeri
1020 1331 1178 1380 velie.
1260 1331 1413 1380 Dann
1450 1332 1681 1380 sintemal
1719 1347 1772 1381 er
1806 1331 2048 1382 00010010-
2083 1333 2234 1398 lange
2268 1333 2382 1382 Zeit
2415 1335 2506 1382 mit
2542 1333 2683 1384 disen
2725 1333 3000 1384 Gednnken
3035 1333 3298 1399 mnbgeht.

564 1403 666 1454 und
701 1402 1051 1452 nachtrachtet
1062 1435 1081 1464 ,
1132 1407 1279 1466 atque
1327 1401 1431 1452 dies
1470 1401 1599 1452 diem
1636 1403 1817 1453 doceat
1833 1437 1848 1460 ,
1901 1417 1954 1452 so
2001 1417 2120 1466 seye
2170 1419 2222 1454 er
2266 1403 2396 1454 auch
2433 1404 2538 1454 auff
2583 1405 2755 1454 horum
2791 1406 2978 1454 orbium
3011 1413 3175 1456 motus
3211 1419 3301 1453 ιόι·

568 1489 731 1540 augeu
770 1489 832 1522 zu
868 1473 1045 1522 stellen
1093 1473 1340 1522 bedacht:
1398 1473 1499 1522 also
1538 1473 1628 1524 das
1666 1489 1720 1525 er
1754 1473 1988 1534 verhoflt,
2039 1475 2096 1524 E.
2133 1475 2188 1524 F.
2230 1476 2292 1525 G.
2331 1475 2530 1526 werden
2567 1477 2645 1526 ein
2683 1476 2885 1526 sonders
2921 1475 3164 1542 gnadiges
3201 1491 3294 1541 ge·

568 1543 722 1594 fallen
762 1543 920 1594 daran
954 1543 1136 1593 haben.

706 1614 915 1664 Dieweil
951 1615 1081 1665 deun
1120 1613 1361 1680 gnadiger
1399 1608 1545 1663 Furst
1579 1613 1683 1663 und
1706 1613 1836 1664 Herr
1869 1616 2000 1664 diess
2037 1615 2159 1672 also,
2195 1617 2299 1666 und
2335 1615 2424 1665 Ich
2458 1617 2590 1665 mein
2625 1617 2959 1682 underthonig
2987 1617 3296 1668 Bedencken

574 1687 703 1736 auch
739 1686 869 1735 dazu
906 1699 967 1734 ιιι
1004 1687 1166 1750 geben
1200 1685 1441 1750 schuldig.
1478 1684 1611 1734 mich
1648 1687 1766 1735 aber
1790 1687 1878 1735 des
1905 1687 2092 1736 werck·
2136 1688 2326 1752 anfang
2363 1688 2474 1738 dem
2511 1688 2773 1752 kunffigen
2798 1703 2852 1738 so
2875 1689 3044 1754 folgen
3067 1688 3176 1745 soll,
3219 1691 3298 1738 nit

566 1765 739 1822 gemas
776 1756 1045 1814 bedunket‚
1087 1756 1190 1806 also
1216 1757 1296 1806 wil
1322 1758 1379 1805 Ε.
1402 1757 1456 1806 F.
1481 1757 1539 1805 G.
1576 1756 1658 1806 ich
1694 1757 2071 1823 underthonigst
2107 1774 2169 1808 zu
2207 1759 2464 1809 bedenken
2499 1761 2678 1826 geben,
2715 1775 2770 1808 so
2797 1775 2851 1808 es
2888 1760 3000 1809 dem
3035 1760 3292 1824 gnsdigeu

568 1827 729 1878 Herrn
764 1828 971 1894 gesallig
1007 1834 1165 1889 vare,
1216 1829 1277 1876 ob
1322 1830 1393 1878 sie
1430 1828 1607 1876 wellen
1644 1828 1796 1878 durch
1841 1829 2092 1894 gnedigeu
2129 1829 2344 1880 Bevelch
2382 1845 2474 1880 von
2510 1832 2608 1878 ime
2646 1829 2717 1878 M.
2755 1831 2971 1894 Keplero
3009 1845 3072 1878 zu
3107 1833 3290 1879 wissen

568 1899 811 1964 begeren.
862 1913 964 1946 was
1002 1899 1104 1947 und
1139 1899 1229 1946 wie
1268 1913 1321 1947 er
1358 1899 1446 1948 das
1483 1898 1666 1950 Werck
1702 1899 1842 1948 recht
1879 1900 2225 1949 auszurichten
2265 1901 2557 1960 vorhabens‚
2613 1899 2740 1949 auch
2776 1915 2879 1950 vas
2924 1913 2977 1950 er
3013 1901 3091 1950 fur
3128 1907 3295 1950 motus

568 1971 739 2019 darein
778 1983 842 2018 zu
876 1969 1084 2033 bringen
1122 1970 1353 2034 gesinnet
1388 1983 1531 2019 were.
1609 1969 1706 2019 Mir
1755 1971 1966 2020 zweiflet
2010 1971 2178 2028 nicht,
2227 1973 2352 2022 solte
2399 1971 2472 2020 dis
2517 1971 2652 2020 werk
2695 1973 2762 2020 im
2798 1971 2868 2021 M.
2913 1971 3126 2035 Keplero
3161 1971 3297 2021 noch

566 2043 647 2090 ein
682 2041 782 2090 mal
818 2053 882 2090 su
918 2042 1129 2104 eigeuen
1162 2039 1383 2090 Handen
1418 2041 1663 2097 kommen,
1701 2055 1757 2090 er
1790 2041 1960 2092 vin-de
1997 2044 2078 2092 ein
2113 2042 2315 2092 sonders
2351 2041 2562 2093 Meister
2597 2043 2700 2092 und
2734 2043 3048 2094 Kunststiick
3083 2043 3292 2092 turneh-

564 2125 709 2168 men.
765 2109 975 2160 welches
1030 2111 1125 2173 bey
1172 2112 1273 2160 und
1320 2113 1483 2162 neben
1530 2111 1715 2162 andern
1756 2111 2138 2164 Kunststiicken
2183 2115 2276 2162 vol
2321 2115 2427 2164 sein
2481 2120 2558 2164 ort
2593 2115 2694 2164 und
2729 2114 2864 2178 platz
2901 2115 3026 2164 selte
3063 2114 3293 2166 erhalten

565 2183 782 2235 konnen.
840 2181 1043 2232 Solches
1068 2183 1310 2247 gnadiger
1334 2184 1481 2232 Fiirst
1504 2184 1607 2233 und
1632 2183 1759 2233 Herr
1783 2183 1881 2246 hab
1918 2184 1999 2234 ich
2023 2184 2356 2250 underthonig
2394 2200 2458 2234 zu
2493 2184 2754 2236 bedenken
2788 2183 2950 2250 geben
2987 2185 3158 2242 sollen,
3199 2181 3294 2236 &a

562 2249 575 2259 ⁸
706 2253 819 2302 Act.
860 2247 985 2301 Tfib.
1028 2249 1111 2302 22.
1152 2253 1293 2302 Febr.
1338 2249 1491 2303 1598.
3016 2265 3024 2270 ·

702 2375 841 2426 Idem
879 2374 925 2424 d.
967 2372 1051 2424 27.
1091 2377 1207 2438 Apr.
1246 2371 1320 2438 (7.
1360 2374 1509 2438 Maj.)
1552 2372 1689 2426 1597
1727 2377 1822 2427 hac
1862 2377 1923 2428 de
1959 2393 2013 2427 re
2050 2377 2267 2442 Keplero
2305 2381 2604 2444 scripserat:

708 2463 879 2528 Nuper
916 2463 1257 2528 Stutgardiam
1296 2471 1499 2514 vocatus
1548 2480 1655 2514 sum
1702 2471 1899 2529 propter
1949 2472 2088 2516 tuum
2126 2482 2246 2530 opus
2283 2469 2678 2518 astronomicum.
2755 2469 3018 2518 Aurii'aber
3051 2469 3102 2518 in
3141 2481 3292 2532 opere

568 2551 655 2585 suo
689 2550 895 2600 pergere
930 2549 1029 2584 non
1064 2535 1239 2598 potuit.
1320 2535 1443 2584 Cum
1481 2536 1726 2593 venirem,
1764 2537 1959 2587 invenio
1997 2537 2196 2602 globum
2231 2539 2450 2588 nondum
2487 2539 2630 2603 plene
2669 2553 2778 2588 esse
2817 2539 3098 2596 coelatum;
3135 2537 3288 2587 infor-

568 2607 836 2656 mationem
871 2607 1022 2670 igitur
1057 2606 1401 2655 nonnullarum
1439 2606 1691 2656 Stenarum
1731 2607 1805 2655 vel
1841 2607 2115 2672 imaginum
2141 2610 2361 2672 petebat.
2423 2610 2558 2674 Opus
2583 2611 2712 2674 quod
2737 2610 3016 2659 absolutum
3041 2615 3132 2666 est,
3169 2609 3292 2658 mihi

568 2677 763 2741 placet,
820 2677 949 2726 sicut
1000 2684 1051 2726 et
1096 2677 1214 2734 tibi;
1270 2678 1447 2726 stellae
1492 2692 1593 2726 non
1642 2677 1902 2742 eleganter
1949 2679 2234 2742 exsculptae
2283 2688 2415 2730 sunt.
2491 2680 2690 2730 Contuli
2735 2695 2848 2730 cum
2885 2681 3100 2730 Domino
3143 2677 3290 2729 Luca

571 2746 833 2805 Osiandro,
870 2749 953 2812 qui
978 2748 1299 2812 opere'veteri
1324 2747 1575 2799 destructo
1598 2747 1719 2799 illud
1742 2750 1805 2799 de
1831 2763 1953 2799 novo
1979 2764 2087 2799 esse
2123 2752 2453 2815 incipiendum
2483 2752 2694 2815 judicat,
2732 2753 3022 2816 praesertim
3060 2765 3172 2802 cum
3207 2751 3288 2801 m.

570 2820 805 2883 Princeps
840 2819 961 2869 illud
996 2821 1125 2869 inter
1170 2833 1262 2871 sua
1306 2821 1492 2869 rariora
1536 2820 1817 2871 artificialia
1855 2836 2088 2885 reponere
2141 2822 2387 2874 desideret
2401 2859 2414 2881 ,
2471 2824 2748 2888 multosque
2803 2831 2991 2875 sumtus
3045 2826 3283 2889 requirat.

572 2890 833 2939 Aurisaber
869 2892 1103 2939 aestimat
1137 2890 1244 2939 illos
1287 2888 1422 2938 1000
1458 2891 1669 2939 florenis.

704 2962 893 3011 Postea
928 2962 974 3009 d.
1019 2959 1100 3009 11.
1129 2959 1215 3009 21.
1240 2960 1339 3011 Jul.
1380 2964 1557 3011 iterum
1592 2962 1760 3011 scribit
1794 2962 2119 3013 Maestlinus:
2177 2964 2257 3014 De
2295 2979 2440 3029 opere
2477 2972 2563 3014 tuo
2599 2965 2758 3015 multa
2792 2957 2972 3015 lubens*
3003 2964 3284 3017 scriberem.

570 3032 755 3083 Laetor
792 3031 1106 3081 vehementer
1142 3040 1231 3081 tua
1266 3032 1642 3093 informatione3
1695 3034 1933 3083 confiteor
1967 3030 2099 3083 enim
2135 3050 2298 3085 meam
2336 3036 2616 3086 infantiam.
2689 3033 2870 3086 Nescio
2906 3050 3132 3101 prorsus,
3165 3051 3284 3101 quo-

566 3103 709 3152 modo
747 3103 1020 3165 adaptandi
1056 3104 1155 3151 sint
1191 3105 1455 3153 exteriores
1489 3105 1703 3155 maxime
1741 3106 1926 3155 circuli.
2003 3105 2186 3156 Globus
2218 3108 2324 3168 jam
2362 3108 2426 3156 ad
2463 3121 2640 3157 manus
2677 3115 2754 3157 est
2773 3144 2788 3163 ,
2827 3114 2879 3157 et
2915 3108 3164 3159 aurifaber
3199 3106 3284 3157 de-

565 3175 752 3224 siderat
788 3175 1211 3239 consignationem
1248 3175 1500 3224 stellarum
1536 3176 1695 3224 minus
1734 3182 1869 3225 reete
1908 3175 2284 3227 delineatamm.
2359 3178 2491 3228 Ecce
2532 3193 2589 3228 00
2626 3192 2704 3227 res
2739 3179 2983 3242 perducta
3013 3186 3090 3228 est
3109 3214 3123 3235 ,
3159 3179 3209 3227 h.
3237 3195 3285 3229 e.

567 3246 758 3295 videtur
787 3248 901 3307 jam.
932 3245 1129 3294 cuidam
1164 3246 1400 3308 principio
1447 3246 1670 3309 principii
1717 3246 1903 3296 similis.
1977 3246 2083 3312 Ego
2134 3248 2450 3299 vehementer
2495 3248 2668 3299 dubius
2718 3264 2824 3298 sum
2843 3286 2856 3307 ,
2910 3250 3288 3300 dissolvendane

564 3310 841 3367 machina?
880 3321 935 3365 at
967 3322 1135 3365 metuo
1167 3316 1487 3365 offensionem
1512 3318 1759 3380 principis,
1794 3324 1996 3382 propter
2019 3327 2208 3369 sumtus
2240 3322 2348 3383 qam
2373 3322 2564 3377 factosg
2603 3334 2668 3369 an
2690 3323 2746 3370 in
2769 3334 2920 3385 opere
2941 3322 3248 3386 pergendum
3261 3320 3286 3371 2

568 3389 639 3437 At
671 3394 867 3445 metuo,
920 3402 985 3437 ne
1008 3388 1381 3439 2oonsecutione
1424 3388 1537 3437 finis
1582 3388 1844 3439 frustreris.
1921 3388 2066 3449 Quod
2107 3392 2150 3441 si
2199 3391 2274 3441 111.
2313 3392 2547 3455 Princeps
2583 3406 2697 3441 eam
2729 3394 2954 3456 pretiosis
2991 3396 3092 3441 suis
3127 3392 3286 3443 artifi-

569 3458 775 3509 cialibus
813 3472 1139 3509 annumerare
1174 3458 1405 3515 voluerit,
1458 3462 1686 3509 convenit
1702 3496 1716 3515 .
1766 3466 1824 3510 ut
1867 3462 1932 3509 sit
1983 3476 2103 3525 opus
2141 3477 2292 3525 opera
2328 3470 2379 3511 et
2415 3470 2582 3513 sumtu
2617 3463 2835 3527 dignum.
2909 3466 2978 3513 At
3013 3465 3097 3528 qui
3131 3466 3288 3529 primo

566 3531 914 3591 intuebuntur,
971 3530 1134 3595 ignari
1170 3530 1351 3580 interni
1398 3530 1622 3588 artificii,
1675 3530 1986 3581 offendentur
2023 3532 2156 3582 haud
2195 3532 2338 3583 dubio
2376 3540 2583 3583 externa
2617 3534 2722 3584 rudi
2760 3534 3028 3597 sculptura.
3099 3531 3288 3583 Verum

566 3616 658 3669 ego
698 3616 809 3651 cum
845 3600 909 3650 D.
949 3600 1205 3651 Directore
1242 3600 1307 3650 D.
1345 3600 1715 3667 EisengreiniO.
1753 3603 1844 3652 tibi
1884 3604 2064 3665 optime
2103 3605 2351 3667 cupiente,
2391 3612 2442 3654 et
2477 3604 2594 3654 DD.
2637 3604 2908 3663 Osiandris,
2945 3604 3016 3655 M.
3055 3605 3200 3656 Luca
3235 3616 3289 3655 et

566 3672 653 3731 D„
672 3672 875 3721 Andrea
912 3673 1179 3730 conferam,
1216 3678 1359 3722 tuum
1402 3676 1553 3723 etiarn
1600 3674 1873 3732 consilium,
1911 3674 2030 3724 licet
2066 3675 2303 3733 absentis,
2341 3682 2566 3726 attamen
2601 3677 2894 3741 per-literas
2933 3676 3199 3726 exhibitum
3233 3677 3288 3726 in

566 3744 783 3795 medium
816 3758 1115 3807 proponam,
1157 3750 1449 3809 nostrasque
1488 3746 1815 3810 cogitationes
1855 3745 2174 3795 conferemus.
2251 3746 2382 3807 Quid
2417 3746 2634 3797 futurum
2671 3750 2756 3807 sit,
2809 3748 2992 3797 faciam
3026 3755 3084 3797 ut
3119 3748 3286 3807 scias3

570 3822 627 3866 at
660 3816 745 3865 ubi
777 3814 887 3878 plus
927 3816 1014 3863 otii
1048 3812 1284 3874 habuero,
1317 3818 1423 3877 jam
1462 3816 1593 3865 euim
1628 3824 1828 3880 propter
1863 3831 2148 3879 responsum
2171 3834 2335 3868 meum
2359 3818 2526 3868 multis
2562 3818 2718 3869 modis
2756 3820 2820 3869 ab
2858 3819 2966 3868 aliis
3004 3820 3286 3882 occupatio-

566 3886 709 3936 nibus
749 3884 1021 3935 abstrahor.
1388 3905 1393 3919 ·

712 3956 912 4005 Lucas
962 3952 1307 4019 Osiander,
1360 3972 1505 4021 quem
1558 3954 1669 4015 hio,
1691 3963 1742 4008 et
1785 3972 1937 4021 supra
1979 3958 2100 4010 dicit
2131 3958 2460 4017 MaestlinuS.
2513 3959 2686 4010 eodem
2738 3975 2830 4025 quo
2869 3958 3116 4024 Keplerus
3155 3974 3286 4009 anno

568 4022 764 4090 (1571,
802 4022 851 4076 6.
888 4022 1041 4089 Mai.)
1088 4033 1237 4077 natus
1260 4062 1275 4089 ,
1322 4027 1453 4078 inter
1489 4027 1683 4079 sodales
1720 4030 1888 4093 {psius⁸
1908 4031 2240 4081 numerandus
2277 4038 2380 4087 est,
2438 4045 2736 4097 quamquam
2781 4045 2880 4083 non
2919 4045 3030 4081 curn
3067 4030 3149 4080 1110
3187 4033 3293 4097 egit

566 4114 655 4162 per
689 4100 873 4149 literas.
951 4093 1103 4147 Filius
1149 4108 1226 4147 est
1261 4094 1433 4149 Lucae
1471 4106 1523 4149 et
1558 4115 1709 4163 nepos
1747 4100 1980 4151 Andreae
2019 4102 2275 4160 Osiandri‚
2327 4102 2664 4169 theologorum
2699 4102 2828 4152 illius
2862 4103 3094 4166 temporis
3130 4105 3284 4151 notis-

566 4171 829 4226 simorum,
865 4170 971 4233 ipse
1010 4183 1229 4233 quoque,
1276 4170 1407 4220 sicut
1442 4170 1596 4221 frater
1632 4178 1757 4221 natu
1790 4174 1950 4233 010]οι-
1985 4174 2206 4224 Andre
2225 4188 2293 4223 as
2333 4172 2462 4235 (nat.
2504 4170 2686 4235 1562),
2725 4174 3072 4224 ecclesiasticis
3107 4174 3283 4240 funge-

568 4242 713 4291 batur
748 4240 1047 4298 muneribus,
1084 4239 1166 4289 ille
1203 4248 1309 4289 tum
1346 4242 1576 4305 temporis
1612 4252 1780 4306 pastor
1806 4242 2276 4311 Schwiebertingae‚
2309 4245 2390 4295 hic
2416 4247 2734 4295 concionator
2758 4245 2906 4295 aulae
2935 4244 3282 4311 Stuttgartiae.

569 4310 785 4377 Uterque
823 4312 1106 4361 cancellarii
1143 4327 1345 4361 munere
1389 4314 1723 4363 universitatis
1760 4314 2088 4381 Tubingensis
2138 4323 2365 4379 suscepto
2383 4350 2396 4374 ,
2450 4318 2678 4367 Andreas
2724 4330 2855 4367 anno
2897 4310 3032 4365 1605
3052 4354 3066 4379 ‚
3119 4314 3285 4366 Lucas

576 4378 741 4438 1620.
779 4384 910 4432 diem
946 4382 1066 4432 obiit
1100 4382 1181 4435 ille
1224 4380 1389 4443 1617,
1428 4384 1507 4434 hic
1548 4380 1703 4435 1638.

710 4539 1049 4602 Keplerua
1083 4542 1151 4592 ad
1184 4542 1355 4595 literas
1390 4542 1644 4595 Maestlini
1679 4546 1974 4609 posteriores
2008 4545 2136 4595 haec
2169 4547 2424 4611 respondit
2459 4545 2530 4610 (d.
2571 4549 2759 4608 Gratio,
2799 4546 2938 4611 Sept.
2981 4544 3176 4607 mon:

746 4642 907 4717 Quid
955 4648 1026 4708 de
1072 4646 1295 4712 infelici
1343 4650 1446 4712 illo
1487 4669 1664 4731 opere
1714 4661 2032 4731 argenteO,
2081 4653 2194 4715 hoo
2242 4661 2340 4715 est
2385 4654 2458 4713 de
2497 4670 2589 4714 me
2627 4652 2796 4733 ipse,
2846 4661 3139 4717 statutum
3179 4653 3280 4729 sit,

570 4735 750 4797 anxie
812 4744 1063 4814 expecto
1130 4739 1357 4801 audire.
1452 4740 1669 4802 Adhuc
1727 4740 1783 4801 in
1825 4760 1959 4803 eam
2016 4741 2236 4803 inclino
2291 4738 2683 4817 sententiam,
2746 4751 2814 4804 ut
2849 4751 2956 4805 aut
3021 4742 3282 4823 sphaera

566 4824 679 4885 fiat
726 4824 1074 4905 „antiquum
1121 4829 1371 4889 confusa
1416 4830 1673 4903 chaoe.‚“
1726 4840 1789 4891 et
1835 4831 1996 4892 omni
2043 4841 2274 4913 conatu*
2309 4831 2591 4892 ulteriore
2631 4832 3097 4911 supersedeatur
3107 4852 3124 4905 ;
3175 4840 3281 4893 aut

566 4920 909 4997 argentum,
960 4914 1118 4995 quod
1153 4914 1283 4995 jam
1330 4928 1641 4997 erogatum
1688 4926 1812 4994 eet,
1863 4928 2149 5001 quantum
2187 4921 2428 5002 quidem
2473 4922 2601 5001 ejus
2647 4921 2710 4981 in
2747 4940 2951 4983 massa
2979 4930 3278 5003 superest,
