3634 5575
1485 409 1662 456 com
1695 402 1893 456 Ursum.
2468 397 2474 406 '
2636 447 2655 454 -
2702 421 2717 428 -
2911 407 3045 492 μ3

323 558 402 618 ad
449 565 832 624 astronomos
877 558 1194 620 Eudoxum
1239 567 1306 620 et
1349 558 1670 640 Calippum
1717 580 1828 624 nos
1876 561 2200 642 ablegavit,
2252 573 2315 626 et
2360 564 2632 644 quamvis
2678 565 2739 630 in
2788 565 3040 648 quibus-

325 646 464 708 dam
514 646 943 718 dissentientes
992 648 1246 722 videret,
1301 655 1588 728 utrosque
1634 649 1827 710 voluit
1869 650 1947 711 ob
1992 650 2325 714 adhibitam
2362 651 2737 732 diligentiam
2780 662 2847 716 et
2872 675 3041 723 com-

325 733 690 802 municatam
735 743 1004 800 motuum
1049 735 1388 798 doctrinam
1435 737 1810 800 venerandos
1859 747 1923 800 et
1966 739 2277 814 amandoS‚
2324 741 2685 804 audiendum
2731 762 2895 819 vero,
2942 745 3050 832 qui¹

323 841 501 902 quam
547 822 886 886 rectissime
934 842 1060 885 rem
1107 824 1440 904 expediret.
1533 826 1737 888 Aliter
1783 844 1929 906 ergo
1986 827 2179 889 sensit
2224 828 2593 892 Aristoteles
2651 830 2725 893 de
2772 840 3041 896 veterum

323 911 558 974 illorum
603 919 1080 974 astronomorum
1127 914 1372 994 (quibus
1421 915 1520 994 qui
1567 913 1758 976 secuti
1807 923 1951 977 sunt
2002 934 2119 978 non
2166 916 2554 996 ignobiliores
2615 917 2811 994 fuere)
2861 920 3035 982 labo-

323 1000 488 1062 ribus
537 1007 600 1061 et
644 1001 1130 1080 praeclarissimo
1175 1003 1514 1082 proposito,
1567 1021 1745 1082 quam
1792 1003 2008 1066 Ursus.

500 1086 736 1158 Quarto
781 1089 1020 1152 videtur
1067 1098 1420 1169 argumento
1467 1109 1734 1170 pugnare
1779 1108 1889 1169 pro
1928 1111 2039 1154 sua
2066 1092 2395 1166 sententia,
2445 1111 2561 1155 non
2602 1111 2737 1156 esse
2766 1115 3035 1168 necesse,

325 1186 394 1239 nt
437 1195 618 1238 verae
665 1177 792 1239 sint
837 1180 1280 1240 astronomicae
1327 1177 1726 1261 hypotheses3
1785 1198 1927 1242 nam
1972 1181 2357 1242 crassissima
2414 1181 2477 1244 in
2524 1183 2797 1244 omnibus
2844 1185 3037 1247 adhuc

325 1265 757 1347 hypothesibus
805 1267 1072 1330 absurda
1117 1269 1400 1330 residere.
1498 1268 1726 1330 Verum
1779 1268 1875 1340 id,
1944 1269 2101 1348 quod
2149 1277 2246 1331 est
2302 1270 2602 1349 ignotum,
2666 1273 2887 1352 probat
2930 1292 3038 1354 per

321 1355 488 1416 aliud
534 1355 710 1433 longe
759 1355 1066 1418 incertius.
1161 1357 1386 1418 Verum
1433 1356 1672 1436 quidem
1717 1363 1835 1430 est,
1885 1356 1937 1416 si
1982 1357 2307 1420 absurdum
2352 1367 2417 1420 et
2446 1360 2667 1422 falsum
2711 1360 2776 1421 id
2804 1362 3037 1424 censeri
3064 1361 3080 1369 '

325 1442 540 1516 debet,
592 1444 748 1523 quod
794 1444 894 1504 uni
931 1443 1108 1508 alicui
1154 1445 1454 1508 hominum
1501 1443 1701 1508 coetui
1750 1445 1873 1506 tale
1921 1445 2185 1520 videtur,
2236 1445 2383 1509 nihil
2428 1448 2545 1509 erit
2592 1447 2652 1513 in
2699 1455 2834 1512 tota
2877 1451 3036 1532 phy-

323 1531 600 1610 siologia,
649 1531 806 1612 quod
855 1551 970 1594 non
1017 1551 1124 1612 pro
1169 1531 1546 1596 crassissimo
1595 1533 1857 1594 absurdo
1902 1533 2115 1595 haberi
2162 1533 2362 1596 debet.
2458 1535 2683 1596 Variae
2732 1547 2873 1598 sunt
2918 1537 3033 1599 ho-

324 1619 544 1685 minum
603 1621 972 1695 sententiae,
1040 1619 1190 1684 varii
1245 1631 1461 1700 captus
1521 1621 1913 1700 ingeniorum.
2017 1621 2156 1686 Non
2214 1621 2475 1684 credidit
2518 1622 2843 1686 absurdum
2898 1643 3035 1687 esse

327 1705 713 1787 ceper-nicus,
765 1717 834 1770 ut
877 1709 1068 1772 Terra
1113 1718 1447 1781 moveatur,
1489 1709 1743 1770 fixarum
1789 1716 1967 1771 tanta
2012 1709 2095 1772 sit
2140 1709 2534 1772 immensitas.
2626 1711 2767 1774 Non
2817 1713 3036 1776 existi-

323 1805 454 1860 mat
499 1797 820 1858 absurdum
867 1797 1092 1878 Tycho‚
1140 1807 1210 1860 ut
1251 1799 1532 1878 planetae
1580 1796 1785 1860 Solem
1836 1797 2115 1860 mobilem
2168 1817 2277 1860 ceu
2325 1805 2595 1860 centrum
2642 1818 2833 1878 suum,
2882 1819 3035 1881 quo-

323 1904 554 1965 cunque
603 1885 661 1946 id
708 1886 958 1962 secedit,
1023 1894 1354 1966 sequantur
1399 1905 1510 1948 nec
1555 1895 1758 1948 tamen
1807 1905 1951 1948 suos
1998 1895 2195 1948 motus
2253 1887 2557 1951 deserant.
2652 1883 2793 1958 Qua
2846 1889 2921 1950 de
2969 1909 3033 1954 re

325 1974 460 2048 vide
507 1973 976 2052 disputationem
1023 1975 1394 2038 Rothmanni
1441 1993 1574 2036 cum
1615 1975 1897 2055 Tychone
1940 1975 2003 2036 in
2052 1975 2329 2054 epistolis
2377 1975 2817 2038 astronomicis.
2896 1979 3033 2040 Non

323 2071 424 2124 est
487 2063 751 2124 absurda
805 2063 1192 2129 Ptolemaicis
1256 2063 1721 2127 inaestimabilis
1787 2064 1895 2124 illa
1957 2062 2151 2125 ultimi
2216 2062 2369 2126 coeli
2424 2064 2775 2142 pernicitas.
2878 2065 3037 2130 Sunt

325 2153 472 2214 haec
539 2158 608 2212 ut
669 2171 708 2212 a
773 2151 1048 2214 sensibus
1113 2153 1204 2215 ita
1261 2160 1326 2213 et
1381 2171 1420 2212 a
1475 2159 1658 2231 captu
1719 2150 2089 2230 ingeniorum
2152 2159 2491 2234 nostrorum
2548 2153 2897 2228 remotiora,
2971 2163 3035 2226 et

327 2240 510 2304 variis
570 2239 959 2319 disputantur
1011 2241 1404 2320 argumentis.
1497 2241 1700 2320 Atque
1757 2241 1910 2302 haec
1966 2240 2073 2303 illa
2126 2248 2267 2304 sunt
2320 2240 2701 2302 crassissima
2747 2241 3029 2316 absurda,

323 2351 478 2410 qnae
525 2329 762 2410 quidem
811 2327 984 2391 simul
1028 2336 1174 2390 itera
1219 2349 1355 2390 esse
1403 2337 1732 2409 nequeunt,
1793 2347 1910 2416 quo
1956 2329 2056 2403 fit,
2117 2337 2185 2390 ut
2230 2347 2419 2408 neque
2474 2329 2613 2407 plus
2669 2349 2787 2392 una
2832 2330 3027 2412 hypo-

323 2419 582 2482 thesium
629 2419 824 2478 forma
869 2436 1016 2478 vera
1059 2438 1196 2480 esse
1242 2417 1458 2497 possit.
1555 2415 1716 2486 Quid
1761 2427 1967 2480 autem
2022 2436 2097 2478 ex
2144 2417 2239 2478 his
2282 2434 2487 2482 verum
2533 2418 2645 2493 sit,
2711 2418 2851 2498 qnid
2906 2420 3030 2482 fal-

321 2527 472 2580 sum,
524 2525 708 2587 penes
753 2525 895 2568 vere
941 2507 1362 2586 philosophum
1407 2512 1506 2566 est
1549 2505 1889 2568 decernere.
1986 2503 2234 2568 Certum
2282 2513 2483 2566 tamen
2523 2514 2637 2582 est,
2686 2526 2803 2568 non
2832 2508 3034 2568 omnia

323 2615 480 2670 esse,
528 2603 597 2658 ut
641 2595 798 2658 Urso
845 2594 1142 2670 videntur,
1193 2613 1396 2656 crasse
1446 2593 1727 2656 absurda.
1757 2577 1977 2680 [Mihi
2022 2613 2171 2656 sane
2218 2593 2366 2656 nihil
2414 2594 2633 2656 falsum
2664 2593 3033 2674 Copernicus

323 2684 550 2747 dixisse
599 2683 868 2745 videtur:
919 2685 1191 2764 quodque
1237 2683 1386 2744 meis
1433 2700 1540 2762 pro
1589 2681 1921 2760 Copernico
1970 2681 2161 2744 defuit
2208 2683 2603 2761 arginusam,
2652 2683 2714 2745 id
2761 2683 3029 2746 admira-

321 2773 426 2837 bili
477 2773 728 2835 solertia
773 2773 1236 2853 experiundique
1274 2771 1570 2835 industria
1605 2772 1923 2852 supplesse
1956 2771 2193 2835 videtur
2224 2770 2638 2835 Gilbertus
2680 2769 3029 2836 Guiliel-

323 2883 476 2929 mus
523 2862 806 2941 Anglus
853 2863 912 2925 in
957 2882 1020 2923 re
1067 2850 1468 2943 magnetica]

269 3022 288 3032 ,
499 2948 726 3023 Quinto
775 2952 1060 3031 desperat
1105 2970 1284 3013 veras
1329 2949 1696 3031 hypotheses
1753 2948 1812 3011 in
1860 2946 2262 3019 astronomia,
2329 2946 2803 3028 Pyrrhoniorum
2865 2969 3029 3014 more

319 3042 521 3102 omnia
565 3041 796 3103 incerta
843 3040 1090 3102 faciens.
1181 3039 1339 3101 Esse
1387 3038 1678 3119 quosdam
1725 3036 1919 3115 adhuc
1974 3055 2201 3099 naevos
2261 3036 2445 3097 etiam
2502 3036 2579 3097 in»
2608 3037 2833 3115 optime
2876 3057 3027 3100 con-

315 3130 538 3192 stituta
582 3129 956 3192 astronomia
999 3136 1434 3208 proptereaque
1483 3135 1546 3189 et
1591 3126 1652 3187 in
1699 3124 2154 3207 hypothesibus,
2205 3142 2380 3187 nemo
2428 3134 2643 3205 negat:
2712 3133 2775 3188 et
2821 3126 2878 3188 id
2909 3136 3025 3202 est,

317 3238 423 3281 cnr
485 3218 806 3283 hodiedum
877 3218 938 3279 in
995 3214 1378 3279 restitutione
1435 3222 1754 3293 tantopere
1816 3213 2143 3276 laboretur.
2248 3211 2533 3276 Ceterum
2590 3210 2823 3277 incerta
2880 3234 3027 3295 pro-

315 3316 530 3388 pterea
575 3306 777 3371 omnia
823 3324 896 3367 ne
944 3306 1076 3387 quis
1123 3305 1306 3367 dicat.
1383 3304 1624 3365 Invenit
1668 3302 2072 3365 astronomiae
2112 3320 2296 3384 opera
2322 3302 2727 3377 Ptolemaeus,
2774 3304 3027 3367 fixarum

317 3397 638 3476 sphaeram
687 3414 824 3457 esse
869 3394 1260 3468 altissimam,
1311 3393 1480 3473 sequi
1518 3391 1722 3453 ordine
1769 3390 2123 3465 Saturnum,
2170 3390 2424 3465 Jovem,
2473 3390 2773 3467 Martem,
2822 3390 3031 3455 Solem

315 3486 410 3548 his
457 3485 821 3557 inferiorem,
869 3484 1106 3546 Lunam
1149 3482 1434 3545 infimam.
1527 3480 1698 3543 Haec
1744 3488 1910 3540 certe
1958 3497 2104 3539 vera
2148 3487 2289 3541 sunt
2334 3486 2399 3539 et
2436 3480 2661 3541 formae
2691 3481 3027 3543 mundanae

315 3593 601 3637 consona.
695 3574 864 3637 Idem
921 3589 1240 3635 ascensum
1288 3578 1352 3631 et
1395 3570 1752 3633 descensum
1795 3568 2007 3629 Lunae
2066 3566 2241 3629 nimis
2298 3584 2583 3647 magnum
2642 3585 3026 3649 praesuppo-

311 3663 456 3725 snit.
545 3662 645 3723 Ex
689 3663 804 3724 hac
831 3660 1150 3741 hypothesi
1196 3658 1414 3721 falsum
1459 3666 1527 3719 et
1569 3657 1646 3718 ab
1674 3654 1989 3736 apparenti
2018 3654 2231 3719 Lunae
2266 3654 2677 3735 magnitudine
2726 3656 3027 3719 dissidens

311 3751 454 3831 quid
499 3750 672 3831 sequi
715 3750 1232 3830 Regiomontanns
1279 3756 1344 3809 et
1391 3745 1760 3826 Copernicus
1806 3743 2346 3823 deprehenderunt.
2438 3744 2739 3805 Dixerunt
2791 3744 3017 3825 itaque,

311 3840 546 3903 Lunam
591 3858 710 3902 non
757 3846 966 3901 tantos
1013 3838 1210 3899 facere
1259 3836 1454 3898 saltus
1514 3836 1576 3897 in
1621 3834 1810 3897 altum
1858 3841 1925 3894 et
1974 3832 2351 3913 profundum.
2444 3833 2529 3893 Et
2584 3832 2717 3913 quis
2763 3833 3021 3903 dubitat,

311 3929 451 4007 quin
499 3928 612 3990 hoc
659 3946 873 3989 revera
917 3927 1004 3989 sic
1053 3926 1112 3989 in
1157 3924 1326 3987 coelo
1371 3944 1439 3987 se
1497 3921 1769 3986 habeat?
1860 3921 1953 3983 De
2009 3922 2391 4000 proportione
2431 3920 2681 3997 Terrae,
2750 3920 2921 3983 Solis*
2960 3931 3026 3984 et

309 4016 519 4079 Lunae
563 4014 627 4079 ἐν
667 4019 902 4089 alateo,
965 4014 1098 4094 quis
1146 4033 1370 4094 quaeso
1417 4020 1516 4075 est
1560 4012 1659 4091 qui
1707 4010 1969 4084 dubitet,
2020 4010 2138 4071 nisi
2184 4009 2647 4072 melancholicus
2696 4008 2911 4089 aliquis
2960 4017 3026 4071 et

309 4104 843 4184 desperabundus?
935 4104 1036 4167 Ita
1077 4102 1255 4163 hodie
1301 4120 1474 4163 nemo
1521 4119 1698 4181 porro
1746 4108 1846 4162 est
1900 4098 1999 4179 qui
2049 4098 2311 4171 dubitet,
2381 4098 2551 4178 quin,
2612 4098 2769 4177 quod
2816 4106 2914 4161 est
2940 4098 3022 4167 ,in

309 4194 612 4277 Tychonis
667 4200 734 4255 et
787 4190 1105 4273 Copernici
1160 4189 1596 4276 hypothesibus
1659 4206 1999 4262 commune,
2066 4186 2174 4247 Sol
2234 4204 2445 4265 nempe
2503 4195 2775 4248 centrum
2823 4196 3023 4249 motus

307 4280 348 4345 5
397 4284 804 4361 planetarum,
851 4281 913 4343 id
959 4298 1170 4342 revera
1215 4280 1304 4340 sic
1349 4298 1414 4340 se
1463 4279 1688 4340 habeat
1731 4277 1793 4339 in
1841 4276 1973 4355 ipso
2020 4276 2219 4349 coelo,
2286 4275 2405 4336 etsi
2449 4275 2687 4337 interim
2734 4275 2807 4337 de
2854 4284 3021 4339 motu

307 4372 406 4433 vel
443 4373 644 4451 quiete
691 4369 854 4433 Solis
901 4370 1040 4431 hinc
1085 4368 1224 4430 inde
1271 4368 1595 4429 dubitetur.
1691 4365 1867 4427 Talia
1896 4364 2087 4426 multa
2115 4370 2257 4424 sunt
2291 4363 2578 4425 beneficio
2616 4364 3019 4427 astronomiae

307 4460 598 4523 hactenus
654 4460 716 4521 in
776 4458 1030 4538 physica
1083 4456 1342 4519 seientia
1386 4455 1748 4529 constituta,
1811 4448 1964 4533 quae
2023 4452 2201 4515 fidem
2246 4452 2307 4513 in
2361 4460 2673 4532 posterum
2718 4463 3023 4517 merentur

307 4558 372 4610 et
417 4568 630 4611 revera
675 4548 764 4609 sic
811 4566 878 4609 se
923 4546 1170 4621 habent,
1221 4554 1288 4608 ut
1333 4544 1476 4607 Ursi
1521 4542 1867 4622 desperatio
1916 4542 2044 4603 sine
2091 4560 2277 4604 causa
2326 4542 2426 4603 sit.

485 4636 678 4701 Sexto
722 4636 1014 4716 plurimas
1061 4635 1150 4697 ait
1193 4633 1614 4716 hypothesium
1653 4632 1879 4693 formas
1925 4628 2185 4710 confingi
2236 4648 2438 4711 posse.
2528 4628 2703 4691 Adeo
2750 4628 2883 4718 leve
2930 4630 3021 4693 illi

303 4727 616 4807 negotium
663 4734 760 4788 est
821 4724 1236 4807 hypotheseon
1293 4721 1666 4785 constitutio.
1757 4719 1851 4782 At
1908 4738 1983 4783 ea
2036 4720 2217 4799 plena
2271 4717 2493 4781 laboris
2559 4726 2655 4780 est
2714 4725 2777 4781 et
2838 4738 3016 4783 curae

305 4833 606 4887 summae,
673 4815 830 4894 quod
878 4813 1095 4875 testari
1139 4820 1454 4891 poterunt,
1504 4809 1604 4890 qui
1650 4828 1788 4870 eam
1833 4809 2250 4887 degustarunt.
2340 4804 2717 4869 Praesidium
2776 4809 3015 4889 quidem

303 4903 492 4967 habet
538 4905 688 4967 haec
733 4900 1042 4967 sententia
1087 4901 1434 4965 nonnullum
1480 4900 1539 4961 in
1588 4917 1680 4968 eo,
1728 4898 1887 4978 quod
1916 4898 2109 4960 Ursus
2146 4894 2379 4959 nonnisi
2426 4894 2671 4959 fictitias
2718 4917 2853 4959 esse
2888 4898 3019 4959 vult

2466 4998 2589 5053 10*
