3634 5575
1375 406 1541 474 cspuz
1571 407 1706 462 xxr.
1743 407 1905 462 xxn.
2081 417 2085 420 ’
2386 367 2393 372 ’
2875 409 2990 478 181

973 593 1064 656 IN
1111 591 1391 658 CAPUT
1435 592 1919 660 VICESIMUM
1962 596 2305 664 PRIMUM

1321 717 1553 770 nom:
1594 707 1953 772 merolus.

433 819 493 890 a)
535 823 898 896 Supervacua
945 823 1065 894 jam
1121 843 1284 897 porro
1328 834 1416 882 est
1472 827 1616 881 haec
1673 828 2028 897 conjectatio.
2113 830 2263 884 Vera
2316 828 2461 883 enim
2518 828 2873 899 proportione
2914 829 2996 884 in·

271 911 461 969 venta,
503 904 561 958 in
603 920 714 976 qua
755 905 1005 959 defectus
1046 905 1214 974 plane
1257 907 1460 970 nullus,
1505 907 1631 977 quid
1673 907 1804 962 mihi
1848 927 1987 979 opus
2032 918 2121 964 est
2162 909 2304 964 falso
2346 909 2608 964 defectu?

432 978 498 1052 b)
543 984 689 1048 Quia
745 1002 849 1038 nec
907 1001 1141 1055 corpora
1195 1003 1294 1041 seu
1343 988 1561 1059 figurae
1621 988 1776 1041 solae
1818 988 2061 1045 formant
2112 988 2413 1044 intervalla
2452 991 2833 1059 planetarum,
2896 1005 3000 1044 neo

269 1071 516 1120 motuum
559 1064 692 1118 talis
731 1063 789 1118 in
829 1063 1104 1118 individuo
1149 1071 1236 1120 est
1278 1067 1581 1136 proportio.
1664 1069 1754 1122 Ita
1795 1075 2089 1140 utrumque
2131 1069 2189 1124 in
2230 1085 2416 1124 errore
2456 1070 2807 1125 versabatur.

433 1141 486 1209 c)
534 1143 846 1199 conciliata
885 1151 1015 1198 sunt
1054 1145 1200 1200 inter
1243 1164 1302 1200 se
1344 1147 1486 1201 libro
1529 1147 1595 1201 V.
1639 1147 2114 1204 Harmonicorum.

431 1217 496 1293 d)
534 1223 724 1278 Posito
785 1225 918 1278 orbe
981 1225 1252 1295 perihelio
1292 1226 1553 1289 Veneris,
1617 1227 1704 1280 cui
1761 1230 2064 1283 octaedron
2120 1229 2461 1285 inscribatur
2514 1227 2759 1298 partium
2821 1227 2994 1292 1000,

271 1310 469 1359 centra
510 1303 758 1358 octaedri
801 1304 1092 1360 distabunt
1131 1321 1168 1359 a
1207 1312 1400 1362 centro
1441 1306 1765 1377 systematis
1815 1309 2076 1378 partibus
2120 1308 2263 1373 559,
2324 1325 2447 1364 cum
2486 1307 2747 1364 Mercurii
2789 1323 2999 1364 summa

270 1384 544 1439 distantia
587 1401 662 1438 ex
690 1383 994 1454 Copernico
1039 1393 1326 1455 promatur
1356 1385 1490 1451 723,
1536 1385 1719 1442 media
1746 1388 1881 1454 500,
1923 1389 2115 1460 itaque
2155 1396 2442 1458 punctum,
2490 1389 2586 1442 ubi
2630 1387 2997 1444 terminantur

269 1470 464 1536 partes
515 1463 648 1526 559,
697 1471 788 1518 est
831 1464 888 1517 in
929 1463 1052 1533 ipso
1100 1465 1284 1534 spatio
1331 1483 1430 1520 seu
1481 1466 1837 1537 spissitudine
1884 1469 2061 1531 orbis;
2104 1474 2167 1522 at
2210 1486 2318 1523 non
2364 1467 2419 1523 in
2463 1469 2659 1532 medio,
2708 1469 2805 1555 sed
2850 1467 2999 1522 inter

271 1544 506 1600 medium
552 1544 668 1599 500
713 1550 775 1598 et
815 1559 1084 1598 summum
1130 1543 1264 1600 723.

431 1620 492 1694 e)
532 1623 655 1678 Hoc
681 1623 932 1678 nimirum
957 1623 1254 1679 limandum
1282 1631 1424 1690 erat,
1471 1625 1885 1696 proportionem
1914 1628 2152 1682 alteram
2180 1645 2304 1682 esse
2350 1628 2582 1683 alterius
2612 1645 2721 1682 non
2749 1628 2991 1697 duplam,

271 1706 368 1758 sed
415 1703 856 1775 sesquialteram.

431 1779 488 1853 f)
535 1783 613 1838 Ut
657 1784 870 1839 clarum
913 1782 1020 1841 feci
1067 1782 1240 1854 priori
1288 1783 1473 1854 capite
1517 1784 1574 1838 in
1621 1784 2097 1839 annotationibus.

305 1883 310 1888 ·
427 1857 498 1936 ε)
544 1861 790 1918 Vidimus
836 1868 966 1933 post
995 1862 1070 1916 22
1099 1878 1274 1917 annos
1315 1869 1377 1917 et
1419 1862 1608 1939 gavisi
1643 1879 1847 1928 sumus,
1896 1865 2097 1919 saltem
2143 1880 2269 1936 οεο,
2318 1872 2455 1935 puto
2484 1873 2546 1921 et
2572 1865 2905 1921 Maestlinus
2932 1871 2995 1920 ot

272 1943 490 2014 plurimi
539 1942 654 2006 alii,
705 1943 796 2013 qui
843 1943 941 1998 lib.
989 1943 1056 1996 V.
1107 1944 1374 1998 Har-mon.
1423 1949 1554 1998 sunt
1597 1944 1815 2008 lecturi3
1859 1943 2163 2014 participes
2210 1951 2374 1999 erunt
2408 1946 2625 2018 gaudii.

429 2019 494 2088 h)
537 2024 631 2078 Ita
674 2022 1016 2078 somniabam
1063 2023 1132 2076 de
1173 2023 1432 2086 veritate,
1481 2023 1680 2093 opinor
1725 2023 1869 2078 bono
1894 2025 2019 2078 Deo
2065 2024 2393 2094 inspirante.
2474 2026 2685 2082 Elicita
2728 2031 2835 2089 est,
2882 2041 2993 2080 non

271 2102 400 2158 hinc
427 2102 657 2173 quidem,
706 2104 805 2157 sed
849 2121 924 2158 ex
967 2102 1283 2166 harmoniis,
1329 2104 1480 2158 ratio
1520 2103 2011 2167 eocentricitatum,
2069 2105 2165 2158 sed
2210 2109 2397 2160 tamen
2436 2105 2715 2160 mediante
2758 2105 2865 2160 hoc
2910 2103 2991 2160 in·

225 2247 233 2256 .
269 2189 466 2245 vento;
511 2199 616 2236 nec
660 2181 796 2236 illud
843 2187 976 2236 ante
1021 2181 1139 2236 fieri
1185 2182 1386 2252 potuit,
1437 2198 1600 2254 quam
1644 2184 1750 2237 hoc
1794 2186 2143 2238 emendatum
2188 2183 2509 2240 haberetur.
2592 2184 2735 2240 Nam
2777 2183 2876 2239 lib.
2921 2184 2987 2238 V.

271 2263 462 2318 Harm.
493 2278 615 2331 cap.
649 2261 701 2317 3.
729 2262 955 2332 ponitur
981 2261 1130 2316 inter
1153 2261 1428 2333 principia
1453 2262 1937 2318 demonstrationis
1966 2263 2108 2318 haec
2136 2263 2511 2333 sesquialtera
2533 2263 2837 2334 proportio.

429 2336 478 2411 i)
524 2341 632 2396 Pro
671 2341 758 2396 his
799 2359 912 2396 non
955 2340 1220 2411 perfectis
1249 2341 1564 2398 intervallis
1599 2361 1675 2398 ex
1703 2343 2007 2412 Copernico
2046 2341 2223 2397 habes
2252 2343 2443 2398 Harm.
2474 2343 2571 2398 lib.
2602 2344 2668 2397 V.
2698 2342 2987 2413 perfectis·

271 2421 412 2476 sima
437 2439 512 2476 ex
541 2422 880 2477 astronomia
905 2438 1009 2491 per
1037 2421 1454 2478 observationes
1475 2423 1810 2477 Braheanas
1840 2427 2179 2477 restaurata.

429 2497 500 2572 k)
544 2501 782 2560 Rursum
811 2501 1148 2556 somniabam
1175 2503 1243 2555 de
1271 2501 1530 2556 veritate.
1597 2501 1738 2556 Vide
1771 2504 2121 2558 emendatum
2148 2501 2363 2556 modum
2392 2501 2538 2556 hunc
2565 2500 2662 2556 lib.
2696 2497 2765 2554 V.
2794 2499 2984 2554 Harm.

271 2598 396 2652 cap.
426 2581 480 2636 9.
511 2597 670 2652 prop.
701 2583 795 2636 46.
826 2580 922 2635 47.
955 2580 1048 2636 48.
1081 2581 1176 2635 49.

428 2657 474 2727 1)
525 2661 709 2716 Cubus
737 2659 1077 2715 exteriorum
1123 2666 1181 2713 et
1227 2661 1526 2714 octaedron
1563 2659 1886 2715 interiorum
1928 2661 2159 2716 ultimae
2196 2659 2463 2724 similiter,
2512 2659 2565 2715 id
2612 2665 2701 2713 est
2728 2664 2985 2728 penetra-

267 2740 381 2797 tive
427 2741 719 2805 intersunt,
770 2745 832 2795 at
877 2757 987 2795 non
1033 2739 1180 2795 inter
1205 2739 1414 2795 medias
1444 2739 1756 2805 distantias,
1799 2740 2021 2796 nimium
2062 2742 2183 2797 hoc.
2240 2742 2367 2795 Duo
2396 2757 2527 2797 vero
2554 2739 2837 2803 interiora,
2893 2739 2989 2793 do-

269 2822 590 2876 decaedron
605 2826 666 2874 et
690 2820 1032 2883 ioosaedron,
1063 2820 1280 2883 similia,
1309 2836 1526 2875 rursum
1553 2820 1830 2887 similiter,
1861 2822 1915 2875 id
1943 2828 2033 2875 est
2060 2820 2358 2886 defective,
2398 2827 2463 2876 at
2476 2838 2599 2876 non
2623 2819 2771 2880 inter
2798 2825 2985 2875 extre·

267 2918 410 2957 mam
437 2908 496 2955 et
523 2901 772 2964 mediam,
819 2917 1035 2955 rursum
1079 2901 1188 2955 hoo
1213 2900 1434 2957 nimium
1461 2905 1566 2955 est.
1643 2902 1986 2957 Tetraedron
2014 2918 2147 2956 vero
2186 2902 2401 2956 omnino
2439 2917 2539 2957 suo
2568 2900 2770 2956 fruitur
2814 2890 3017 2955 etiam'

199 3040 218 3057 ‚
267 2983 356 3036 hic
384 2980 698 3051 privilegio,
745 2980 1088 3052 interestque
1133 2980 1281 3035 inter
1325 2986 1607 3036 extremas
1652 2981 1983 3037 distantias.
2031 2980 2192 3037 imam
2236 2981 2410 3046 Jovis,
2460 2996 2721 3037 summam
2762 2978 2980 3035 Martis.

265 3062 388 3117 Hoc
413 3060 494 3117 sic
519 3076 643 3118 esse
670 3061 873 3115 debere
902 3060 1288 3119 demonstravi.
1303 3060 1768 3131 propositionibus
1788 3062 1911 3131 jam
1938 3061 2223 3133 allegatis.

425 3141 660 3195 Ceterae
705 3140 1008 3196 errantium
1037 3156 1382 3195 numerorum
1411 3142 1480 3195 ad
1509 3141 1804 3196 veritatem
1834 3142 2151 3206 allusiones,
2198 3154 2335 3215 quas
2372 3140 2581 3210 passim
2610 3140 2819 3232 allego,
2868 3139 2979 3193 for-

266 3220 444 3277 tuitae
473 3226 620 3283 sunt.
665 3238 770 3275 nec
796 3220 1018 3293 dignae,
1063 3236 1206 3291 quae
1235 3220 1620 3283 excutiantur;
1662 3220 1945 3291 jucundae
1974 3230 2163 3277 tamen
2190 3221 2321 3277 mihi
2354 3219 2661 3292 recognitu,
2708 3218 2842 3295 quia
2864 3234 2979 3273 mo·

263 3306 430 3365 nent,
477 3300 674 3371 quibus
719 3299 1046 3365 maeandris,
1095 3317 1322 3371 quorum
1366 3300 1643 3369 parietum
1685 3303 2013 3373 palpatione
2054 3319 2157 3373 per
2199 3303 2461 3356 tenebras
2508 3300 2861 3371 ignorantiae
2908 3300 2984 3353 ad

263 3380 550 3453 pellucens
604 3380 804 3437 ostium
848 3380 1105 3435 veritatis
1160 3378 1487 3434 devenerim.

1347 3812 1587 3913 Caput
1637 3810 1895 3889 XXII.

572 3966 857 4033 Planeta
901 3990 1020 4034 eur
1060 3989 1250 4053 super
1293 3973 1630 4054 aequantis
1673 3980 1881 4036 centro
1928 3970 2282 4053 aequaliter
2322 3980 2665 4037 moveatur.

435 4110 722 4175 Didicisti
765 4112 960 4187 mod0,
1011 4114 1222 4187 lector,
1268 4114 1456 4177 etiam
1500 4115 1858 4194 imperfecta
1906 4132 2298 4195 cognoscere,
2349 4132 2463 4194 quo
2512 4114 2708 4177 minus
2754 4119 2977 4186 metuo,

261 4208 324 4263 te
370 4200 644 4263 ultimam
689 4200 844 4263 hanc
890 4209 956 4264 et
1003 4202 1281 4283 frigidam
1313 4204 1744 4284 catastrophen
1776 4204 2180 4285 explosorum.
2246 4202 2476 4267 Ultimo
2516 4211 2717 4267 autem
2752 4200 2978 4265 referre

261 4289 458 4361 volui,
525 4307 660 4351 cum
713 4290 856 4370 quia
897 4291 1108 4354 ultimo
1155 4294 1286 4356 loco
1332 4292 1564 4369 habeo,
1626 4300 1754 4357 tum
1801 4293 1944 4374 quia
1988 4312 2123 4355 cum
2170 4292 2433 4357 motibus
2488 4286 2809 4367 cohaeret,
2868 4308 2979 4353 nec

261 4377 528 4457 expediri
575 4378 706 4439 sine
750 4375 857 4442 20.
909 4378 1108 4467 capite
1157 4388 1390 4460 potest,
1450 4381 1726 4461 quamvis
1781 4382 1861 4444 ad
1922 4378 2023 4445 14.
2084 4381 2321 4463 proprie
2365 4381 2705 4462 pertineat,
2772 4386 2843 4441 ut
2895 4376 2977 4439 ibi

259 4466 520 4529 monitus
567 4480 656 4530 es.

439 4552 592 4619 Cum
651 4554 804 4618 hanc
859 4556 1170 4637 figuralem
1225 4558 1525 4621 coelorum
1579 4557 2025 4639 proportionem
2071 4556 2383 4621 Maestlini
2429 4574 2720 4621 censurae
2768 4555 2975 4635 subje-

261 4644 494 4718 cissem,
543 4644 598 4705 is
643 4662 738 4706 me
777 4644 850 4707 de
882 4646 1250 4725 superiorum
1289 4646 1596 4729 epicycliis
1627 4647 1875 4731 monuit,
1926 4664 2075 4727 quos
2109 4644 2477 4726 Copernicus
2524 4645 2655 4708 loco
2704 4663 2974 4725 aequan-

261 4733 410 4795 tium
453 4732 825 4808 introduxit,
893 4733 1109 4815 quique
1177 4736 1355 4816 duplo
1403 4734 1689 4813 majorem
1737 4734 2007 4799 efficiant
2052 4734 2183 4799 orbi
2242 4732 2694 4813 spissitudinem
2715 4779 2731 4808 ,
2800 4752 2975 4814 quam

259 4821 542 4901 planetae
572 4840 860 4885 ascensus
892 4823 1334 4905 descensusque
1364 4822 1630 4905 requirit.
1697 4826 1783 4888 Et
1826 4823 1885 4885 in
1935 4824 2313 4893 inferioribus
2340 4820 2598 4903 quidem
2634 4822 2741 4885 alii
2776 4816 2977 4887 motus

260 4916 418 4993 sunt,
467 4910 684 4991 quibus
729 4911 980 4991 planeta
1025 4912 1102 4975 ad
1149 4932 1386 4977 omnem
1429 4912 1592 4976 illius
1637 4914 1892 4998 epicycli
1938 4913 2320 4977 altitudinem
2366 4912 2666 4990 evehitur,
2716 4910 2795 4977 ad
2840 4928 2975 4976 om-
