3634 5575
37 714 54 1170 ——-¹v·-ru·

38 1541 42 1574 —-
37 1461 45 1496 Ὗ·
38 1381 46 1414 r-
37 1217 47 1332 vunnu-v

1551 349 1718 404 Nom
1755 353 1989 404 Εειιωιιε.
2996 353 3130 422 205

545 505 642 572 43)
677 523 730 574 p.
770 506 891 560 147.
966 509 1160 576 Legat,
1197 510 1356 576 inquit
1389 508 1639 574 Keplerus
1673 510 1708 560 L
1749 525 1794 560 e.
1836 511 2051 568 curiosus
2082 509 2267 566 lector,
2300 523 2431 575 quae
2468 509 2529 562 de
2564 509 2641 562 his
2678 511 2976 566 sectionibus
3012 518 3132 562 ante

406 594 564 630 annos
601 577 670 629 ²2
707 583 879 646 scripsi
914 583 966 631 in
1005 581 1241 644 Mysterio
1281 575 1721 645 cosmographico,
1775 588 1829 631 et
1863 581 2169 646 perpendat,
2220 577 2460 644 quomodo
2496 581 2672 632 fuerim
2708 579 2789 630 illo
2824 577 2933 632 loco
2968 581 3129 632 hallu·

405 652 602 702 cinatus
641 665 788 716 super
824 653 987 703 causis
1022 653 1295 704 sectionum
1333 658 1386 701 et
1419 650 1818 710 harmoniarum·
1857 665 2115 716 perperam
2149 653 2303 708 nisus,
2342 665 2513 702 earum
2536 665 2795 701 numerum
2826 657 2879 702 et
2912 653 3131 703 rationes

403 721 652 774 deducere
691 737 752 774 ex
801 737 1004 774 numero
1057 722 1087 772 5
1127 734 1382 786 corporum
1427 723 1727 788 regulanum
1777 723 2071 772 solidorum:
2129 737 2241 772 cum
2294 736 2461 772 verum
2515 724 2581 772 sit
2628 722 2723 772 hoo
2777 723 2970 786 potius,
3022 731 3129 774 tam

404 790 436 842 5
473 793 660 858 figuras
695 794 900 852 solidas,
938 806 1086 858 quam
1120 794 1403 843 harmonias
1439 795 1656 844 musicas
1694 800 1746 844 et
1783 793 1997 844 chordae
2040 795 2285 843 sectiones
2322 806 2632 844 communem
2668 793 2853 843 habere
2890 795 3132 860 originem

407 877 469 914 ex
504 864 676 928 figuris
711 865 1019 930 regularibus
1067 865 1242 929 planis.
1318 865 1384 912 Et
1417 863 1692 914 Ptolemaei
1740 864 1937 928 quidem
1981 865 2174 914 musica
2224 877 2335 914 cum
2382 865 2683 928 expositione
2718 862 2973 928 Porphyrii
3006 863 3129 914 hac·

402 941 548 986 tenus
582 937 924 1000 manuscripta
957 941 1137 985 nactus
1174 949 1282 984 sum
1320 950 1380 984 ex
1429 935 1727 986 liberalitate
1764 935 1812 985 J.
1854 935 1913 984 G.
1952 935 2199 986 Hervarfi
2238 933 2391 986 Cano.
2428 935 2579 995 Bam,
2634 947 2815 984 causas
2857 949 2973 986 vero
3009 934 3127 984 har-

399 1006 677 1055 moniarum
714 1009 958 1070 genuinas
995 1008 1046 1056 in
1081 1008 1140 1055 iis
1176 1021 1276 1055 non
1313 1007 1508 1058 inveni.
1547 1006 1770 1071 adeoque
1796 1020 1862 1055 ne
1888 1008 2165 1056 sectionum
2200 1006 2397 1069 quidem
2429 1005 2604 1056 harum
2638 1007 2928 1070 numerique
2959 1019 3130 1058 earum

403 1077 674 1140 septenarii
709 1077 814 1126 ulla
847 1077 906 1126 iit
938 1073 1142 1126 mentio.
1203 1077 1312 1126 Etsi
1345 1084 1462 1128 vero
1496 1083 1689 1126 mature
1725 1077 1848 1126 satis
1886 1077 2230 1133 animadverti,
2268 1088 2448 1126 causas
2484 1091 2519 1126 a
2552 1076 2720 1141 figuris
2756 1076 2919 1140 planis
2954 1081 3133 1140 petes:

403 1147 514 1205 das,
553 1155 780 1200 attamen
815 1148 902 1198 diu
937 1148 1202 1200 admodum
1239 1162 1318 1198 me
1353 1153 1622 1206 torserunt,
1657 1149 1945 1212 priusquam
1978 1148 2201 1198 omnibus
2238 1148 2391 1196 animi
2426 1149 2525 1198 mei
2566 1147 2807 1212 scrupulis
2842 1148 3126 1199 satisfieret.

401 1217 618 1268 Primum
657 1219 787 1267 enim
823 1218 1015 1284 figurae
1052 1217 1456 1268 demonstrabiles
1496 1232 1529 1267 a
1561 1233 1662 1267 uon
1699 1214 2160 1268 demonstrabilibus
2198 1224 2343 1268 erant
2376 1218 2719 1282 separandae3
2763 1224 2941 1282 postea
2976 1215 3130 1268 causa

399 1289 716 1350 invenienda,
756 1303 844 1338 cur
881 1304 992 1339 cum
1029 1291 1274 1340 sectiones
1309 1287 1406 1338 hae
1442 1295 1612 1339 essent
1648 1304 1708 1338 ex
1745 1289 1935 1355 figuris,
1972 1291 2218 1338 sectiones
2243 1288 2439 1352 quidem
2468 1290 2603 1338 intra
2638 1287 2973 1352 septenarium
3008 1303 3128 1339 cou-

401 1361 654 1417 sisterent,
691 1360 882 1426 figurae
915 1353 970 1410 in
1005 1360 1253 1410 infinitum
1290 1367 1620 1409 excurrerent.
1694 1361 1863 1410 Tertio
1900 1360 2159 1410 discrimen
2195 1358 2324 1409 inter
2370 1359 2917 1424 peutecaidecagonum
2952 1365 3005 1410 et
3041 1359 3126 1408 de-

400 1430 744 1481 monstrabiles
782 1437 976 1481 ceteras
1015 1437 1125 1480 erat
1159 1431 1507 1487 statuendum3
1545 1431 1664 1494 quia
1697 1431 1814 1490 vidi,
1854 1430 2065 1496 figuram
2100 1429 2237 1478 illam
2262 1430 2511 1481 exclusam
2538 1443 2649 1480 esse
2674 1429 2737 1480 ab
2760 1429 3127 1480 harmoniarum

405 1502 766 1565 procreatione,
802 1507 934 1552 teste
971 1501 1161 1551 auditu.
1217 1500 1377 1566 Igitur
1411 1501 1488 1550 vel
1525 1502 1628 1550 solo
1665 1501 1887 1567 allegato
1910 1502 2019 1550 libri
2042 1502 2139 1551 mei
2161 1499 2390 1562 Mysterii
2426 1499 2819 1566 cosmographici
2848 1502 3127 1550 testimonio
3206 1509 3209 1512 ’

400 1573 525 1622 satis
563 1578 642 1621 est
675 1572 894 1622 munitus
932 1572 1131 1622 auditus
1178 1579 1352 1621 contra
1389 1571 1728 1635 sophistarum
1765 1573 2179 1628 obtrectationes,
2228 1571 2377 1620 fidem
2415 1572 2611 1621 auribus
2647 1571 2887 1636 derogare
2924 1585 3129 1622 ausuros

401 1643 538 1693 circa
573 1642 832 1693 divisiones
870 1644 996 1693 adeo
1031 1644 1249 1694 minutas
1286 1648 1338 1692 et
1373 1639 1779 1704 dijndicationem
1816 1643 2277 1694 concordantiamm
2312 1641 2699 1694 subtilissimam.

541 1813 636 1878 44)
671 1832 722 1881 p.
759 1813 877 1866 147.
953 1817 1208 1880 Adiuncta
1243 1823 1320 1867 est
1354 1817 1648 1882 quibusdam
1683 1815 1903 1868 Euclidis
1938 1816 2234 1867 editionibus
2268 1816 2396 1867 haec
2437 1812 2739 1881 ,εἷςαγωγη
2776 1805 3123 1886 cipporum&

399 1905 444 1937 v.
483 1903 530 1938 c.
568 1889 772 1939 editioni
809 1889 928 1938 anni
969 1883 1130 1945 1498,
1169 1889 1433 1952 inscripta:
1493 1888 1776 1952 „Cleopidis
1811 1889 2028 1944 musica,
2067 1889 2147 1937 cui
2180 1889 2233 1937 in
2270 1888 2563 1972 quibusdam
2598 1886 2851 1937 codicibus
2886 1887 3122 1940 adscribi-

401 1959 530 2009 tur-⁸⁸
607 1957 663 2008 C.
701 1957 1016 2022 Dasypodius
1052 1972 1101 2008 a.
1143 1956 1270 2006 1571
1329 1959 1484 2009 edidit
1518 1960 1857 2025 Argentinae.
1914 1958 2131 2008 Euclidis
2168 1973 2337 2009 omnes
2374 1959 2591 2008 omnium
2636 1957 2867 2020 librorum
2902 1961 3121 2024 proposi-

399 2032 562 2080 tiones
597 2035 780 2096 gtraece
817 2035 870 2080 et
905 2030 1090 2086 latinu
1127 2031 1180 2079 in
1203 2029 1298 2080 hoc
1321 2030 1634 2094 voluminep
1639 2026 1816 2079 .—63
1825 2027 1891 2078 75
1930 2031 2143 2079 occurrit
2178 2027 2445 2095 εἰςωγωγη
2472 2019 2767 2095 ἁρμονικη,
2802 2044 2852 2091 p.
2880 2026 3011 2078 75-
3023 2028 3121 2081 773

397 2114 678 2167 κατατομη
714 2114 818 2149 του
854 2113 1128 2160 savorem
1167 2115 1216 2164 p.
1245 2095 1455 2149 65-80
1479 2046 1740 2150 translatio
1773 2101 1949 2150 latina.
2006 2099 2252 2150 Desumta
2286 2107 2403 2151 sunt
2437 2113 2549 2151 cum
2586 2113 2773 2166 graeca
2804 2105 2911 2148 tum
2945 2101 3123 2157 latina.

401 2185 532 2235 quae
567 2171 883 2235 Dasypodius
917 2171 1000 2222 hic
1037 2171 1100 2222 de
1134 2173 1334 2221 musicis
1369 2171 1587 2220 Euclidis
1621 2173 1806 2234 publici
1851 2171 1975 2233 juris
2010 2171 2131 2220 fecit
2168 2170 2235 2220 ad
2269 2172 2469 2220 verbum
2506 2185 2565 2220 ex
2603 2169 2823 2220 editione
2857 2169 2889 2219 J
2903 2173 3123 2221 oannis

397 2242 632 2299 Penas,
670 2242 786 2292 Par.
830 2240 981 2295 1557.
1021 2243 1210 2291 omissis
1243 2248 1440 2292 tantum
1477 2239 1974 2306 demonstrationibus
2010 2242 2371 2292 theorematum
2406 2238 2506 2299 20,
2542 2254 2671 2306 quae
2710 2241 2791 2290 ad-
2814 2242 3120 2300 „sectionem

397 2313 604 2379 regulae
637 2313 996 2364 harmonicae‘·
1034 2310 1342 2380 (καταιομη
1379 2325 1482 2362 που
1519 2311 1788 2374 κανονος)
1823 2313 2086 2376 pertinent.

545 2485 638 2550 45)
675 2505 723 2553 p.
767 2485 884 2539 148.
963 2487 1311 2553 Campanus
1350 2487 1418 2551 (c.
1455 2505 1521 2538 m.
1561 2503 1662 2539 sec.
1701 2485 1847 2549 xm)
1894 2493 2256 2539 commentatus
2303 2495 2381 2538 est
2424 2487 2731 2539 Adelardi
2780 2487 3129 2542 Bathonensis-

403 2563 856 2626 interpretationem
879 2559 1115 2610 Euclidis.
1171 2559 1387 2610 Primum
1423 2561 1554 2623 typis
1591 2573 1798 2610 excusus
1829 2565 1907 2609 est
1932 2560 2311 2609 commentarius
2338 2557 2577 2623 Campani
2598 2557 2844 2623 venetiis,
2881 2574 2929 2611 a.
2959 2558 3117 2621 1482,

399 2635 682 2697 passimque
718 2633 930 2682 occurrit
965 2632 1096 2680 inter
1128 2632 1424 2694 posteriores
1459 2629 1678 2680 Euclidis
1725 2631 1981 2680 editiones.
2060 2629 2303 2694 Campani
2348 2629 2471 2679 liber
2502 2627 2598 2680 XV
2645 2629 2810 2680 differt
2846 2631 2910 2682 ab
2946 2631 3119 2683 eodem

402 2719 496 2764 „ex
531 2702 778 2767 Hypsiclis
814 2702 1133 2752 Alexandrini
1185 2701 1501 2759 traditioue“‚
1554 2702 1825 2766 ultimaque
1875 2701 2203 2766 ,‚propositio“¹
2260 2697 2376 2762 (13)
2422 2700 2553 2750 illius
2602 2701 2730 2752 haec
2782 2710 2886 2752 est:
2946 2703 3117 2754 Fabri-

399 2783 532 2837 cato,
551 2775 718 2840 quovis
753 2774 965 2839 quinque
998 2773 1298 2838 regularium
1337 2787 1589 2837 corporum
1625 2773 1717 2823 sibi
1753 2772 2019 2837 sphaeram
2056 2772 2321 2824 inscribere
2361 2769 2463 2834 (ed.
2490 2771 2612 2823 Bas.
2648 2769 2835 2835 1558).

537 2945 633 3011 48)
667 2965 716 3014 p.
756 2946 874 2999 148.
937 2948 1078 2999 Voce
1117 2948 1340 3015 „“figura
1367 2949 1614 3015 Keplerus
1652 2948 1904 3014 significat
1942 2962 2161 3011 corpus
2196 2948 2443 3013 regulare.
2478 2960 2601 2998 voce
2638 2949 2927 3012 „potentia“
2966 2952 3121 3001 utitur

393 3037 482 3085 pro
517 3022 774 3087 quadrato.
850 3019 1019 3070 Verba
1052 3019 1260 3084 Kepleri
1295 3020 1423 3071 haec
1460 3022 1693 3087 signant.
1748 3017 1875 3070 110⁸
1909 3035 1981 3061 =
2018 3015 2120 3067 ΗΡ
2145 3018 2216 3082 -ὶ-
2246 3016 2361 3075 10².
2400 3025 2453 3069 et
2487 3016 2613 3069 110¹
2650 3047 2717 3057 —
2755 3018 2857 3070 111²
2894 3036 2966 3063 =
3000 3020 3115 3072 10⁸.

396 3092 482 3143 Sic
515 3092 668 3156 paulo
701 3092 844 3153 infra,
886 3098 1110 3149 assumta
1144 3093 1256 3143 cubi
1294 3092 1374 3142 axi
1410 3108 1484 3133 =
1519 3106 1569 3151 a,
1609 3094 1812 3156 ejusque
1848 3091 2007 3141 latere
2041 3104 2114 3131 ==
2149 3090 2214 3141 b:
2253 3086 2313 3141 δ’
2347 3104 2421 3131 =
2462 3086 2520 3155 ¹l,
2546 3086 2605 3140 a²
2643 3088 2735 3142 dte.

535 3264 632 3331 47)
667 3282 717 3333 p.
758 3264 880 3319 148.
951 3266 1120 3317 Posito
1157 3267 1296 3318 radio
1331 3267 1574 3332 sphaerae
1612 3268 1801 3330 corpori
1836 3266 2053 3331 regulari
2090 3266 2489 3330 circumscriptae
2524 3282 2597 3309 =
2636 3266 2663 3316 1

889 3340 984 3391 erit
1021 3335 1080 3401 1)
1117 3338 1273 3389 latus
1286 3339 1402 3389 cubi
1560 3353 1634 3379 ==
1667 3332 1808 3400 V‘l.
1851 3352 1925 3379 =-···-·-
1967 3334 2023 3401 ⁸1,
2065 3331 2175 3392 v3
2209 3352 2283 3379 =
2322 3334 2533 3397 1,1547.

1020 3406 1078 3471 ’2)
1115 3410 1248 3459 latus
1284 3408 1506 3459 octaedri
1560 3424 1636 3451 =
1669 3403 1778 3463 v2
2216 3423 2289 3449 =
2326 3406 2347 3457 1
2360 3405 2571 3467 ,41421.

1024 3477 1083 3542 3)
1119 3480 1252 3531 latus
1288 3480 1635 3532 temsdri=
1670 3473 1728 3534 v
1751 3474 1809 3543 Ἰ,
1852 3494 1926 3521 =
1971 3474 2027 3544 Ἰ,
2069 3473 2126 3533 v
2145 3475 2177 3527 6
2214 3492 2287 3520 =
2314 3475 2573 3537 1,63299.

535 3637 633 3702 48)
655 3654 706 3705 p.
733 3637 856 3689 149.
903 3640 1122 3692 Euclidis
1146 3640 1446 3689 constructio
1475 3637 1770 3689 dodeeaedri
1798 3638 1973 3701 paucis
2007 3637 2167 3687 verbis
2194 3637 2353 3701 repeti
2386 3636 2575 3701 nequit,
2608 3648 2761 3700 quare
2790 3636 2885 3689 hoo
2918 3643 3114 3689 taam

393 3713 458 3763 de
494 3714 582 3763 illa
621 3717 888 3762 notamus:
938 3712 1095 3761 latere
1133 3710 1246 3761 cubi
1281 3710 1538 3759 dimidiato
1576 3715 1629 3759 et
1659 3708 1851 3758 semissi
1894 3706 2165 3759 secuudum
2208 3706 2427 3757 mediam
2474 3712 2524 3756 et
2566 3714 2839 3757 extremam
2872 3710 3117 3759 rationem

393 3790 552 3843 secta,
587 3785 640 3833 in
677 3784 873 3846 punctis
907 3796 997 3846 per
1027 3782 1160 3831 hanc
1192 3783 1464 3831 sectionem
1499 3782 1708 3845 signatis
1745 3779 2177 3844 perpendiculares
2220 3779 2382 3828 lineae
2423 3779 2489 3829 ad
2526 3774 2681 3842 plana
2721 3779 2833 3829 cubi
2860 3779 3119 3845 eriguntur

391 3855 695 3907 sectionibus
736 3855 1003 3915 majoribus
1041 3852 1294 3917 aequales.
1351 3852 1597 3914 Trajectis
1633 3866 1721 3915 per
1755 3852 1991 3900 terminos
2034 3851 2261 3900 binarum
2296 3849 2775 3914 perpendicularium
2810 3857 2864 3901 et
2902 3848 2969 3900 12
3004 3852 3116 3901 cubi

393 3927 555 3978 latera
587 3925 885 3989 planitiebus
905 3960 920 3983 ,
971 3925 1286 3975 constituitur
1328 3923 1674 3973 dodecalidron
1689 3957 1704 3980 ,
1748 3924 1951 3987 ejusque
1994 3921 2144 3979 latus,
2195 3921 2396 3984 duplum
2439 3922 2670 3971 sectionis
2717 3920 2847 3973 illius
2892 3923 3112 3985 majoris,

391 4042 608 4091 medium
641 4042 700 4091 fit
733 4041 1098 4107 proportionale
1133 4041 1304 4091 lateris
1332 4040 1444 4091 cubi
1471 4042 1676 4104 eiusque
1711 4039 1868 4104 partis
1904 4039 2120 4087 minoris.
2176 4034 2281 4100 (Sit
2316 4051 2349 4088 a
2380 4036 2515 4087 latus
2550 4036 2681 4093 cubi,
2716 4042 2770 4087 et
2793 4005 2882 4129 {z
2908 4036 2939 4087 b
2958 4050 3031 4077 =
3047 4036 3113 4087 b:

397 4125 447 4191 Ξ
472 4180 542 4191 -
564 4156 614 4213 ι»,
641 4167 805 4227 ‘qum
841 4168 912 4205 a:
942 4152 1006 4203 ιι,
1031 4168 1104 4195 =
1127 4150 1292 4203 2122».
1318 4166 1382 4187 ·-
1411 4149 1519 4214 ab.)
1579 4151 1694 4203 nac
1733 4152 1928 4202 rationo
1967 4150 2081 4201 cubi
2120 4150 2227 4199 axis
2252 4151 2481 4217 congruit
2516 4164 2629 4203 cum
2666 4164 2759 4203 ue
2796 4150 3112 4203 dodonem.

532 4290 592 4339 In
627 4286 870 4338 icosaedri
907 4287 1272 4337 constructione
1285 4266 1554 4335 *Euclides
1589 4285 1831 4334 diameter
1866 4281 2141 4347 sphaerae,
2180 4283 2259 4331 cui
2297 4296 2471 4346 corpus
2516 4280 2881 4333 inscribendum
2918 4290 3022 4343 est,
3060 4284 3111 4334 in

396 4358 428 4409 5
469 4360 703 4425 aequales
741 4358 973 4407 dividitur
1006 4363 1203 4422 partes,
1244 4363 1296 4407 et
1330 4356 1498 4411 radio,
1532 4356 1614 4419 qui
1651 4361 1730 4404 est
1763 4355 1983 4405 medium
2018 4353 2381 4417 proportionale
2413 4354 2545 4403 inter
2578 4352 2873 4404 &metrum
2908 4356 3112 4420 ejusque

392 4434 616 4497 quintam
650 4435 844 4494 partem
870 4429 1083 4478 circulus
1109 4429 1410 4478 describitur.
1477 4426 1668 4477 Latera
1703 4425 2059 4490 quinquanguli
2092 4425 2334 4490 regularis
2368 4424 2483 4474 huic
2520 4424 2702 4475 circulo
2739 4425 2957 4489 inseripti
2995 4434 3112 4475 sunt

391 4504 556 4553 latera
598 4501 808 4567 quaesiti
859 4501 1089 4564 corporis.
1163 4500 1238 4549 Ex
1293 4498 1470 4549 eadem
1525 4498 1889 4548 constructione
2012 4502 2114 4553 tet,
2171 4496 2466 4559 quadratum
2520 4496 2628 4545 axis
2685 4492 2757 4557 (h.
2796 4510 2843 4547 e.
2884 4496 3111 4547 diametri

391 4569 658 4639 sphaerae)
697 4586 915 4637 aequare
949 4571 1246 4635 quadratum
1283 4570 1572 4635 quintuplae
1608 4567 1865 4618 εοιιιιάιιιιιι
1994 4568 2141 4617 modo
2177 4566 2297 4617 dicti
2334 4566 2515 4617 circuli.

833 4704 912 4757 Sit
945 4704 994 4755 D
1033 4704 1156 4764 axis,
1195 4716 1230 4753 a
1263 4703 1396 4753 latus
1433 4703 1561 4761 cubi,
1599 4702 1696 4752 erit
1751 4697 1806 4763 1)
1844 4654 2039 4797 α-τ-’Ῑέ
2064 4692 2191 4754 VS.
