3634 5575
1495 355 1672 404 confla
1703 349 1885 406 Un-
2918 349 3053 418 247

330 503 663 570 astronomi
709 505 930 580 officia,
981 505 1238 596 alterum
1283 525 1424 570 vere
1472 510 1957 585 astronomicum,
2006 509 2375 594 hypotheses
2404 513 2843 580 astronomicas
2888 512 3049 574 tales

329 595 728 669 constituere,
797 615 875 658 ex
931 595 1146 675 quibus
1203 587 1570 700 apparentes
1633 608 1833 662 motus
1879 608 2233 680 sequantur,
2300 600 2555 664 alterum
2600 600 3047 680 geometricum,

331 684 698 766 hypotheses
757 683 1158 762 geometricas
1215 687 1618 767 cujuscunque
1679 687 1907 750 formae
1954 688 2191 762 (variae
2250 707 2509 769 namque
2554 708 2739 770 saepe
2785 691 2845 752 in
2896 706 3047 769 gee-

331 772 546 834 metria
593 791 728 834 esse
777 774 1062 852 possunt)
1120 773 1278 834 tales
1336 775 1730 850 constituere,
1798 797 1877 837 ex
1932 777 2144 858 quibus
2202 778 2567 860 hypotheses
2616 779 2757 840 illae
2814 778 3047 857 priores

333 860 770 924 astronomicae
787 905 806 934 ,
861 862 920 924 h.
971 879 1026 924 e.
1066 861 1192 924 veri
1239 863 1618 941 planetarum
1660 871 1893 939 motus,
1962 885 2077 928 uon
2124 866 2451 930 adulterati
2498 866 2662 930 visus
2708 873 3046 929 commuta-

333 949 512 1024 tione,
559 958 624 1012 et
667 957 995 1030 sequantur
1037 956 1104 1012 et
1149 950 1540 1015 calculentur.

507 1038 624 1100 Hic
669 1057 766 1100 me
811 1047 987 1100 tenor
1031 1037 1162 1118 ipse
1209 1041 1502 1102 sermonis
1549 1040 1664 1103 mei
1713 1041 1953 1114 invitat,
2000 1049 2069 1104 ιιι
2116 1039 2417 1106 Osiandro
2464 1043 2882 1108 Patricium
2930 1043 3047 1104 ad-

323 1128 576 1208 jungam
631 1127 804 1206 eique
861 1133 1116 1190 conatus
1161 1135 1638 1192 astronomorum
1693 1148 1899 1192 omnes
1954 1128 2281 1206 deridenti,
2346 1131 2713 1212 hypotheses
2764 1123 3047 1194 astrono-

334 1216 520 1278 micas
566 1234 774 1278 omnes
819 1214 1114 1296 rejicienti
1159 1216 1426 1280 nonnihil
1472 1218 1889 1296 respondeam.

508 1303 844 1366 Succenset
899 1305 954 1366 is
1009 1305 1404 1376 astronomis,
1473 1302 1631 1385 quod
1693 1314 1984 1370 conentur
2044 1326 2119 1368 ex
2175 1307 2357 1368 variis
2414 1306 2653 1372 circulis
2714 1315 2781 1370 et
2834 1306 3047 1370 solidis

332 1392 574 1456 orbibus
616 1393 996 1496 planetarum
1039 1401 1240 1456 motus
1285 1402 1648 1474 apparentes
1693 1396 1950 1467 efficere,
2000 1413 2221 1482 eosque
2260 1395 2539 1472 circulos,
2586 1413 2693 1459 eas
2740 1396 3045 1476 hypothe-

332 1501 464 1557 ses,
518 1480 750 1544 cerebri
805 1481 900 1544 sui
955 1483 1266 1560 figmenta,
1323 1501 1520 1546 rerum
1575 1490 1827 1546 naturae
1884 1483 2199 1563 imputare.
2290 1484 2385 1546 De
2440 1485 2707 1564 planetis
2754 1484 2885 1564 ipse
2934 1484 3047 1546 hoc

331 1571 620 1644 affirmat,
685 1569 842 1632 inter
887 1569 1040 1632 fixas
1085 1570 1222 1634 illos
1269 1570 1326 1632 in
1375 1570 1598 1652 liquido
1645 1573 1889 1634 aethere
1936 1571 2245 1646 incedere,
2300 1573 2795 1652 quemadmodum
2842 1581 2905 1637 et
2948 1571 3045 1634 vi·-

333 1659 616 1734 deantur,
673 1657 894 1721 liberos
943 1660 1020 1722 ab
1069 1658 1300 1722 orbium
1347 1659 1674 1724 solidorum
1727 1659 2145 1740 compedibus,
2211 1660 2311 1740 qui
2366 1661 2513 1723 nulli
2568 1661 2723 1738 sint,
2790 1679 3049 1739 vereque

333 1746 668 1829 hujusmodi
729 1747 988 1826 spitales
1033 1757 1098 1810 et
1142 1748 1306 1809 varie
1367 1768 1600 1810 rursum
1643 1767 2031 1830 prorsumque
2086 1756 2398 1811 contortas
2460 1749 2681 1822 lineas,
2744 1765 3047 1828 nunquam

331 1837 449 1900 sibi
495 1835 642 1916 ipsis
687 1845 798 1915 per
842 1834 1044 1900 omnia
1087 1836 1346 1910 similes,
1395 1855 1584 1917 eaque
1632 1845 1829 1900 motus
1877 1837 2345 1918 inaequalitate,
2384 1837 2565 1917 plane
2616 1843 2683 1900 ut
2726 1837 2787 1898 in
2834 1837 3043 1900 oculos
3142 1905 3149 1910 ,

333 1932 576 1988 nostros
619 1925 944 2000 incurrunt,
995 1925 1354 1988 describere.
1447 1926 1578 1988 Nec
1625 1927 1833 1990 mirari
1878 1945 1989 1988 nos
2034 1925 2253 1990 debere
2283 1927 2645 1989 varietatem
2690 1926 2865 2000 hanc,
2914 1944 3047 1990 cum

333 2014 614 2094 planetae
668 2031 884 2076 revera
929 2013 1054 2077 sint
1111 2013 1398 2076 animalia
1453 2013 1707 2080 rationis
1754 2013 2033 2094 capacia,
2092 2015 2523 2094 comprobante
2572 2015 2631 2077 id
2680 2013 3045 2078 auctoritate

329 2101 748 2181 philosophiae
778 2101 1152 2178 barbaricae,
1201 2109 1266 2164 et
1293 2103 1766 2182 omnipotentiae
1793 2103 2030 2167 divinae
2061 2122 2177 2164 non
2228 2104 2409 2166 fuerit
2434 2102 2825 2183 impossibile.
2874 2109 3051 2164 tanta

330 2190 634 2271 sapientia
677 2199 988 2254 creaturas
1035 2191 1324 2266 condere,
1373 2197 1442 2254 ut
1485 2193 1816 2336 imperatos
1860 2193 1973 2255 hes
2018 2201 2217 2254 motus
2264 2193 2341 2254 ad
2390 2192 2567 2254 finem
2610 2210 2797 2296 usque
2844 2190 3047 2254 mundi

329 2299 472 2342 exse
515 2287 754 2342 uantur.

473 2299 768 2430 qPrimum
825 2367 938 2432 hec
993 2365 1084 2427 illi
1143 2366 1318 2430 facile
1357 2385 1744 2442 concessero,
1812 2367 2039 2432 solidos
2084 2369 2261 2430 orbes
2308 2367 2506 2430 nullos
2564 2386 2719 2434 esse.
2814 2369 2883 2432 In
2932 2386 3047 2447 quo

330 2465 394 2519 et
441 2456 742 2538 Tycbonis
790 2455 1124 2518 rationibus
1174 2456 1352 2518 facile
1399 2457 1710 2522 subscribo
1767 2463 1833 2520 et
1874 2457 2149 2536 privatas
2196 2457 2381 2520 etiam
2436 2457 2651 2520 habeo.
2746 2457 3045 2518 Patricius

327 2563 470 2607 vero
499 2545 768 2628 Tychoni
813 2543 1060 2608 ridicule
1111 2542 1262 2606 facit
1305 2544 1601 2624 injuriam,
1651 2565 1825 2626 quem
1871 2545 1961 2608 ait
2006 2545 2369 2608 fascinatum
2414 2545 2689 2624 opinione
2719 2543 3047 2608 solidorum

331 2634 564 2697 orbium
627 2652 846 2695 novam
893 2633 1251 2696 confinxisse
1299 2634 1502 2696 mundi
1554 2634 1841 2708 formam3
1904 2653 2079 2715 quam
2134 2633 2477 2714 opinionem
2521 2633 2725 2714 Tycha
2773 2633 3049 2699 omnibus

330 2722 572 2803 scriptis
625 2731 692 2784 et
748 2722 884 2803 ipsa
929 2722 1334 2803 hypotheseos
1379 2741 1528 2786 suae
1573 2723 1921 2791 conditione
1976 2723 2309 2805 impugnat.
2401 2721 2611 2805 Neque
2658 2739 2849 2802 nego,
2906 2722 3045 2803 pla-

329 2821 600 2893 netarum
657 2812 940 2875 circuitus
993 2811 1226 2873 ratione
1287 2831 1521 2875 summa
1575 2813 2003 2879 administrari.
2098 2812 2225 2875 Sed
2280 2821 2345 2875 et
2402 2813 2515 2875 hoc
2561 2812 2747 2887 dabo,
2814 2811 2869 2873 si
2912 2812 3046 2873 Deo

325 2901 622 2964 conditori
668 2900 1028 2980 placuisset,
1085 2907 1154 2962 ut
1197 2899 1481 2979 planetae
1527 2901 1788 2981 spirales
1835 2900 2171 2980 hujusmodi
2216 2910 2279 2961 et
2326 2901 2689 2980 irregulares
2736 2900 3043 2974 circuitus,

325 2990 539 3070 quales
585 2989 1020 3069 aspicientibus
1069 2989 1240 3049 nobis
1287 2997 1604 3071 apparent,
1643 2990 2021 3064 conficerent,
2072 2990 2135 3053 id
2174 2990 2263 3053 illi
2293 2990 2509 3053 effectu
2556 2989 2733 3052 facile
2784 2990 3046 3052 futurum

327 3078 536 3141 fuisse.
633 3078 862 3140 Verum
907 3077 966 3139 in
1013 3077 1126 3139 hoc
1167 3078 1298 3157 jam
1346 3078 1548 3141 differt
1573 3076 1877 3141 Patricius
1924 3080 2003 3141 ab
2032 3078 2397 3143 astronomis
2429 3098 2567 3139 vere
2606 3077 3043 3158 philosophan-

324 3166 517 3241 tibus,
585 3185 718 3229 cum
765 3165 1102 3246 quaeritur:
1171 3166 1456 3245 quidnam
1499 3168 1700 3246 potius
1747 3167 1881 3229 Deo
1926 3167 2251 3247 placuerit,
2309 3186 2385 3229 an
2434 3175 2501 3228 ut
2544 3167 2827 3245 planetae
2874 3184 3043 3229 com-

325 3255 560 3335 positos
608 3254 948 3335 hujusmodi
1001 3263 1410 3335 perpetuoque
1457 3275 1496 3316 a
1541 3275 1606 3317 se
1669 3256 1814 3335 ipsis
1864 3255 2137 3318 diversos
2192 3264 2257 3317 et
2311 3254 2673 3333 irregulares
2732 3255 3045 3317 anfractus

323 3343 720 3423 pervolitent,
788 3362 944 3407 anne
1005 3350 1070 3404 ut
1126 3342 1476 3405 uniformem
1525 3353 1590 3405 et
1635 3363 1816 3424 quarn
1861 3344 1987 3407 fieri
2034 3352 2239 3424 potest
2284 3342 2793 3422 regularissimum
2822 3343 3043 3403 -circu·

325 3433 446 3495 lum
489 3431 853 3505 describant,
902 3432 1082 3512 plane
1131 3432 1432 3495 diversum
1481 3432 1556 3495 ab
1605 3452 1679 3493 ea
1725 3442 1924 3495 motus
1972 3432 2207 3495 confusi
2256 3432 2476 3506 forma,
2526 3450 2680 3511 quae
2726 3432 2789 3492 in
2836 3430 3043 3493 oculos

325 3530 568 3583 nostros
613 3520 890 3595 iucurrit3
953 3540 1172 3583 causae
1221 3540 1362 3583 vero
1418 3521 1656 3601 possint
1701 3521 1981 3595 inveniri,
2049 3520 2261 3600 quibus
2316 3520 2483 3581 visus
2520 3528 2749 3581 noster
2796 3518 3043 3581 delusus

325 3610 506 3673 aliter
569 3610 704 3671 illos
767 3608 1078 3688 regulares
1135 3618 1334 3673 motus
1389 3610 1726 3684 intueatur,
1795 3629 1973 3689 quam
2028 3628 2241 3671 revera
2294 3608 2631 3689 comparati
2686 3608 2829 3669 sint.
2924 3607 3040 3675 Hic

325 3718 500 3761 nemo
547 3706 646 3761 est
687 3716 722 3759 e
767 3696 966 3759 sobrie
1013 3697 1610 3778 philosophantibus„
1649 3698 1748 3779 qui
1793 3717 1913 3759 non
1961 3698 2071 3761 hoc
2118 3686 2409 3770 affirmet,
2456 3696 2605 3759 illud
2650 3694 2891 3757 omnino
2941 3712 3042 3757 re-

317 3788 500 3867 jiciat
543 3787 774 3867 sibique
821 3786 996 3848 simul
1043 3788 1406 3851 astronomis
1453 3787 1859 3868 maximopere
1904 3787 2261 3867 gratuletur,
2312 3785 2365 3847 si
2403 3804 2623 3847 causas
2671 3783 3045 3863 deceptionis

325 3876 676 3949 invenerint,
727 3896 768 3937 a
811 3875 970 3939 veris
1017 3876 1394 3954 planetarum
1443 3876 1702 3939 motibus
1751 3875 2193 3938 accidentarios
2250 3882 2314 3937 et
2360 3894 2437 3935 ex
2479 3872 2809 3953 phantasia
2854 3871 3043 3935 visio-

323 3966 420 4027 nis
465 3972 636 4027 ortos
679 3963 1032 4043 sejunxerit,
1079 3974 1144 4027 et
1189 3964 1538 4027 circuitibus
1585 3965 2040 4045 simplicitatem
2076 3972 2257 4044 atque
2286 3963 2627 4025 ordinatam
2674 3960 3041 4039 regularita-

325 4065 452 4116 tem
495 4051 846 4115 asseruerit.
943 4052 1238 4117 Patricius
1285 4072 1426 4117 vero
1473 4054 1566 4115 ita
1611 4053 2097 4133 philosophatur,
2158 4059 2249 4127 ut,
2300 4052 2401 4132 qui
2449 4052 2611 4113 illum
2658 4050 2856 4125 audit,
2922 4067 3043 4111 non

321 4144 540 4223 pedem
581 4159 822 4203 movere
858 4142 1084 4221 possit,
1145 4143 1284 4223 quin
1329 4143 1680 4207 miraculum
1723 4142 2073 4222 contingere
2120 4142 2405 4207 fateatur.
2500 4138 2821 4219 Spatiatus
2878 4136 3039 4201 enim

323 4250 431 4311 per
477 4248 743 4311 campos,
793 4229 894 4291 ubi
939 4250 1120 4311 sepes
1165 4240 1228 4294 et
1271 4230 1606 4311 propinqua
1651 4232 1786 4293 viae
1832 4230 1953 4293 sibi
1998 4248 2329 4303 occurrere,
2380 4237 2641 4292 remotos
2674 4246 2817 4291 vero
2863 4244 3040 4289 men·

325 4328 420 4382 tes
467 4340 533 4383 se
597 4318 874 4381 comitari
933 4320 1068 4379 visu
1123 4320 1328 4398 judice
1381 4319 1716 4399 putaverit:
1780 4338 1898 4381 non
1946 4325 2151 4381 utetur
2192 4317 2415 4398 judicio
2463 4315 2747 4391 rationis,
2809 4315 2921 4377 sed
2966 4332 3041 4375 ne

327 4428 570 4473 sensum
617 4408 854 4489 quidem
899 4426 1274 4471 communem
1320 4410 1626 4473 consulet:
1687 4409 1826 4489 quin
1884 4407 2085 4486 potius
2130 4405 2287 4469 visui
2350 4406 2587 4477 credet,
2640 4411 2879 4467 mentes
2924 4421 3043 4467 non

327 4498 523 4561 minus
577 4516 650 4559 ac
697 4514 764 4557 se
819 4496 1016 4576 ipsum
1072 4498 1350 4577 progredi
1405 4497 1606 4559 dicet:
1667 4497 1939 4577 adeoque
2000 4495 2051 4559 si
2096 4514 2275 4559 curru
2334 4512 2585 4557 aversus
2629 4494 3045 4572 Argentorato

325 4596 435 4651 aut
478 4586 723 4647 Vienna
771 4586 1141 4665 egrediatur,
1207 4584 1422 4648 Jovem
1469 4586 1732 4665 lapidem
1778 4584 2040 4664 jurabit,
2110 4583 2387 4654 turrium,
2451 4600 2605 4662 quae
2658 4581 2755 4643 bis
2800 4580 3045 4642 urbibus

325 4674 638 4755 praealtae
689 4682 850 4747 sunt,
897 4675 1102 4737 ruinas
1149 4674 1208 4735 in
1257 4693 1322 4735 se
1369 4692 1640 4754 vergere.
1731 4672 1898 4735 Olim
1936 4672 2179 4752 quidam
2224 4690 2487 4734 meorum
2534 4668 3045 4731 contubernalium

324 4782 436 4845 per
479 4758 784 4825 fenestrae
821 4761 1042 4827 vitrum
1086 4770 1408 4842 pascentes
1453 4762 1513 4824 in
1561 4762 1905 4825 suburbano
1946 4767 2125 4840 prato
2170 4760 2357 4823 boves
2386 4758 2823 4839 prospiciebat3
2869 4775 3040 4820 cum-

330 4871 444 4935 que
499 4870 608 4933 pro
657 4852 928 4915 fenestra
980 4852 1276 4933 penderet
1319 4870 1577 4913 araneus
1597 4896 1616 4927 ,
1681 4869 1816 4913 eum
1863 4849 1963 4913 ille
2010 4868 2142 4912 cum
2198 4848 2387 4909 bobus
2442 4855 2695 4928 aspectu
2748 4846 3044 4907 directore
