3634 5575
96 4348 103 4355 ι

1467 418 1792 474 emmim.
2478 438 2487 451 ·
2940 424 2983 491 3

279 584 496 647 mundo
544 584 930 666 partibusque
975 584 1338 647 coelestibus
1383 584 1452 646 fit
1505 584 1772 661 initium,
1834 586 1944 647 sed
2000 586 2281 649 brevibus
2336 586 2444 647 illa
2491 586 2725 667 paginis
2773 586 2983 650 absol-

277 698 529 765 vuntur3
589 672 915 773 pra'ecipua
967 710 1110 753 vero
1167 692 1302 753 libri
1357 692 1546 753 moles
1605 692 2022 773 complectitur
2077 692 2512 772 descriptiones
2568 694 2875 775 regionum
2920 704 2987 757 et

277 798 531 861 urbium.
625 800 838 884 Itaque
881 798 1098 878 vulgus
1145 797 1640 878 cosmographiae
1685 816 1793 877 pro
1840 798 2244 878 geographiae
2292 797 2551 861 dictione
2598 800 2817 865 utitur:
2865 800 2982 863 im-

277 906 598 987 posuitque
633 924 752 968 vox
797 904 940 979 ista,
987 924 1024 965 a
1059 905 1276 966 mundo
1313 905 1458 967 licet
1493 905 1772 980 deducta,
1817 904 2075 969 officinis
2122 904 2403 981 librariis,
2450 905 2641 987 iisque
2670 907 2769 988 qui
2806 915 2983 970 cata-

279 1012 450 1091 logos
498 1012 784 1074 librorum
849 1012 1262 1087 conscribunt,
1323 1019 1392 1074 ut
1445 1011 1712 1075 libellum
1763 1028 1957 1073 meum
2012 1012 2171 1073 inter
2223 1010 2627 1092 geographica
2670 1014 2982 1077 referrent.

278 1118 638 1199 Mysterinm
685 1126 888 1181 autem
931 1136 1040 1200 pro
1087 1136 1306 1180 arcano
1353 1119 1668 1198 usurpavi,
1713 1129 1780 1180 et
1821 1135 1931 1198 pro
1977 1118 2087 1179 tali
2134 1117 2439 1179 venditavi
2488 1119 2791 1183 inventum
2836 1120 2981 1183 hoc:

282 1224 500 1306 quippe
546 1226 611 1287 in
656 1225 875 1287 nullius
919 1223 1260 1305 philosophi
1307 1221 1456 1286 libro
1501 1223 1654 1285 talia
1697 1240 1953 1303 unquam
2000 1223 2326 1304 legeram.“

457 1332 531 1394 In
595 1331 924 1394 Prodromo
1001 1332 1132 1414 ipso
1197 1331 1328 1419 falli
1391 1330 1648 1393 diximus
1668 1378 1685 1406 ,
1756 1330 1859 1411 qui
1923 1331 2089 1411 leges
2152 1329 2308 1391 istas
2376 1339 2709 1411 quaerant3
2788 1331 2983 1413 magis

280 1446 484 1500 autem
533 1438 842 1508 falluntur,
893 1438 945 1501 si
993 1439 1092 1521 qui
1137 1446 1368 1501 certum
1411 1438 1528 1501 viri
1573 1437 1648 1499 de
1695 1437 2023 1518 astrologia
2072 1428 2352 1518 judicium
2398 1456 2465 1498 se
2512 1438 2983 1519 deprehensuros

277 1551 530 1623 putant,
584 1544 663 1606 ab
711 1562 931 1625 eoque,
991 1544 1092 1626 qui
1137 1545 1304 1615 artis,
1333 1564 1446 1607 sua
1489 1545 1663 1607 initia
1705 1552 1925 1626 ponat,
1982 1552 2176 1605 totam
2224 1543 2591 1624 astrologiae
2634 1562 2983 1625 compagem

146 1660 154 1667 “
279 1650 403 1731 peti
452 1658 636 1731 atque
681 1650 1015 1730 impugnari
1059 1652 1398 1731 opinantur.
1491 1650 1730 1713 Etenim
1785 1651 1888 1713 vix
1942 1650 2249 1731 digressus
2296 1672 2336 1712 a
2386 1658 2811 1732 praeceptore,
2869 1652 2984 1727 cui,

279 1757 550 1837 quamvis
597 1756 786 1821 invito
817 1752 894 1832 ¹),
945 1757 1312 1838 astrologiae
1359 1765 1524 1820 certe
1569 1774 1862 1819 summam
1906 1757 2183 1819 tradendi
2228 1776 2441 1819 munus
2486 1765 2653 1820 esset
2697 1758 2982 1831 delatum,

275 1882 410 1925 cum
457 1873 524 1925 et
565 1862 696 1944 ipse
743 1864 996 1925 eandem
1043 1872 1234 1925 artem
1277 1862 1541 1944 profiteri
1587 1862 1825 1943 publice
1870 1880 2057 1943 nuper
2092 1863 2299 1943 jussus
2336 1870 2520 1935 esset,
2567 1861 2619 1925 si
2661 1862 2981 1925 destruen-

278 1970 390 2045 dis,
437 1988 591 2051 quae
637 1969 928 2032 hactenus
975 1970 1348 2046 obtinebant,
1399 1970 1720 2033 sententiis
1769 1970 1988 2032 famam
2036 1976 2367 2050 quaereret,
2416 1968 2617 2032 nimiis
2654 1968 2981 2032 difficulta-

279 2076 438 2139 tibus
485 2076 924 2159 implicabatur.
1001 2077 1284 2158 Idemque
1323 2077 1402 2139 ad
1447 2076 1742 2157 imagines
1790 2076 2077 2139 vividiore
2123 2076 2321 2139 animo
2368 2075 2789 2157 concipiendas
2834 2094 2981 2157 pro-

277 2183 505 2258 clivior,
555 2201 673 2244 non
717 2176 964 2264 poterat
1009 2202 1124 2244 non
1164 2184 1419 2266 probare
1457 2184 1853 2264 disciplinam,
1903 2201 2055 2264 quae
2103 2184 2306 2247 sidera
2354 2182 2410 2244 vi
2458 2182 2715 2265 quadam
2759 2200 2985 2245 arcana

279 2290 354 2351 ad
399 2308 500 2352 res
545 2290 839 2353 humanas
885 2289 1242 2371 omninoque
1291 2299 1610 2354 terrestres
1665 2292 1868 2355 valere
1924 2298 2256 2366 statueret,
2318 2298 2382 2352 et
2427 2289 2507 2351 ad
2552 2290 2984 2353 astronomiam

279 2396 490 2459 melius
531 2396 842 2458 colendam
879 2405 945 2458 et
979 2397 1314 2477 augendam
1349 2405 1481 2459 toto
1518 2405 1760 2476 pectore
1797 2396 2097 2473 incensus,
2145 2396 2251 2457 illa
2286 2396 2441 2476 ipsa,
2488 2413 2667 2476 quam
2704 2394 2983 2471 diximus,

279 2512 534 2565 naturae
575 2502 778 2565 indole
827 2502 1210 2566 deferebatur
1253 2504 1330 2567 ad
1375 2503 1500 2566 ista
1545 2522 1782 2567 arcana.
1854 2504 1949 2566 De
1996 2504 2091 2567 his
2136 2512 2335 2565 autem
2380 2502 2442 2564 in
2480 2503 2805 2565 Prodromo
2852 2502 2985 2583 ipso

279 2608 518 2671 nonnisi
565 2628 763 2689 pauca
807 2608 1291 2689 deprehenderis.
1384 2610 1614 2672 Verum
1659 2608 1827 2673 libris
1872 2610 2127 2690 posthac
2184 2608 2573 2690 conscriptiS,
2634 2628 2767 2671 cum
2824 2608 2981 2686 aliis,

279 2722 403 2777 tum
431 2714 781 2790 Harmonia,
831 2716 990 2784 haud
1029 2717 1216 2779 semel
1256 2716 1494 2779 illarum
1538 2735 1734 2779 rerum
1779 2716 2003 2779 mentio
2049 2715 2325 2798 injicitur,
2376 2734 2548 2798 quae,
2596 2715 2983 2797 quotiescun·

281 2843 392 2903 que
440 2830 783 2899 occurrunt,
830 2842 1014 2904 prope
1063 2823 1373 2903 attingunt
1420 2824 1510 2899 id,
1557 2824 1713 2906 quod
1759 2824 1855 2886 hic
1900 2823 2138 2887 libellus
2184 2823 2372 2886 habet
2413 2824 2803 2906 propositum.

457 2927 655 3000 Quam
701 2931 762 2992 in
809 2929 1260 3012 quaestionibus
1305 2929 1695 2992 instituendis
1737 2936 1979 2992 secutus
2016 2929 2100 2992 sit
2134 2929 2311 3005 viam,
2360 2947 2495 2992 cum
2520 2929 2819 3009 Keplerus
2856 2928 2987 3009 ipse

281 3043 344 3100 et
377 3037 438 3099 in
479 3037 856 3117 praefatione
885 3045 950 3100 et
985 3038 1188 3101 libello
1223 3039 1378 3119 ipso,
1428 3039 1584 3119 quod
1629 3037 1786 3100 idem
1825 3037 1887 3098 in
1924 3036 2091 3100 libris
2128 3036 2383 3117 posthac
2428 3035 2785 3116 conscriptis
2823 3034 2987 3109 fecit,

281 3143 435 3206 satis
482 3163 594 3206 nos
651 3144 930 3220 edoceat,
998 3145 1148 3208 baec
1201 3151 1440 3208 tantum
1496 3145 1943 3226 praemittenda
2000 3154 2159 3208 sunt.
2250 3145 2337 3209 Ut
2382 3152 2609 3208 certam
2665 3145 2987 3227 quandam,

283 3271 436 3333 quae
480 3253 885 3315 intercederet
928 3252 1088 3316 inter
1134 3252 1536 3316 revolutiones
1585 3262 1648 3316 et
1693 3253 2018 3316 distantias
2070 3252 2446 3332 planetarum
2464 3299 2480 3326 ,
2542 3251 2837 3314 rationem
2890 3251 2987 3314 in-

281 3359 536 3433 veniret,
583 3359 857 3438 primum,
909 3359 1064 3435 „via,
1115 3359 1322 3422 mirum
1369 3380 1545 3441 quam
1587 3359 1867 3434 audaei,“
1914 3357 2176 3440 planetis
2203 3357 2445 3442 Joviet
2471 3358 2676 3435 Marti,
2724 3358 2985 3440 pariter-

279 3483 392 3546 que
441 3464 668 3526 Veneri
723 3473 786 3527 et
839 3465 1136 3528 Mercurio
1193 3465 1616 3546 interpositum
1672 3466 1788 3529 sibi
1842 3465 2108 3546 fingebat
2160 3483 2377 3528 novum
2430 3466 2737 3546 planetam
2802 3483 2990 3547 „quos

279 3572 428 3633 duos
490 3571 645 3633 forte
675 3595 678 3600 ·
707 3570 783 3634 ob
842 3571 1172 3635 exilitatem
1230 3591 1344 3636 non
1403 3572 1779 3635 videamus“.
1882 3569 2021 3643 Qua
2074 3571 2175 3633 via
2231 3588 2407 3651 quum
2460 3571 2657 3634 minus
2710 3570 2772 3633 id
2832 3571 2989 3652 quod

278 3677 469 3738 vellet
514 3685 955 3757 assequeretur,
1005 3695 1099 3752 ea,
1149 3667 1325 3758 quam
1371 3677 1560 3757 figura
1603 3675 1799 3757 prima
1845 3675 1903 3739 in
1940 3677 2313 3758 praefatione
2348 3675 2596 3759 Kepleri
2636 3678 2844 3751 refert,
2888 3677 2991 3740 via

279 3782 574 3845 rationem
599 3783 768 3845 illam
796 3783 1244 3863 deprehendere
1274 3784 1577 3866 studebat,
1615 3783 2014 3859 intervallum,
2056 3801 2170 3866 quo
2198 3784 2447 3866 planeta
2473 3803 2513 3845 a
2539 3779 2681 3847 Sole
2713 3783 2988 3858 distaret,

281 3897 347 3952 ut
389 3888 588 3951 sinum
631 3907 870 3952 versum
917 3909 1182 3971 ponens,
1245 3891 1409 3972 cujus
1467 3899 1694 3953 motum
1751 3899 2037 3972 tanquam
2092 3891 2357 3953 cosinum
2412 3909 2651 3954 versum
2698 3891 2772 3952 ad
2820 3889 2985 3952 illum

277 4003 489 4075 posset
533 3995 776 4060 referre.
869 3995 1044 4068 Quod
1101 4017 1233 4060 cum
1288 3998 1656 4078 improspere
1715 3997 2145 4074 successisset,
2206 3999 2265 4060 in
2324 3997 2695 4078 explicandis
2750 3997 2984 4077 magnis

277 4102 793 4183 conjunctionibus
837 4104 1216 4184 planetarum
1259 4104 1433 4166 Jovis
1481 4111 1546 4166 et
1590 4102 1839 4167 Saturni
1884 4104 2240 4185 colligebat,
2292 4103 2515 4178 lineas,
2577 4103 2785 4185 quibus
2833 4120 2981 4164 con-

268 4209 613 4290 junctiones
658 4210 814 4272 istae
863 4211 1346 4292 depingerentur,
1397 4211 1486 4274 ita
1531 4230 1597 4274 se
1645 4229 1884 4287 secare,
1932 4220 2000 4275 ut
2042 4211 2310 4294 punctis,
2360 4210 2569 4292 quibus
2618 4214 2983 4284 secarentur,

278 4335 467 4381 novus
514 4317 767 4380 circulus
815 4317 1165 4393 efficeretur,
1215 4319 1386 4397 cujus
1433 4318 1636 4380 radius
1681 4318 1861 4398 paulo
1900 4317 2091 4399 major
2126 4327 2310 4389 esset,
2360 4337 2538 4400 quam
2572 4315 2821 4397 majoris
2860 4315 2983 4378 cir-

215 4429 252 4460 '
277 4423 396 4486 culi
433 4423 637 4486 radius
675 4423 976 4488 dimidius.
1048 4421 1318 4500 (0,5225
1351 4446 1366 4486 z
1405 4423 1460 4488 1.
1527 4423 1828 4505 Compara
1864 4425 2113 4505 figuram
2149 4424 2476 4488 secundam
2511 4423 2571 4485 in
2606 4421 2983 4504 praefatione

277 4531 579 4612 Kepleri.)
651 4529 883 4603 Quodsi
922 4531 1116 4594 lineae
1153 4532 1395 4612 trigona
1430 4532 1802 4613 aequilatera
1840 4533 2164 4603 efficerent,
2213 4549 2276 4591 re
2314 4549 2459 4593 vera
2490 4531 2790 4592 radiorum
2827 4529 2982 4592 ratio

279 4645 450 4700 esset
492 4635 600 4708 0,5
635 4659 650 4700 ε
688 4636 744 4701 1.
816 4637 955 4700 Jam
1003 4656 1144 4700 vero
1191 4657 1326 4701 cum
1371 4638 1529 4700 inter
1573 4639 1923 4707 distantiam
1966 4638 2139 4702 Jovis
2186 4646 2250 4700 et
2295 4635 2541 4700 Saturni
2587 4635 2741 4699 ratio
2786 4637 2979 4698 inter-

276 4745 459 4807 cedat
503 4745 630 4807 fere
682 4743 713 4808 1
749 4765 764 4806 ε
795 4742 864 4819 2,
929 4741 1068 4819 (52
1100 4763 1116 4806 τ
1149 4741 1288 4818 9,5)
1344 4745 1707 4824 trigonum
1753 4752 1899 4826 apta
1944 4745 2036 4808 his
2080 4743 2343 4826 planetis
2388 4743 2581 4824 figura
2623 4760 2759 4806 esse
2804 4741 2979 4804 vide-

277 4851 474 4916 batur.
565 4849 746 4915 Haud
793 4849 972 4913 aliter
1014 4851 1094 4912 ad
1141 4861 1378 4914 ceteros
1421 4851 1702 4934 planetas
1749 4854 2009 4934 reliquas
2056 4853 2275 4932 figuras
2322 4851 2647 4932 regulares,
2698 4871 2749 4913 e.
2801 4869 2853 4913 c.
2900 4848 2977 4910 ad

2469 4957 2493 5008 1
2518 4959 2553 4990 s
