3634 5575
1495 259 1564 312 ule
1593 261 1742 312 reb-
1777 257 2106 328 mmuh.
2306 255 2314 262 ’
3028 253 3150 334 31!

439 387 879 572 ῗοῶξὸιωὲῗὲ
927 416 1046 481 uie
1091 418 1262 482 00010
1305 437 1462 499 pene
1497 417 1645 482 nihil
1673 419 2061 501 relinquetur.
2137 419 2361 486 Laenio
2405 423 2541 486 nasi
2582 418 2883 488 inciditis
2912 416 2974 490 s.
3008 415 3159 490 reb.

755 611 1180 676 Promotiones
1224 611 1374 673 hae:

537 700 726 770 1583.
779 701 883 766 17.
913 700 1064 782 Maji
1126 699 1438 763 Promotio
1479 699 1746 781 puerilis.

537 786 726 857 1584.
781 785 885 854 16.
915 789 1058 853 Oct.
1127 788 1462 869 Susceptus
1524 809 1654 852 sum
1719 809 1758 852 a
1801 789 2274 874 wirtembergio
2338 790 2399 854 in
2468 793 2897 856 monasterium
2962 792 3161 862 Adel-
3215 865 3237 879 ,

999 879 1311 960 bergense.

537 964 726 1034 1586.
775 966 915 1031 Jan.
945 975 1012 1030 et
1037 966 1187 1030 Feb.
1262 967 1435 1030 Dura
1478 983 1697 1046 passus
1761 976 1827 1030 et
1891 966 2049 1030 curis
2109 967 2291 1047 plane
2350 969 2660 1032 confectus
2708 989 2861 1034 sum.
2956 967 3165 1036 Causa

868 1087 879 1092 -
975 1055 1250 1132 ‚infamia
1293 1061 1360 1118 et
1405 1055 1604 1116 odium
1651 1057 2021 1136 aequalium,
2070 1075 2221 1136 quos
2266 1065 2431 1120 metu
2472 1059 2727 1122 adactus
2753 1059 3161 1140 prodideram.

1001 1141 1044 1224 Β
1089 1144 1150 1207 in
1195 1137 1408 1222 ΕΘ,
1457 1151 1510 1215 (ς
1553 1143 1614 1205 in
1661 1144 1749 1205 M.
1781 1143 1855 1208 G.
1902 1163 2037 1208 cum
2076 1141 2181 1222 Θ.

781 1235 924 1297 Juu.
957 1241 1021 1295 et
1045 1233 1170 1295 Jul.
1247 1222 1576 1296 Ulceribus
1627 1233 1911 1312 pessimis
1976 1233 2300 1296 infestatus
2366 1234 2473 1298 sui.
2566 1235 2638 1298 In
2708 1235 2905 1300 medio
2971 1236 3164 1320 digito

1003 1323 1256 1384 dextrae
1315 1339 1530 1383 manus
1587 1339 1877 1398 vermem,
1945 1323 2003 1384 in
2054 1321 2303 1388 sinistra
2348 1323 2561 1403 ingens
2606 1323 2778 1388 ulcus
2828 1325 3041 1400 habui,
3103 1325 3165 1388 in

1003 1411 1256 1474 sinistra
1307 1410 1464 1472 tibia
1517 1409 1823 1489 putridam
1880 1412 2175 1474 lacunam.
2266 1413 2408 1474 Fuit
2466 1431 2748 1489 examen,
2818 1421 2881 1478 et
2922 1414 3165 1480 laudem

999 1500 1210 1562 merui.
1301 1497 1364 1575 ‘Ll
1411 1507 1476 1560 et
1520 1507 1572 1570 d
1615 1500 1676 1561 in
1726 1507 1879 1564 ortu.

779 1586 843 1653 6.
877 1587 1016 1652 Oct.
1083 1589 1408 1650 Promotus
1452 1607 1584 1650 sum
1630 1588 2073 1669 Mulpronuam.
2164 1587 2227 1664 ‘ll
2271 1589 2333 1652 in
2380 1591 2441 1665 0‘
2462 1585 2565 1666 Θ.

539 1677 730 1745 1587.
781 1673 844 1742 4.
876 1677 1029 1759 Apr.
1095 1675 1312 1740 Febris
1359 1695 1470 1738 me·
1501 1677 1752 1752 invasit,
1813 1695 1929 1758 quo
1977 1685 2247 1758 tempore
2306 1677 2565 1758 profeci,
2624 1675 2875 1760 ideoque
2921 1677 3017 1742 ira
3062 1678 3163 1761 diu

1002 1766 1352 1828 laborabam
1400 1765 1760 1847 aequalium,
1807 1785 2057 1847 quorum
2103 1785 2239 1829 cum
2286 1785 2401 1828 uuo
2438 1765 2657 1846 pugnis
2692 1767 2919 1830 Martio
2964 1763 3163 1850 priore

975 1850 1301 1918 *contendi
1415 1862 1466 1926 d
1520 1853 1580 1916 in
1639 1847 1712 1918 l]
1749 1856 1994 1921 ascend.
2055 1855 2469 1918 stationarius.
2576 1851 2635 1918 4.
2694 1854 2836 1921 Oct.
2896 1855 3166 1922 carmina

567 1981 576 1988 ·
1001 1944 1270 2023 deposui.
1928 1990 1937 1996 .

543 2030 728 2099 1588.
779 2027 884 2096 30.
913 2033 1078 2113 Aug.
1142 2034 1376 2097 Nomen
1423 2031 1737 2111 professus
1781 2049 1935 2094 sum.

541 2117 728 2186 1589.
787 2119 882 2184 17.
915 2121 1090 2201 Sept.
1158 2121 1496 2199 Tubingam
1541 2121 1699 2195 veni,
1747 2129 2057 2199 promotus
2106 2121 2333 2202 aliquot
2380 2119 2592 2184 diebus
2638 2129 2841 2184 antea.

539 2208 728 2276 1591.
782 2207 880 2274 10.
903 2211 1062 2292 Aug.
1129 2211 1302 2361 32⁰⁸
1347 2227 1507 2270 nova
1552 2207 1777 2272 locatio
1834 2208 2170 2290 magisterii
2228 2225 2446 2284 causa:
2508 2227 2674 2272 eram
2720 2210 3018 2273 secundus
3064 2211 3162 2272 in-

1001 2308 1098 2362 ter
1152 2297 1179 2362 1
1237 2344 1252 2359 .

778 2385 880 2452 11.
900 2388 1060 2468 Aug.
1127 2387 1326 2450 Actus
1353 2385 1718 2466 Magisterii.
1810 2385 2118 2448 Precabar
2162 2382 2277 2450 hoc
2324 2394 2593 2466 tempore
2642 2385 2829 2450 varie.

541 2475 731 2545 1593.
785 2476 886 2541 17.
917 2478 1066 2540 Feb.
1135 2474 1502 2556 Kephalgia.
2318 2537 2321 2541 ,

775 2567 933 2631 Nov.
1009 2565 1297 2628 Vocabar
1343 2561 1890 2642 Moempelgartum
1936 2563 2013 2625 ad
2060 2559 2453 2626 Fundiouem.

541 2652 729 2722 1594.
777 2653 918 2717 Jan.
997 2655 1316 2736 Agebatur
1353 2653 1427 2714 de
1467 2651 1590 2714 alia
1615 2650 1991 2734 promotione
2030 2651 2089 2714 in
2118 2649 2615 2732 wirtembergia,
2662 2649 2911 2714 tandem
2960 2646 3063 2714 18.
3102 2654 3169 2711 et

1003 2751 1147 2825 post
1174 2739 1282 2808 28.
1301 2741 1442 2805 Jan.
1481 2737 1796 2823 proposita
1824 2739 1966 2805 mihi
2006 2737 2375 2805 Graecensis
2404 2740 2669 2805 conditio
2705 2736 3160 2805 mathematica.

783 2832 1172 2913 Scripserant
1225 2833 1466 2895 ordines
1521 2830 1857 2909 Tubingam
1922 2832 1997 2893 de
2062 2829 2359 2895 mittendo
2420 2830 2641 2911 aliquo.
2744 2830 2997 2893 Electus
3050 2844 3162 2908 ego

785 2942 915 2985 sum
959 2921 1310 2984 Februario.
1407 2918 1676 2982 Visitavi
1723 2937 1894 2981 meos
1940 2926 2005 2981 et
2046 2918 2397 3001 principem.

821 3008 884 3074 5.
915 3010 1104 3074 Mart.
1179 3008 1610 3071 Dimissionem
1658 3028 1697 3068 a
1739 3007 2021 3089 Principe
2067 3007 2410 3089 impetravi.

781 3097 884 3165 13.
999 3147 1030 3175 „
1183 3100 1310 3161 Iter
1355 3099 1682 3179 ingressus.

709 3228 714 3237 ·
774 3184 882 3253 21.
915 3188 1066 3269 Apr.
1147 3187 1458 3250 viaticum
1506 3186 1652 3247 mihi
1695 3186 2061 3248 restitutum.

775 3274 882 3340 24.
914 3276 1066 3357 Maj.
1143 3274 1362 3338 Oratio
1425 3275 1638 3355 prima.
1743 3272 1937 3337 Simul
2004 3274 2215 3336 literas
2278 3273 2465 3337 Uriae
2531 3272 2887 3347 attuleram,
2952 3270 3164 3353 quibus

1005 3364 1148 3427 mihi
1195 3365 1412 3445 conjux
1461 3362 1901 3426 destinabatur.
1996 3362 2129 3443 Ego
2190 3380 2333 3424 vero
2388 3380 2656 3426 amorem
2715 3380 2944 3425 mecum
2991 3366 3163 3423 attu-

1005 3454 1216 3517 leram.
1311 3450 1529 3525 Quievi
1573 3470 1895 3533 parumper
1941 3468 2094 3515 anuo
2154 3444 2337 3515 1595.

549 3540 736 3611 1595.
792 3541 894 3607 17.
924 3543 1046 3606 Jul.
1121 3543 1440 3605 Inventum
1475 3560 1670 3603 meum
1701 3542 2055 3624 mysterium
2084 3537 2678 3619 Cosmograpbicum.
2734 3536 2963 3601 Variae
2993 3554 3165 3599 amo·

849 3666 852 3671 ·
950 3662 958 3669 ·
1007 3648 1137 3693 rum
1179 3630 1654 3693 vicissitudines.

789 3720 888 3785 17.
928 3721 1077 3784 Dec.
1152 3720 1416 3783 Primum
1461 3718 1605 3781 mihi
1652 3718 1899 3779 verbum
1956 3716 2112 3781 dixit
2158 3716 2471 3780 Vulcanus
2518 3716 2592 3777 de
2640 3714 2885 3776 Venere
2932 3728 3167 3775 mecum

1009 3808 1276 3889 nganda.
1438 3878 1444 3882 ‚
1759 3830 1778 3843 ²

617 3892 634 3905 ⁸
747 3896 886 3963 ·22.
919 3898 1069 3961 Dec.
1146 3898 1377 3960 Iterum
1401 3899 1594 3959 ‘facta
1638 3896 1861 3959 mentio
1899 3914 2005 3959 cor
2030 3894 2255 3975 tetigit.
2348 3893 2547 3955 Erant
2594 3888 2696 3969 Θ,
2740 3888 2821 3965 Ω,
2860 3890 2904 3967 ζὲ
2931 3888 2993 3951 in
3022 3886 3165 3955 VII.

1009 3986 1072 4062 ‘ll
1129 3986 1186 4049 in
1235 3978 1310 4050 U
1339 3986 1580 4049 ascend.
1641 3994 1706 4048 et
1752 3986 1893 4048 vll.
1958 4002 2215 4065 magnas
2288 3982 2500 4045 turbas
2556 3979 2725 4043 dedit
2780 3996 2936 4041 anuo
3000 3976 3165 4039 inte-

1009 4094 1118 4229 ἕο
1180 4080 1244 4136 et
1305 4075 1604 4157 amplius.-
1675 4075 1835 4138 Nam
1894 4069 1937 4152 Β
1994 4074 2053 4135 in
2120 4080 2256 4135 ortu
2312 4077 2447 4134 erat
2502 4070 2710 4133 uxoris
2756 4084 2930 4131 meae
2987 4071 3052 4127 et
3106 4064 3167 4127 in

1125 4182 1278 4226 meo.

551 4248 738 4318 1597.
833 4248 894 4318 9.
924 4253 1074 4317 Feb.
1149 4252 1492 4333 Sponsalia.

782 4340 890 4407 27.
921 4343 1074 4423 Apr.
1139 4342 1406 4423 Nuptias
1463 4337 1764 4402 celebravi
1809 4338 2165 4401 calamitoso
2212 4338 2399 4401 coelo.
2444 4402 2450 4410 ,
2490 4334 2647 4399 Erat
2692 4343 2751 4408 <5-
2784 4334 2849 4397 in
2892 4330 3021 4407 <92
3038 4348 3170 4393 ‘ra-

1011 4431 1257 4506 dicalis;
1303 4439 1518 4493 contra
1561 4428 1621 4504 ‘ll
1665 4427 1728 4491 in
1777 4422 1890 4505 85
1936 4426 2243 4491 radicalis.
2349 4482 2352 4485 .
2690 4438 2695 4445 ·

553 4515 739 4587 1598.
789 4516 897 4584 30.
929 4518 1103 4602 Sept.
1170 4521 1242 4583 In
1299 4518 1596 4600 Ungaria,
1655 4516 1955 4579 communi
2012 4515 2361 4579 calamitate
2423 4513 2726 4596 (expulsio
2785 4508 3169 4575 Lutberano-

1004 4612 1183 4683 rum).
1275 4606 1460 4672 Brevi
1505 4604 1827 4669 restitutus
1875 4623 2024 4667 sum.

553 4692 741 4761 1599.
793 4694 936 4760 Oct.
1023 4696 1282 4761 Omnino
1329 4695 1589 4770 decrevi,
1637 4693 1804 4756 abire
1836 4692 2064 4778 Styria,
2116 4694 2193 4757 ad
2223 4692 2565 4776 Tycbonem
2612 4688 2958 4764 concedere,
3008 4686 3175 4752 Gae-

1015 4787 1172 4849 saris
1219 4786 1448 4850 ambire
1493 4783 1798 4858 salarium,
1848 4784 2015 4847 nulla
2058 4803 2167 4865 spe
2212 4782 2559 4863 affulgente.
