<?xml version="1.0" encoding="UTF-8"?>
<!DOCTYPE html PUBLIC "-//W3C//DTD XHTML 1.0 Transitional//EN"
    "http://www.w3.org/TR/xhtml1/DTD/xhtml1-transitional.dtd">
<html xmlns="http://www.w3.org/1999/xhtml" xml:lang="en" lang="en">
 <head>
  <title>
</title>
<meta http-equiv="Content-Type" content="text/html;charset=utf-8" />
  <meta name='ocr-system' content='tesseract 3.04.00' />
  <meta name='ocr-capabilities' content='ocr_page ocr_carea ocr_par ocr_line ocrx_word'/>
</head>
<body>
  <div class='ocr_page' id='page_1' title='image "./joanniskepleria30frisgoog_0080.png"; bbox 0 0 3634 5575; ppageno 0'>
   <div class='ocr_carea' id='block_1_1' title="bbox 1498 373 3001 441">
    <p class='ocr_par' dir='ltr' id='par_1_1' title="bbox 1498 373 3001 441">
     <span class='ocr_line' id='line_1_1' title="bbox 1498 373 3001 441; baseline 0 -14"><span class='ocrx_word' id='word_1_1' title='bbox 1498 374 1821 427; x_wconf 79' lang='lat' dir='ltr'><strong>Prooemium.</strong></span> <span class='ocrx_word' id='word_1_2' title='bbox 2924 373 3001 441; x_wconf 83' lang='lat'><strong>61</strong></span> 
     </span>
    </p>
   </div>
   <div class='ocr_carea' id='block_1_2' title="bbox 282 528 3011 1597">
    <p class='ocr_par' dir='ltr' id='par_1_2' title="bbox 283 528 3011 655">
     <span class='ocr_line' id='line_1_2' title="bbox 283 528 3011 655; baseline 0.001 -72"><span class='ocrx_word' id='word_1_3' title='bbox 283 528 686 655; x_wconf 53' lang='lat' dir='ltr'><strong>{summaezeriu</strong></span> <span class='ocrx_word' id='word_1_4' title='bbox 715 534 920 597; x_wconf 78' lang='lat' dir='ltr'><strong>similia,</strong></span> <span class='ocrx_word' id='word_1_5' title='bbox 957 540 1108 601; x_wconf 83' lang='lat' dir='ltr'><strong>atque</strong></span> <span class='ocrx_word' id='word_1_6' title='bbox 1141 536 1425 599; x_wconf 76' lang='lat' dir='ltr'><strong>praesertim</strong></span> <span class='ocrx_word' id='word_1_7' title='bbox 1478 536 1632 587; x_wconf 86' lang='lat' dir='ltr'><strong>etiam</strong></span> <span class='ocrx_word' id='word_1_8' title='bbox 1677 536 1853 587; x_wconf 76' lang='lat' dir='ltr'><strong>calculi</strong></span> <span class='ocrx_word' id='word_1_9' title='bbox 1898 535 2119 589; x_wconf 82' lang='lat' dir='ltr'><strong>laborem</strong></span> <span class='ocrx_word' id='word_1_10' title='bbox 2146 541 2206 589; x_wconf 80' lang='lat' dir='ltr'><strong>et</strong></span> <span class='ocrx_word' id='word_1_11' title='bbox 2238 534 2457 587; x_wconf 80' lang='lat' dir='ltr'><strong>taedium</strong></span> <span class='ocrx_word' id='word_1_12' title='bbox 2506 550 2605 589; x_wconf 85' lang='lat' dir='ltr'><strong>non</strong></span> <span class='ocrx_word' id='word_1_13' title='bbox 2642 530 2752 587; x_wconf 75' lang='lat' dir='ltr'><strong>esee</strong></span> <span class='ocrx_word' id='word_1_14' title='bbox 2786 538 2923 601; x_wconf 76' lang='lat' dir='ltr'><strong>oneri</strong></span> <span class='ocrx_word' id='word_1_15' title='bbox 2958 542 3011 587; x_wconf 86' lang='lat' dir='ltr'><strong>et</strong></span> 
     </span>
     <span class='ocr_line' id='line_1_3' title="bbox 317 604 639 655; baseline 0.006 -2"><span class='ocrx_word' id='word_1_16' title='bbox 317 604 432 653; x_wconf 65' lang='lat' dir='ltr'><strong>nati</strong></span> <span class='ocrx_word' id='word_1_17' title='bbox 468 604 512 653; x_wconf 80' lang='lat' dir='ltr'><strong>&#39;o</strong></span> <span class='ocrx_word' id='word_1_18' title='bbox 595 618 639 655; x_wconf 93' lang='lat' dir='ltr'><strong>c.</strong></span> 
     </span>
    </p>

    <p class='ocr_par' dir='ltr' id='par_1_3' title="bbox 285 673 3007 886">
     <span class='ocr_line' id='line_1_4' title="bbox 455 673 3007 743; baseline 0 -18"><span class='ocrx_word' id='word_1_19' title='bbox 455 673 642 735; x_wconf 85' lang='lat' dir='ltr'><strong>Quibus</strong></span> <span class='ocrx_word' id='word_1_20' title='bbox 674 678 953 740; x_wconf 76' lang='lat' dir='ltr'><strong>praemissis</strong></span> <span class='ocrx_word' id='word_1_21' title='bbox 989 678 1095 727; x_wconf 88' lang='lat' dir='ltr'><strong>adit</strong></span> <span class='ocrx_word' id='word_1_22' title='bbox 1128 676 1300 727; x_wconf 81' lang='lat' dir='ltr'><strong>Herw..</strong></span> <span class='ocrx_word' id='word_1_23' title='bbox 1330 679 1667 742; x_wconf 83' lang='lat' dir='ltr'><strong>quaestionem</strong></span> <span class='ocrx_word' id='word_1_24' title='bbox 1721 680 1784 729; x_wconf 88' lang='lat' dir='ltr'><strong>de</strong></span> <span class='ocrx_word' id='word_1_25' title='bbox 1830 680 2035 730; x_wconf 86' lang='lat' dir='ltr'><strong>Lucano</strong></span> <span class='ocrx_word' id='word_1_26' title='bbox 2085 678 2298 743; x_wconf 72' lang='lat' dir='ltr'><strong>pluribus</strong></span> <span class='ocrx_word' id='word_1_27' title='bbox 2315 712 2331 735; x_wconf 86' lang='lat'><strong>,</strong></span> <span class='ocrx_word' id='word_1_28' title='bbox 2384 679 2479 727; x_wconf 85' lang='lat' dir='ltr'><strong>alio</strong></span> <span class='ocrx_word' id='word_1_29' title='bbox 2528 678 2635 727; x_wconf 90' lang='lat' dir='ltr'><strong>loco</strong></span> <span class='ocrx_word' id='word_1_30' title='bbox 2678 676 3007 733; x_wconf 83' lang='lat' dir='ltr'><strong>inserendam.</strong></span> 
     </span>
     <span class='ocr_line' id='line_1_5' title="bbox 288 746 3007 815; baseline 0.002 -23"><span class='ocrx_word' id='word_1_31' title='bbox 288 750 360 792; x_wconf 78' lang='lat' dir='ltr'><strong>et</strong></span> <span class='ocrx_word' id='word_1_32' title='bbox 397 747 472 794; x_wconf 88' lang='lat' dir='ltr'><strong>sic</strong></span> <span class='ocrx_word' id='word_1_33' title='bbox 506 748 782 797; x_wconf 80' lang='lat' dir='ltr'><strong>concludit:</strong></span> <span class='ocrx_word' id='word_1_34' title='bbox 816 748 1049 799; x_wconf 85' lang='lat' dir='ltr'><strong>Petitioni</strong></span> <span class='ocrx_word' id='word_1_35' title='bbox 1083 756 1202 798; x_wconf 82' lang='lat' dir='ltr'><strong>tuae</strong></span> <span class='ocrx_word' id='word_1_36' title='bbox 1237 750 1429 813; x_wconf 88' lang='lat' dir='ltr'><strong>utrique</strong></span> <span class='ocrx_word' id='word_1_37' title='bbox 1466 750 1770 800; x_wconf 74' lang='lat' dir='ltr'><strong>satisfaciam</strong></span> <span class='ocrx_word' id='word_1_38' title='bbox 1804 766 1892 815; x_wconf 89' lang='lat' dir='ltr'><strong>pro</strong></span> <span class='ocrx_word' id='word_1_39' title='bbox 1928 750 2107 800; x_wconf 78' lang='lat' dir='ltr'><strong>viribus</strong></span> <span class='ocrx_word' id='word_1_40' title='bbox 2160 757 2212 799; x_wconf 86' lang='lat' dir='ltr'><strong>et</strong></span> <span class='ocrx_word' id='word_1_41' title='bbox 2264 749 2382 798; x_wconf 87' lang='lat' dir='ltr'><strong>mihi</strong></span> <span class='ocrx_word' id='word_1_42' title='bbox 2431 763 2535 800; x_wconf 88' lang='lat' dir='ltr'><strong>rem</strong></span> <span class='ocrx_word' id='word_1_43' title='bbox 2584 754 2778 813; x_wconf 75' lang='lat' dir='ltr'><strong>gratam</strong></span> <span class='ocrx_word' id='word_1_44' title='bbox 2814 746 3007 805; x_wconf 73' lang='lat' dir='ltr'><strong>feceris,</strong></span> 
     </span>
     <span class='ocr_line' id='line_1_6' title="bbox 285 816 2820 886; baseline 0.001 -23"><span class='ocrx_word' id='word_1_45' title='bbox 285 816 344 863; x_wconf 73' lang='lat' dir='ltr'><strong>ai</strong></span> <span class='ocrx_word' id='word_1_46' title='bbox 387 816 530 880; x_wconf 85' lang='lat' dir='ltr'><strong>plura</strong></span> <span class='ocrx_word' id='word_1_47' title='bbox 563 820 778 882; x_wconf 87' lang='lat' dir='ltr'><strong>petieris,</strong></span> <span class='ocrx_word' id='word_1_48' title='bbox 813 819 910 869; x_wconf 85' lang='lat' dir='ltr'><strong>hac</strong></span> <span class='ocrx_word' id='word_1_49' title='bbox 945 820 1075 870; x_wconf 87' lang='lat' dir='ltr'><strong>enim</strong></span> <span class='ocrx_word' id='word_1_50' title='bbox 1113 820 1370 870; x_wconf 80' lang='lat' dir='ltr'><strong>occasione</strong></span> <span class='ocrx_word' id='word_1_51' title='bbox 1406 834 1582 870; x_wconf 82' lang='lat' dir='ltr'><strong>ansam</strong></span> <span class='ocrx_word' id='word_1_52' title='bbox 1618 822 1829 885; x_wconf 82' lang='lat' dir='ltr'><strong>arripere</strong></span> <span class='ocrx_word' id='word_1_53' title='bbox 1866 836 2077 884; x_wconf 85' lang='lat' dir='ltr'><strong>possum,</strong></span> <span class='ocrx_word' id='word_1_54' title='bbox 2116 827 2174 870; x_wconf 85' lang='lat' dir='ltr'><strong>ut</strong></span> <span class='ocrx_word' id='word_1_55' title='bbox 2208 825 2260 871; x_wconf 82' lang='lat' dir='ltr'><strong>et</strong></span> <span class='ocrx_word' id='word_1_56' title='bbox 2297 820 2386 869; x_wconf 88' lang='lat' dir='ltr'><strong>tibi</strong></span> <span class='ocrx_word' id='word_1_57' title='bbox 2420 820 2561 886; x_wconf 83' lang='lat' dir='ltr'><strong>plura</strong></span> <span class='ocrx_word' id='word_1_58' title='bbox 2595 818 2820 869; x_wconf 83' lang='lat' dir='ltr'><strong>scribam.</strong></span> 
     </span>
    </p>

    <p class='ocr_par' dir='ltr' id='par_1_4' title="bbox 282 886 3006 1295">
     <span class='ocr_line' id='line_1_7' title="bbox 449 886 3002 957; baseline 0.001 -20"><span class='ocrx_word' id='word_1_59' title='bbox 449 886 597 939; x_wconf 79' lang='lat' dir='ltr'><strong>Diess</strong></span> <span class='ocrx_word' id='word_1_60' title='bbox 635 888 900 941; x_wconf 85' lang='lat' dir='ltr'><strong>Schreiben</strong></span> <span class='ocrx_word' id='word_1_61' title='bbox 935 890 1256 941; x_wconf 80' lang='lat' dir='ltr'><strong>iiberschicke</strong></span> <span class='ocrx_word' id='word_1_62' title='bbox 1303 892 1386 941; x_wconf 84' lang='lat' dir='ltr'><strong>ich</strong></span> <span class='ocrx_word' id='word_1_63' title='bbox 1428 893 1614 941; x_wconf 77' lang='lat' dir='ltr'><strong>meinos</strong></span> <span class='ocrx_word' id='word_1_64' title='bbox 1669 906 1752 957; x_wconf 75' lang='lat' dir='ltr'><strong>gn.</strong></span> <span class='ocrx_word' id='word_1_65' title='bbox 1789 893 1999 942; x_wconf 80' lang='lat' dir='ltr'><strong>Fiirsten</strong></span> <span class='ocrx_word' id='word_1_66' title='bbox 2036 907 2084 941; x_wconf 92' lang='lat' dir='ltr'><strong>u.</strong></span> <span class='ocrx_word' id='word_1_67' title='bbox 2122 890 2284 941; x_wconf 84' lang='lat' dir='ltr'><strong>Herrn</strong></span> <span class='ocrx_word' id='word_1_68' title='bbox 2331 897 2549 957; x_wconf 78' lang='lat' dir='ltr'><strong>agenten</strong></span> <span class='ocrx_word' id='word_1_69' title='bbox 2596 905 2655 939; x_wconf 77' lang='lat' dir='ltr'><strong>zu</strong></span> <span class='ocrx_word' id='word_1_70' title='bbox 2692 889 2855 957; x_wconf 79' lang='lat' dir='ltr'><strong>Prng,</strong></span> <span class='ocrx_word' id='word_1_71' title='bbox 2891 889 3002 939; x_wconf 77' lang='lat' dir='ltr'><strong>soh.</strong></span> 
     </span>
     <span class='ocr_line' id='line_1_8' title="bbox 282 955 3005 1029; baseline 0.002 -23"><span class='ocrx_word' id='word_1_72' title='bbox 282 955 643 1017; x_wconf 74' lang='lat' dir='ltr'><strong>Menharden.</strong></span> <span class='ocrx_word' id='word_1_73' title='bbox 696 961 740 1011; x_wconf 91' lang='lat'><strong>1.</strong></span> <span class='ocrx_word' id='word_1_74' title='bbox 777 961 848 1011; x_wconf 79' lang='lat' dir='ltr'><strong>M.</strong></span> <span class='ocrx_word' id='word_1_75' title='bbox 886 960 1236 1013; x_wconf 86' lang='lat' dir='ltr'><strong>Lateinischen</strong></span> <span class='ocrx_word' id='word_1_76' title='bbox 1275 961 1514 1026; x_wconf 79' lang='lat' dir='ltr'><strong>Cantzley</strong></span> <span class='ocrx_word' id='word_1_77' title='bbox 1557 963 1931 1029; x_wconf 75' lang='lat' dir='ltr'><strong>Registratoren</strong></span> <span class='ocrx_word' id='word_1_78' title='bbox 1977 979 2040 1013; x_wconf 81' lang='lat' dir='ltr'><strong>zu</strong></span> <span class='ocrx_word' id='word_1_79' title='bbox 2069 962 2248 1027; x_wconf 82' lang='lat' dir='ltr'><strong>·Prag,</strong></span> <span class='ocrx_word' id='word_1_80' title='bbox 2304 962 2513 1013; x_wconf 72' lang='lat' dir='ltr'><strong>velcher</strong></span> <span class='ocrx_word' id='word_1_81' title='bbox 2560 961 2626 1011; x_wconf 87' lang='lat' dir='ltr'><strong>Es</strong></span> <span class='ocrx_word' id='word_1_82' title='bbox 2682 961 2793 1011; x_wconf 89' lang='lat' dir='ltr'><strong>dem</strong></span> <span class='ocrx_word' id='word_1_83' title='bbox 2842 960 3005 1011; x_wconf 83' lang='lat' dir='ltr'><strong>Herm</strong></span> 
     </span>
     <span class='ocr_line' id='line_1_9' title="bbox 287 1026 3006 1100; baseline 0.001 -21"><span class='ocrx_word' id='word_1_84' title='bbox 287 1026 474 1090; x_wconf 78' lang='lat' dir='ltr'><strong>Casal,</strong></span> <span class='ocrx_word' id='word_1_85' title='bbox 510 1031 553 1081; x_wconf 90' lang='grc' dir='ltr'><strong>Ι.</strong></span> <span class='ocrx_word' id='word_1_86' title='bbox 591 1032 794 1083; x_wconf 86' lang='lat' dir='ltr'><strong>Durchl.</strong></span> <span class='ocrx_word' id='word_1_87' title='bbox 834 1033 1111 1100; x_wconf 82' lang='lat' dir='ltr'><strong>Erzherzog</strong></span> <span class='ocrx_word' id='word_1_88' title='bbox 1145 1034 1449 1083; x_wconf 85' lang='lat' dir='ltr'><strong>Ferdinands</strong></span> <span class='ocrx_word' id='word_1_89' title='bbox 1483 1033 1622 1083; x_wconf 84' lang='lat' dir='ltr'><strong>Rath</strong></span> <span class='ocrx_word' id='word_1_90' title='bbox 1656 1050 1707 1084; x_wconf 90' lang='lat' dir='ltr'><strong>u.</strong></span> <span class='ocrx_word' id='word_1_91' title='bbox 1743 1034 2141 1085; x_wconf 81' lang='lat' dir='ltr'><strong>Hofsecretarien</strong></span> <span class='ocrx_word' id='word_1_92' title='bbox 2191 1032 2485 1084; x_wconf 71' lang='lat' dir='ltr'><strong>ruschicken</strong></span> <span class='ocrx_word' id='word_1_93' title='bbox 2532 1032 2723 1083; x_wconf 74' lang='lat' dir='ltr'><strong>viirdet</strong></span> <span class='ocrx_word' id='word_1_94' title='bbox 2764 1048 2813 1082; x_wconf 92' lang='lat' dir='ltr'><strong>u.</strong></span> <span class='ocrx_word' id='word_1_95' title='bbox 2852 1030 3006 1081; x_wconf 80' lang='lat' dir='ltr'>durch</span> 
     </span>
     <span class='ocr_line' id='line_1_10' title="bbox 285 1098 3003 1169; baseline 0.001 -20"><span class='ocrx_word' id='word_1_96' title='bbox 285 1098 419 1151; x_wconf 76' lang='lat' dir='ltr'><strong>diss.</strong></span> <span class='ocrx_word' id='word_1_97' title='bbox 446 1102 564 1153; x_wconf 88' lang='lat' dir='ltr'><strong>oder</strong></span> <span class='ocrx_word' id='word_1_98' title='bbox 599 1104 913 1169; x_wconf 77' lang='lat' dir='ltr'><strong>dergleichen</strong></span> <span class='ocrx_word' id='word_1_99' title='bbox 947 1104 1111 1155; x_wconf 85' lang='lat' dir='ltr'><strong>Mittel</strong></span> <span class='ocrx_word' id='word_1_100' title='bbox 1147 1104 1282 1155; x_wconf 81' lang='lat' dir='ltr'><strong>kann</strong></span> <span class='ocrx_word' id='word_1_101' title='bbox 1318 1106 1404 1156; x_wconf 89' lang='lat' dir='ltr'><strong>der</strong></span> <span class='ocrx_word' id='word_1_102' title='bbox 1436 1106 1566 1155; x_wconf 81' lang='lat' dir='ltr'><strong>Herr</strong></span> <span class='ocrx_word' id='word_1_103' title='bbox 1599 1098 1727 1169; x_wconf 85' lang='lat' dir='ltr'><strong>ye&#39;de</strong></span> <span class='ocrx_word' id='word_1_104' title='bbox 1763 1105 1915 1164; x_wconf 84' lang='lat' dir='ltr'><strong>Post,</strong></span> <span class='ocrx_word' id='word_1_105' title='bbox 1956 1120 2101 1156; x_wconf 72' lang='lat' dir='ltr'><strong>vann</strong></span> <span class='ocrx_word' id='word_1_106' title='bbox 2148 1104 2216 1153; x_wconf 88' lang='lat' dir='ltr'><strong>Er</strong></span> <span class='ocrx_word' id='word_1_107' title='bbox 2258 1105 2355 1155; x_wconf 73' lang='lat' dir='ltr'><strong>will</strong></span> <span class='ocrx_word' id='word_1_108' title='bbox 2374 1140 2389 1163; x_wconf 88' lang='lat'><strong>,</strong></span> <span class='ocrx_word' id='word_1_109' title='bbox 2442 1106 2535 1155; x_wconf 89' lang='lat' dir='ltr'><strong>mir</strong></span> <span class='ocrx_word' id='word_1_110' title='bbox 2588 1102 2841 1154; x_wconf 88' lang='lat' dir='ltr'><strong>schreiben</strong></span> <span class='ocrx_word' id='word_1_111' title='bbox 2888 1116 3003 1153; x_wconf 81' lang='lat' dir='ltr'><strong>zue-</strong></span> 
     </span>
     <span class='ocr_line' id='line_1_11' title="bbox 284 1171 3005 1294; baseline 0.001 -73"><span class='ocrx_word' id='word_1_112' title='bbox 284 1171 558 1294; x_wconf 56' lang='lat' dir='ltr'><strong>acffichkenss</strong></span> <span class='ocrx_word' id='word_1_113' title='bbox 595 1189 743 1225; x_wconf 76' lang='lat' dir='ltr'><strong>vanu</strong></span> <span class='ocrx_word' id='word_1_114' title='bbox 777 1176 844 1225; x_wconf 86' lang='lat' dir='ltr'><strong>Er</strong></span> <span class='ocrx_word' id='word_1_115' title='bbox 880 1176 1028 1227; x_wconf 76' lang='lat' dir='ltr'><strong>ullein</strong></span> <span class='ocrx_word' id='word_1_116' title='bbox 1064 1178 1142 1226; x_wconf 91' lang='lat' dir='ltr'><strong>ein</strong></span> <span class='ocrx_word' id='word_1_117' title='bbox 1181 1175 1360 1241; x_wconf 81' lang='lat' dir='ltr'><strong>Cepert</strong></span> <span class='ocrx_word' id='word_1_118' title='bbox 1394 1178 1606 1227; x_wconf 75' lang='lat' dir='ltr'><strong>dariiber</strong></span> <span class='ocrx_word' id='word_1_119' title='bbox 1642 1190 1707 1226; x_wconf 83' lang='lat' dir='ltr'><strong>an</strong></span> <span class='ocrx_word' id='word_1_120' title='bbox 1744 1177 1980 1229; x_wconf 85' lang='lat' dir='ltr'><strong>ermelten</strong></span> <span class='ocrx_word' id='word_1_121' title='bbox 2014 1177 2063 1226; x_wconf 86' lang='lat' dir='ltr'><strong>J.</strong></span> <span class='ocrx_word' id='word_1_122' title='bbox 2100 1176 2345 1230; x_wconf 82' lang='lat' dir='ltr'><strong>Menhard</strong></span> <span class='ocrx_word' id='word_1_123' title='bbox 2368 1175 2557 1233; x_wconf 84' lang='lat' dir='ltr'><strong>macht,</strong></span> <span class='ocrx_word' id='word_1_124' title='bbox 2592 1175 2695 1225; x_wconf 89' lang='lat' dir='ltr'><strong>und</strong></span> <span class='ocrx_word' id='word_1_125' title='bbox 2718 1174 2849 1227; x_wconf 85' lang='lat' dir='ltr'><strong>nach</strong></span> <span class='ocrx_word' id='word_1_126' title='bbox 2872 1172 3005 1242; x_wconf 69' lang='lat' dir='ltr'><strong>Prag</strong></span> 
     </span>
     <span class='ocr_line' id='line_1_12' title="bbox 286 1245 578 1295; baseline 0.017 -5"><span class='ocrx_word' id='word_1_127' title='bbox 286 1255 358 1291; x_wconf 71' lang='lat' dir='ltr'><strong>sc</strong></span> <span class='ocrx_word' id='word_1_128' title='bbox 401 1245 444 1295; x_wconf 88' lang='lat' dir='ltr'><strong>&#39;c</strong></span> <span class='ocrx_word' id='word_1_129' title='bbox 479 1245 578 1295; x_wconf 83' lang='lat' dir='ltr'><strong>het.</strong></span> 
     </span>
    </p>

    <p class='ocr_par' dir='ltr' id='par_1_5' title="bbox 446 1315 1721 1384">
     <span class='ocr_line' id='line_1_13' title="bbox 446 1315 1721 1384; baseline 0.002 -19"><span class='ocrx_word' id='word_1_130' title='bbox 446 1315 644 1367; x_wconf 87' lang='lat' dir='ltr'><strong>Damitt</strong></span> <span class='ocrx_word' id='word_1_131' title='bbox 677 1331 778 1367; x_wconf 75' lang='lat' dir='ltr'><strong>was</strong></span> <span class='ocrx_word' id='word_1_132' title='bbox 816 1316 926 1367; x_wconf 86' lang='lat' dir='ltr'><strong>dem</strong></span> <span class='ocrx_word' id='word_1_133' title='bbox 962 1317 1122 1368; x_wconf 81' lang='lat' dir='ltr'><strong>Herm</strong></span> <span class='ocrx_word' id='word_1_134' title='bbox 1159 1318 1254 1367; x_wconf 90' lang='lat' dir='ltr'><strong>lieb</strong></span> <span class='ocrx_word' id='word_1_135' title='bbox 1291 1318 1392 1368; x_wconf 88' lang='lat' dir='ltr'><strong>und</strong></span> <span class='ocrx_word' id='word_1_136' title='bbox 1427 1320 1721 1384; x_wconf 87' lang='lat' dir='ltr'><strong>angenemb.</strong></span> 
     </span>
    </p>

    <p class='ocr_par' dir='ltr' id='par_1_6' title="bbox 516 1386 2928 1597">
     <span class='ocr_line' id='line_1_14' title="bbox 516 1386 1739 1447; baseline -0.001 -9"><span class='ocrx_word' id='word_1_137' title='bbox 516 1386 706 1439; x_wconf 80' lang='lat' dir='ltr'><strong>Datum</strong></span> <span class='ocrx_word' id='word_1_138' title='bbox 739 1387 1009 1447; x_wconf 78' lang='lat' dir='ltr'><strong>Miinchen,</strong></span> <span class='ocrx_word' id='word_1_139' title='bbox 1047 1390 1145 1439; x_wconf 88' lang='lat' dir='ltr'><strong>den</strong></span> <span class='ocrx_word' id='word_1_140' title='bbox 1181 1386 1338 1439; x_wconf 71' lang='lat' dir='ltr'><strong>2⁴ten</strong></span> <span class='ocrx_word' id='word_1_141' title='bbox 1373 1389 1482 1440; x_wconf 86' lang='lat' dir='ltr'><strong>Oct.</strong></span> <span class='ocrx_word' id='word_1_142' title='bbox 1521 1388 1620 1439; x_wconf 82' lang='lat' dir='ltr'><strong>A.⁰</strong></span> <span class='ocrx_word' id='word_1_143' title='bbox 1657 1387 1739 1438; x_wconf 80' lang='lat'><strong>97.</strong></span> 
     </span>
     <span class='ocr_line' id='line_1_15' title="bbox 1852 1459 2584 1524; baseline 0 -15"><span class='ocrx_word' id='word_1_144' title='bbox 1852 1460 1982 1510; x_wconf 80' lang='lat' dir='ltr'><strong>Dess</strong></span> <span class='ocrx_word' id='word_1_145' title='bbox 2017 1459 2177 1509; x_wconf 83' lang='lat' dir='ltr'><strong>Herm</strong></span> <span class='ocrx_word' id='word_1_146' title='bbox 2216 1460 2584 1524; x_wconf 73' lang='lat' dir='ltr'><strong>dienstvilliger</strong></span> 
     </span>
     <span class='ocr_line' id='line_1_16' title="bbox 1638 1528 2928 1597; baseline 0.001 -16"><span class='ocrx_word' id='word_1_147' title='bbox 1638 1532 1794 1582; x_wconf 76' lang='lat' dir='ltr'><strong>Ham</strong></span> <span class='ocrx_word' id='word_1_148' title='bbox 1832 1531 1997 1597; x_wconf 73' lang='lat' dir='ltr'><strong>G&#39;eo‘ry</strong></span> <span class='ocrx_word' id='word_1_149' title='bbox 2032 1530 2276 1583; x_wconf 73' lang='lat' dir='ltr'><strong>Her-wart</strong></span> <span class='ocrx_word' id='word_1_150' title='bbox 2312 1546 2357 1582; x_wconf 83' lang='grc' dir='ltr'><strong>υ.</strong></span> <span class='ocrx_word' id='word_1_151' title='bbox 2398 1530 2733 1597; x_wconf 69' lang='lat' dir='ltr'><strong>Hokenburq.</strong></span> <span class='ocrx_word' id='word_1_152' title='bbox 2769 1528 2928 1597; x_wconf 76' lang='lat' dir='ltr'><strong>Mppr.</strong></span> 
     </span>
    </p>
   </div>
   <div class='ocr_carea' id='block_1_3' title="bbox 443 1617 2999 1685">
    <p class='ocr_par' dir='ltr' id='par_1_7' title="bbox 443 1617 2999 1685">
     <span class='ocr_line' id='line_1_17' title="bbox 443 1617 2999 1685; baseline 0 -17"><span class='ocrx_word' id='word_1_153' title='bbox 443 1617 734 1683; x_wconf 78' lang='lat' dir='ltr'><strong>Inscriptio:</strong></span> <span class='ocrx_word' id='word_1_154' title='bbox 770 1620 899 1670; x_wconf 89' lang='lat' dir='ltr'><strong>Dem</strong></span> <span class='ocrx_word' id='word_1_155' title='bbox 954 1621 1263 1671; x_wconf 79' lang='lat' dir='ltr'><strong>Ehrnuesten</strong></span> <span class='ocrx_word' id='word_1_156' title='bbox 1316 1620 1460 1671; x_wconf 83' lang='lat' dir='ltr'><strong>Hoch</strong></span> <span class='ocrx_word' id='word_1_157' title='bbox 1495 1620 1594 1671; x_wconf 87' lang='lat' dir='ltr'><strong>und</strong></span> <span class='ocrx_word' id='word_1_158' title='bbox 1630 1620 1997 1685; x_wconf 78' lang='lat' dir='ltr'><strong>Wohlgelerten</strong></span> <span class='ocrx_word' id='word_1_159' title='bbox 2032 1619 2275 1685; x_wconf 77' lang='lat' dir='ltr'><strong>Magister</strong></span> <span class='ocrx_word' id='word_1_160' title='bbox 2324 1620 2489 1670; x_wconf 80' lang='lat' dir='ltr'><strong>Johan</strong></span> <span class='ocrx_word' id='word_1_161' title='bbox 2523 1618 2726 1684; x_wconf 85' lang='lat' dir='ltr'><strong>Kepler,</strong></span> <span class='ocrx_word' id='word_1_162' title='bbox 2765 1621 2852 1671; x_wconf 86' lang='lat' dir='ltr'><strong>der</strong></span> <span class='ocrx_word' id='word_1_163' title='bbox 2882 1619 2999 1671; x_wconf 74' lang='lat' dir='ltr'><strong>lobl.</strong></span> 
     </span>
    </p>
   </div>
   <div class='ocr_carea' id='block_1_4' title="bbox 283 1687 2857 1813">
    <p class='ocr_par' dir='ltr' id='par_1_8' title="bbox 283 1687 2857 1813">
     <span class='ocr_line' id='line_1_18' title="bbox 283 1687 2845 1813; baseline 0.001 -74"><span class='ocrx_word' id='word_1_164' title='bbox 283 1687 626 1741; x_wconf 78' lang='lat' dir='ltr'><strong>Landstaend</strong></span> <span class='ocrx_word' id='word_1_165' title='bbox 659 1707 723 1741; x_wconf 82' lang='lat' dir='ltr'><strong>zu</strong></span> <span class='ocrx_word' id='word_1_166' title='bbox 757 1690 1075 1756; x_wconf 77' lang='lat' dir='ltr'><strong>Steyrmarkh</strong></span> <span class='ocrx_word' id='word_1_167' title='bbox 1107 1691 1481 1751; x_wconf 83' lang='lat' dir='ltr'><strong>Mathematico,</strong></span> <span class='ocrx_word' id='word_1_168' title='bbox 1517 1694 1730 1743; x_wconf 88' lang='lat' dir='ltr'><strong>meinem</strong></span> <span class='ocrx_word' id='word_1_169' title='bbox 1767 1692 1967 1743; x_wconf 80' lang='lat' dir='ltr'><strong>sonders</strong></span> <span class='ocrx_word' id='word_1_170' title='bbox 2002 1691 2163 1741; x_wconf 87' lang='lat' dir='ltr'><strong>lieben</strong></span> <span class='ocrx_word' id='word_1_171' title='bbox 2198 1691 2359 1742; x_wconf 85' lang='lat' dir='ltr'><strong>Hcrrn</strong></span> <span class='ocrx_word' id='word_1_172' title='bbox 2391 1690 2493 1742; x_wconf 89' lang='lat' dir='ltr'><strong>und</strong></span> <span class='ocrx_word' id='word_1_173' title='bbox 2531 1691 2762 1813; x_wconf 50' lang='lat' dir='ltr'><strong>bonag,-</strong></span> <span class='ocrx_word' id='word_1_174' title='bbox 2792 1769 2845 1813; x_wconf 57' lang='lat' dir='ltr'><em>u</em></span> 
     </span>
     <span class='ocr_line' id='line_1_19' title="bbox 2763 1776 2857 1813; baseline -0.032 0"><span class='ocrx_word' id='word_1_175' title='bbox 2763 1776 2789 1813; x_wconf 79' lang='lat' dir='ltr'><strong>e</strong></span> <span class='ocrx_word' id='word_1_176' title='bbox 2844 1795 2857 1810; x_wconf 91' lang='lat'><strong>.</strong></span> 
     </span>
    </p>
   </div>
   <div class='ocr_carea' id='block_1_5' title="bbox 279 1846 2997 3184">
    <p class='ocr_par' dir='ltr' id='par_1_9' title="bbox 285 1846 2997 1987">
     <span class='ocr_line' id='line_1_20' title="bbox 318 1846 2997 1935; baseline 0 -34"><span class='ocrx_word' id='word_1_177' title='bbox 318 1922 335 1935; x_wconf 47' lang='lat'><strong>·</strong></span> <span class='ocrx_word' id='word_1_178' title='bbox 413 1851 753 1935; x_wconf 42' lang='lat' dir='ltr'><strong>&#39;Keplerus</strong></span> <span class='ocrx_word' id='word_1_179' title='bbox 787 1852 840 1903; x_wconf 87' lang='lat' dir='ltr'><strong>in</strong></span> <span class='ocrx_word' id='word_1_180' title='bbox 873 1854 1186 1917; x_wconf 75' lang='lat' dir='ltr'><strong>responsione</strong></span> <span class='ocrx_word' id='word_1_181' title='bbox 1223 1849 1294 1914; x_wconf 85' lang='lat' dir='ltr'><strong>(d.</strong></span> <span class='ocrx_word' id='word_1_182' title='bbox 1334 1851 1380 1902; x_wconf 88' lang='lat' dir='ltr'><strong>d.</strong></span> <span class='ocrx_word' id='word_1_183' title='bbox 1421 1846 1505 1899; x_wconf 78' lang='lat'><strong>24.</strong></span> <span class='ocrx_word' id='word_1_184' title='bbox 1545 1851 1671 1903; x_wconf 88' lang='lat' dir='ltr'><strong>Dec.</strong></span> <span class='ocrx_word' id='word_1_185' title='bbox 1709 1846 1802 1912; x_wconf 80' lang='lat'><strong>97)</strong></span> <span class='ocrx_word' id='word_1_186' title='bbox 1858 1850 1922 1901; x_wconf 89' lang='lat' dir='ltr'><strong>de</strong></span> <span class='ocrx_word' id='word_1_187' title='bbox 1977 1850 2181 1901; x_wconf 84' lang='lat' dir='ltr'><strong>Lucano</strong></span> <span class='ocrx_word' id='word_1_188' title='bbox 2236 1851 2573 1917; x_wconf 77' lang='lat' dir='ltr'><strong>quaestionem</strong></span> <span class='ocrx_word' id='word_1_189' title='bbox 2620 1852 2816 1917; x_wconf 69' lang='lat' dir='ltr'><strong>propius</strong></span> <span class='ocrx_word' id='word_1_190' title='bbox 2870 1850 2997 1915; x_wconf 84' lang='lat' dir='ltr'><strong>adit,</strong></span> 
     </span>
     <span class='ocr_line' id='line_1_21' title="bbox 285 1925 1574 1987; baseline 0 -16"><span class='ocrx_word' id='word_1_191' title='bbox 285 1936 373 1971; x_wconf 76' lang='lat' dir='ltr'><strong>nc</strong></span> <span class='ocrx_word' id='word_1_192' title='bbox 409 1925 681 1987; x_wconf 77' lang='lat' dir='ltr'><strong>incipiens:</strong></span> <span class='ocrx_word' id='word_1_193' title='bbox 1569 1953 1574 1960; x_wconf 89' lang='lat'><em>-</em></span> 
     </span>
    </p>

    <p class='ocr_par' dir='ltr' id='par_1_10' title="bbox 279 2027 2996 3090">
     <span class='ocr_line' id='line_1_22' title="bbox 480 2027 2991 2113; baseline -0 -21"><span class='ocrx_word' id='word_1_194' title='bbox 480 2028 633 2093; x_wconf 89' lang='lat' dir='ltr'><strong>Cum</strong></span> <span class='ocrx_word' id='word_1_195' title='bbox 680 2032 1046 2113; x_wconf 82' lang='lat' dir='ltr'><strong>accepissem</strong></span> <span class='ocrx_word' id='word_1_196' title='bbox 1091 2030 1298 2091; x_wconf 76' lang='lat' dir='ltr'><strong>literas</strong></span> <span class='ocrx_word' id='word_1_197' title='bbox 1346 2029 1526 2102; x_wconf 88' lang='lat' dir='ltr'><strong>Tuas,</strong></span> <span class='ocrx_word' id='word_1_198' title='bbox 1577 2027 1692 2090; x_wconf 85' lang='lat' dir='ltr'><strong>Vir</strong></span> <span class='ocrx_word' id='word_1_199' title='bbox 1737 2028 2076 2107; x_wconf 85' lang='lat' dir='ltr'><strong>Magnifice,</strong></span> <span class='ocrx_word' id='word_1_200' title='bbox 2126 2027 2315 2092; x_wconf 89' lang='lat' dir='ltr'><strong>Nonis</strong></span> <span class='ocrx_word' id='word_1_201' title='bbox 2343 2028 2694 2091; x_wconf 85' lang='lat' dir='ltr'><strong>Decembris</strong></span> <span class='ocrx_word' id='word_1_202' title='bbox 2737 2029 2991 2105; x_wconf 84' lang='lat' dir='ltr'><strong>circiter,</strong></span> 
     </span>
     <span class='ocr_line' id='line_1_23' title="bbox 289 2117 2993 2191; baseline 0 -13"><span class='ocrx_word' id='word_1_203' title='bbox 289 2125 364 2179; x_wconf 85' lang='lat' dir='ltr'><strong>et</strong></span> <span class='ocrx_word' id='word_1_204' title='bbox 411 2120 986 2189; x_wconf 87' lang='lat' dir='ltr'><strong>animadvertissem,</strong></span> <span class='ocrx_word' id='word_1_205' title='bbox 1034 2128 1102 2181; x_wconf 91' lang='lat' dir='ltr'><strong>ut</strong></span> <span class='ocrx_word' id='word_1_206' title='bbox 1145 2119 1256 2181; x_wconf 88' lang='lat' dir='ltr'><strong>tibi</strong></span> <span class='ocrx_word' id='word_1_207' title='bbox 1302 2117 1738 2191; x_wconf 78' lang='lat' dir='ltr'><strong>satisfacerem,</strong></span> <span class='ocrx_word' id='word_1_208' title='bbox 1788 2118 2051 2180; x_wconf 90' lang='lat' dir='ltr'><strong>nonnihil</strong></span> <span class='ocrx_word' id='word_1_209' title='bbox 2096 2118 2239 2179; x_wconf 90' lang='lat' dir='ltr'><strong>mihi</strong></span> <span class='ocrx_word' id='word_1_210' title='bbox 2285 2118 2507 2180; x_wconf 88' lang='lat' dir='ltr'><strong>laboris</strong></span> <span class='ocrx_word' id='word_1_211' title='bbox 2556 2137 2689 2181; x_wconf 88' lang='lat' dir='ltr'><strong>esse</strong></span> <span class='ocrx_word' id='word_1_212' title='bbox 2733 2118 2993 2182; x_wconf 88' lang='lat' dir='ltr'><strong>subeun-</strong></span> 
     </span>
     <span class='ocr_line' id='line_1_24' title="bbox 288 2206 2994 2288; baseline 0 -21"><span class='ocrx_word' id='word_1_213' title='bbox 288 2208 468 2269; x_wconf 86' lang='lat' dir='ltr'><strong>dum:</strong></span> <span class='ocrx_word' id='word_1_214' title='bbox 507 2209 638 2288; x_wconf 85' lang='lat' dir='ltr'><strong>jam</strong></span> <span class='ocrx_word' id='word_1_215' title='bbox 685 2218 838 2285; x_wconf 89' lang='lat' dir='ltr'><strong>tum,</strong></span> <span class='ocrx_word' id='word_1_216' title='bbox 888 2209 1111 2271; x_wconf 87' lang='lat' dir='ltr'><strong>omissa</strong></span> <span class='ocrx_word' id='word_1_217' title='bbox 1155 2227 1297 2269; x_wconf 86' lang='lat' dir='ltr'><strong>cura</strong></span> <span class='ocrx_word' id='word_1_218' title='bbox 1350 2206 1624 2269; x_wconf 87' lang='lat' dir='ltr'><strong>celeriter</strong></span> <span class='ocrx_word' id='word_1_219' title='bbox 1667 2208 2094 2285; x_wconf 89' lang='lat' dir='ltr'><strong>respondendi,</strong></span> <span class='ocrx_word' id='word_1_220' title='bbox 2158 2206 2327 2287; x_wconf 89' lang='lat' dir='ltr'><strong>coepi</strong></span> <span class='ocrx_word' id='word_1_221' title='bbox 2373 2207 2515 2270; x_wconf 89' lang='lat' dir='ltr'><strong>mihi</strong></span> <span class='ocrx_word' id='word_1_222' title='bbox 2562 2208 2748 2269; x_wconf 87' lang='lat' dir='ltr'><strong>otium</strong></span> <span class='ocrx_word' id='word_1_223' title='bbox 2802 2206 2994 2287; x_wconf 87' lang='lat' dir='ltr'><strong>dispi-</strong></span> 
     </span>
     <span class='ocr_line' id='line_1_25' title="bbox 288 2293 2993 2376; baseline -0.001 -19"><span class='ocrx_word' id='word_1_224' title='bbox 288 2314 456 2358; x_wconf 89' lang='lat' dir='ltr'><strong>cere.</strong></span> <span class='ocrx_word' id='word_1_225' title='bbox 547 2295 778 2369; x_wconf 86' lang='lat' dir='ltr'><strong>Quibus</strong></span> <span class='ocrx_word' id='word_1_226' title='bbox 826 2299 984 2360; x_wconf 90' lang='lat' dir='ltr'><strong>enim</strong></span> <span class='ocrx_word' id='word_1_227' title='bbox 1029 2296 1520 2375; x_wconf 85' lang='lat' dir='ltr'><strong>occupationibus</strong></span> <span class='ocrx_word' id='word_1_228' title='bbox 1569 2296 1871 2376; x_wconf 88' lang='lat' dir='ltr'><strong>(quamvis</strong></span> <span class='ocrx_word' id='word_1_229' title='bbox 1918 2304 1979 2357; x_wconf 89' lang='lat' dir='ltr'><strong>et</strong></span> <span class='ocrx_word' id='word_1_230' title='bbox 2025 2296 2293 2375; x_wconf 87' lang='lat' dir='ltr'><strong>privatus</strong></span> <span class='ocrx_word' id='word_1_231' title='bbox 2332 2304 2395 2356; x_wconf 87' lang='lat' dir='ltr'><strong>et</strong></span> <span class='ocrx_word' id='word_1_232' title='bbox 2428 2295 2695 2376; x_wconf 89' lang='lat' dir='ltr'><strong>juvenis)</strong></span> <span class='ocrx_word' id='word_1_233' title='bbox 2744 2293 2993 2359; x_wconf 87' lang='lat' dir='ltr'><strong>distrin-</strong></span> 
     </span>
     <span class='ocr_line' id='line_1_26' title="bbox 287 2383 2991 2467; baseline 0 -22"><span class='ocrx_word' id='word_1_234' title='bbox 287 2402 444 2464; x_wconf 81' lang='lat' dir='ltr'><strong>gar,</strong></span> <span class='ocrx_word' id='word_1_235' title='bbox 511 2405 628 2448; x_wconf 90' lang='lat' dir='ltr'><strong>non</strong></span> <span class='ocrx_word' id='word_1_236' title='bbox 685 2395 780 2449; x_wconf 87' lang='lat' dir='ltr'><strong>est</strong></span> <span class='ocrx_word' id='word_1_237' title='bbox 845 2406 1061 2467; x_wconf 83' lang='lat' dir='ltr'><strong>operae</strong></span> <span class='ocrx_word' id='word_1_238' title='bbox 1121 2385 1374 2465; x_wconf 89' lang='lat' dir='ltr'><strong>pretium</strong></span> <span class='ocrx_word' id='word_1_239' title='bbox 1433 2383 1545 2445; x_wconf 87' lang='lat' dir='ltr'><strong>tibi</strong></span> <span class='ocrx_word' id='word_1_240' title='bbox 1599 2402 1938 2458; x_wconf 87' lang='lat' dir='ltr'><strong>recensere,</strong></span> <span class='ocrx_word' id='word_1_241' title='bbox 1987 2384 2101 2445; x_wconf 91' lang='lat' dir='ltr'><strong>nisi</strong></span> <span class='ocrx_word' id='word_1_242' title='bbox 2146 2391 2213 2447; x_wconf 89' lang='lat' dir='ltr'><strong>ut</strong></span> <span class='ocrx_word' id='word_1_243' title='bbox 2270 2384 2331 2446; x_wconf 90' lang='lat' dir='ltr'><strong>id</strong></span> <span class='ocrx_word' id='word_1_244' title='bbox 2386 2384 2733 2447; x_wconf 82' lang='lat' dir='ltr'><strong>summatim</strong></span> <span class='ocrx_word' id='word_1_245' title='bbox 2776 2384 2991 2459; x_wconf 87' lang='lat' dir='ltr'><strong>dicam,</strong></span> 
     </span>
     <span class='ocr_line' id='line_1_27' title="bbox 287 2472 2993 2557; baseline 0 -22"><span class='ocrx_word' id='word_1_246' title='bbox 287 2492 392 2535; x_wconf 91' lang='lat' dir='ltr'><strong>me</strong></span> <span class='ocrx_word' id='word_1_247' title='bbox 439 2474 542 2537; x_wconf 83' lang='lat' dir='ltr'><strong>vix</strong></span> <span class='ocrx_word' id='word_1_248' title='bbox 588 2477 904 2557; x_wconf 88' lang='lat' dir='ltr'><strong>respirare.</strong></span> <span class='ocrx_word' id='word_1_249' title='bbox 997 2474 1148 2538; x_wconf 90' lang='lat' dir='ltr'><strong>Cum</strong></span> <span class='ocrx_word' id='word_1_250' title='bbox 1205 2474 1388 2553; x_wconf 89' lang='lat' dir='ltr'><strong>igitur</strong></span> <span class='ocrx_word' id='word_1_251' title='bbox 1447 2472 1654 2535; x_wconf 89' lang='lat' dir='ltr'><strong>dedita</strong></span> <span class='ocrx_word' id='word_1_252' title='bbox 1700 2490 1885 2551; x_wconf 88' lang='lat' dir='ltr'><strong>opera</strong></span> <span class='ocrx_word' id='word_1_253' title='bbox 1930 2492 2051 2533; x_wconf 89' lang='lat' dir='ltr'><strong>rem</strong></span> <span class='ocrx_word' id='word_1_254' title='bbox 2103 2473 2163 2535; x_wconf 90' lang='lat' dir='ltr'><strong>in</strong></span> <span class='ocrx_word' id='word_1_255' title='bbox 2220 2473 2402 2535; x_wconf 85' lang='lat' dir='ltr'><strong>ferias</strong></span> <span class='ocrx_word' id='word_1_256' title='bbox 2448 2473 2787 2547; x_wconf 84' lang='lat' dir='ltr'><strong>natalitias,</strong></span> <span class='ocrx_word' id='word_1_257' title='bbox 2845 2492 2993 2555; x_wconf 83' lang='lat' dir='ltr'><strong>quas</strong></span> 
     </span>
     <span class='ocr_line' id='line_1_28' title="bbox 279 2562 2996 2645; baseline 0 -22"><span class='ocrx_word' id='word_1_258' title='bbox 279 2562 422 2641; x_wconf 85' lang='lat' dir='ltr'><strong>jam</strong></span> <span class='ocrx_word' id='word_1_259' title='bbox 467 2564 582 2626; x_wconf 90' lang='lat' dir='ltr'><strong>Dei</strong></span> <span class='ocrx_word' id='word_1_260' title='bbox 628 2566 1000 2645; x_wconf 80' lang='lat' dir='ltr'><strong>benignitate</strong></span> <span class='ocrx_word' id='word_1_261' title='bbox 1035 2564 1429 2643; x_wconf 74' lang='lat' dir='ltr'><strong>,attingimuS,</strong></span> <span class='ocrx_word' id='word_1_262' title='bbox 1476 2562 1854 2643; x_wconf 86' lang='lat' dir='ltr'><strong>rejecissem:</strong></span> <span class='ocrx_word' id='word_1_263' title='bbox 1902 2570 1971 2623; x_wconf 88' lang='lat' dir='ltr'><strong>ut</strong></span> <span class='ocrx_word' id='word_1_264' title='bbox 2014 2570 2214 2623; x_wconf 87' lang='lat' dir='ltr'><strong>tamen</strong></span> <span class='ocrx_word' id='word_1_265' title='bbox 2262 2570 2433 2623; x_wconf 90' lang='lat' dir='ltr'><strong>tanto</strong></span> <span class='ocrx_word' id='word_1_266' title='bbox 2490 2581 2685 2625; x_wconf 84' lang='lat' dir='ltr'><strong>essem</strong></span> <span class='ocrx_word' id='word_1_267' title='bbox 2728 2562 2996 2645; x_wconf 83' lang='lat' dir='ltr'><strong>paratior</strong></span> 
     </span>
     <span class='ocr_line' id='line_1_29' title="bbox 287 2649 2993 2730; baseline 0 -17"><span class='ocrx_word' id='word_1_268' title='bbox 287 2654 700 2730; x_wconf 86' lang='lat' dir='ltr'><strong>post-modum,</strong></span> <span class='ocrx_word' id='word_1_269' title='bbox 777 2656 1009 2717; x_wconf 88' lang='lat' dir='ltr'><strong>interea</strong></span> <span class='ocrx_word' id='word_1_270' title='bbox 1081 2653 1395 2715; x_wconf 85' lang='lat' dir='ltr'><strong>nonnullas</strong></span> <span class='ocrx_word' id='word_1_271' title='bbox 1461 2652 1638 2713; x_wconf 88' lang='lat' dir='ltr'><strong>horas</strong></span> <span class='ocrx_word' id='word_1_272' title='bbox 1697 2649 1834 2713; x_wconf 87' lang='lat' dir='ltr'><strong>aliis</strong></span> <span class='ocrx_word' id='word_1_273' title='bbox 1898 2650 2199 2713; x_wconf 88' lang='lat' dir='ltr'><strong>laboribus</strong></span> <span class='ocrx_word' id='word_1_274' title='bbox 2276 2651 2611 2712; x_wconf 82' lang='lat' dir='ltr'><strong>mehercule</strong></span> <span class='ocrx_word' id='word_1_275' title='bbox 2677 2650 2993 2713; x_wconf 87' lang='lat' dir='ltr'><strong>contemtis</strong></span> 
     </span>
     <span class='ocr_line' id='line_1_30' title="bbox 291 2736 2989 2824; baseline 0 -23"><span class='ocrx_word' id='word_1_276' title='bbox 291 2749 360 2802; x_wconf 87' lang='lat' dir='ltr'><strong>et</strong></span> <span class='ocrx_word' id='word_1_277' title='bbox 403 2744 779 2822; x_wconf 88' lang='lat' dir='ltr'><strong>poenitendis</strong></span> <span class='ocrx_word' id='word_1_278' title='bbox 825 2746 984 2806; x_wconf 87' lang='lat' dir='ltr'><strong>furto</strong></span> <span class='ocrx_word' id='word_1_279' title='bbox 1041 2742 1210 2824; x_wconf 90' lang='lat' dir='ltr'><strong>quasi</strong></span> <span class='ocrx_word' id='word_1_280' title='bbox 1258 2748 1497 2821; x_wconf 86' lang='lat' dir='ltr'><strong>ereptas</strong></span> <span class='ocrx_word' id='word_1_281' title='bbox 1545 2740 1604 2803; x_wconf 93' lang='lat' dir='ltr'><strong>in</strong></span> <span class='ocrx_word' id='word_1_282' title='bbox 1652 2739 1966 2802; x_wconf 90' lang='lat' dir='ltr'><strong>lectionem</strong></span> <span class='ocrx_word' id='word_1_283' title='bbox 2014 2738 2281 2809; x_wconf 86' lang='lat' dir='ltr'><strong>Lucani,</strong></span> <span class='ocrx_word' id='word_1_284' title='bbox 2332 2736 2616 2802; x_wconf 83' lang='lat' dir='ltr'><strong>Caesaris</strong></span> <span class='ocrx_word' id='word_1_285' title='bbox 2663 2747 2727 2803; x_wconf 86' lang='lat' dir='ltr'><strong>et</strong></span> <span class='ocrx_word' id='word_1_286' title='bbox 2766 2739 2989 2803; x_wconf 88' lang='lat' dir='ltr'><strong>utrius-</strong></span> 
     </span>
     <span class='ocr_line' id='line_1_31' title="bbox 290 2829 2996 2914; baseline 0 -24"><span class='ocrx_word' id='word_1_287' title='bbox 290 2848 410 2910; x_wconf 87' lang='lat' dir='ltr'><strong>que</strong></span> <span class='ocrx_word' id='word_1_288' title='bbox 487 2831 793 2895; x_wconf 87' lang='lat' dir='ltr'><strong>Ciceronis</strong></span> <span class='ocrx_word' id='word_1_289' title='bbox 867 2834 1254 2914; x_wconf 87' lang='lat' dir='ltr'><strong>epistolarum</strong></span> <span class='ocrx_word' id='word_1_290' title='bbox 1311 2829 1624 2892; x_wconf 86' lang='lat' dir='ltr'><strong>voluminis</strong></span> <span class='ocrx_word' id='word_1_291' title='bbox 1692 2829 1959 2891; x_wconf 77' lang='lat' dir='ltr'><strong>insulnsi.</strong></span> <span class='ocrx_word' id='word_1_292' title='bbox 2047 2829 2277 2891; x_wconf 88' lang='lat' dir='ltr'><strong>Videor</strong></span> <span class='ocrx_word' id='word_1_293' title='bbox 2332 2838 2531 2890; x_wconf 85' lang='lat' dir='ltr'><strong>autem</strong></span> <span class='ocrx_word' id='word_1_294' title='bbox 2589 2829 2731 2891; x_wconf 90' lang='lat' dir='ltr'><strong>mihi</strong></span> <span class='ocrx_word' id='word_1_295' title='bbox 2790 2847 2862 2892; x_wconf 82' lang='lat' dir='ltr'><strong>ex</strong></span> <span class='ocrx_word' id='word_1_296' title='bbox 2918 2849 2996 2891; x_wconf 91' lang='lat' dir='ltr'><strong>ea</strong></span> 
     </span>
     <span class='ocr_line' id='line_1_32' title="bbox 291 2917 2991 3000; baseline 0.001 -22"><span class='ocrx_word' id='word_1_297' title='bbox 291 2917 552 2982; x_wconf 86' lang='lat' dir='ltr'><strong>lectione</strong></span> <span class='ocrx_word' id='word_1_298' title='bbox 618 2923 680 2984; x_wconf 90' lang='lat' dir='ltr'><strong>id</strong></span> <span class='ocrx_word' id='word_1_299' title='bbox 740 2942 873 2984; x_wconf 87' lang='lat' dir='ltr'><strong>esse</strong></span> <span class='ocrx_word' id='word_1_300' title='bbox 939 2929 1322 2996; x_wconf 78' lang='lat' dir='ltr'><strong>consecutae,</strong></span> <span class='ocrx_word' id='word_1_301' title='bbox 1372 2928 1438 2981; x_wconf 87' lang='lat' dir='ltr'><strong>ut</strong></span> <span class='ocrx_word' id='word_1_302' title='bbox 1483 2919 1708 2998; x_wconf 90' lang='lat' dir='ltr'><strong>reliquo</strong></span> <span class='ocrx_word' id='word_1_303' title='bbox 1757 2918 1988 2989; x_wconf 85' lang='lat' dir='ltr'><strong>labore,</strong></span> <span class='ocrx_word' id='word_1_304' title='bbox 2047 2918 2162 2980; x_wconf 88' lang='lat' dir='ltr'><strong>nisi</strong></span> <span class='ocrx_word' id='word_1_305' title='bbox 2207 2917 2459 3000; x_wconf 89' lang='lat' dir='ltr'><strong>denique</strong></span> <span class='ocrx_word' id='word_1_306' title='bbox 2506 2917 2614 2980; x_wconf 86' lang='lat' dir='ltr'><strong>abs</strong></span> <span class='ocrx_word' id='word_1_307' title='bbox 2665 2927 2725 2980; x_wconf 88' lang='lat' dir='ltr'><strong>te</strong></span> <span class='ocrx_word' id='word_1_308' title='bbox 2763 2917 2991 3000; x_wconf 82' lang='lat' dir='ltr'><strong>jussus,</strong></span> 
     </span>
     <span class='ocr_line' id='line_1_33' title="bbox 290 3008 1765 3090; baseline 0.001 -23"><span class='ocrx_word' id='word_1_309' title='bbox 290 3011 684 3088; x_wconf 88' lang='lat' dir='ltr'><strong>supersedere</strong></span> <span class='ocrx_word' id='word_1_310' title='bbox 730 3010 990 3090; x_wconf 89' lang='lat' dir='ltr'><strong>possim,</strong></span> <span class='ocrx_word' id='word_1_311' title='bbox 1057 3019 1125 3072; x_wconf 83' lang='lat' dir='ltr'><strong>ut</strong></span> <span class='ocrx_word' id='word_1_312' title='bbox 1178 3018 1396 3089; x_wconf 86' lang='lat' dir='ltr'><strong>postea</strong></span> <span class='ocrx_word' id='word_1_313' title='bbox 1442 3008 1765 3086; x_wconf 59' lang='lat' dir='ltr'><strong>intelliges</strong></span> 
     </span>
    </p>

    <p class='ocr_par' dir='ltr' id='par_1_11' title="bbox 433 3114 1743 3184">
     <span class='ocr_line' id='line_1_34' title="bbox 433 3114 1743 3184; baseline -0.002 -18"><span class='ocrx_word' id='word_1_314' title='bbox 433 3115 551 3167; x_wconf 81' lang='lat' dir='ltr'><strong>Jam</strong></span> <span class='ocrx_word' id='word_1_315' title='bbox 585 3123 922 3184; x_wconf 81' lang='lat' dir='ltr'><strong>transgressus</strong></span> <span class='ocrx_word' id='word_1_316' title='bbox 957 3118 1024 3168; x_wconf 86' lang='lat' dir='ltr'><strong>ad</strong></span> <span class='ocrx_word' id='word_1_317' title='bbox 1056 3117 1316 3168; x_wconf 86' lang='lat' dir='ltr'><strong>Lucanum</strong></span> <span class='ocrx_word' id='word_1_318' title='bbox 1355 3115 1429 3164; x_wconf 92' lang='lat' dir='ltr'><strong>sic</strong></span> <span class='ocrx_word' id='word_1_319' title='bbox 1466 3114 1743 3164; x_wconf 80' lang='lat' dir='ltr'><strong>concludit:</strong></span> 
     </span>
    </p>
   </div>
   <div class='ocr_carea' id='block_1_6' title="bbox 287 3199 2991 3465">
    <p class='ocr_par' dir='ltr' id='par_1_12' title="bbox 287 3199 2991 3465">
     <span class='ocr_line' id='line_1_35' title="bbox 464 3199 2988 3287; baseline -0.001 -19"><span class='ocrx_word' id='word_1_320' title='bbox 464 3205 634 3270; x_wconf 88' lang='lat' dir='ltr'><strong>Haec</strong></span> <span class='ocrx_word' id='word_1_321' title='bbox 680 3208 1042 3287; x_wconf 90' lang='lat' dir='ltr'><strong>intempesta</strong></span> <span class='ocrx_word' id='word_1_322' title='bbox 1104 3215 1308 3282; x_wconf 88' lang='lat' dir='ltr'><strong>nocte,</strong></span> <span class='ocrx_word' id='word_1_323' title='bbox 1377 3225 1507 3268; x_wconf 90' lang='lat' dir='ltr'><strong>cum</strong></span> <span class='ocrx_word' id='word_1_324' title='bbox 1552 3203 1697 3266; x_wconf 88' lang='lat' dir='ltr'><strong>mihi</strong></span> <span class='ocrx_word' id='word_1_325' title='bbox 1743 3203 1949 3265; x_wconf 87' lang='lat' dir='ltr'><strong>oblata</strong></span> <span class='ocrx_word' id='word_1_326' title='bbox 1995 3209 2161 3264; x_wconf 83' lang='lat' dir='ltr'><strong>esset</strong></span> <span class='ocrx_word' id='word_1_327' title='bbox 2214 3223 2251 3264; x_wconf 89' lang='lat' dir='ltr'><strong>a</strong></span> <span class='ocrx_word' id='word_1_328' title='bbox 2296 3200 2647 3282; x_wconf 89' lang='lat' dir='ltr'><strong>dignissimo</strong></span> <span class='ocrx_word' id='word_1_329' title='bbox 2693 3202 2770 3265; x_wconf 92' lang='lat' dir='ltr'><strong>D.</strong></span> <span class='ocrx_word' id='word_1_330' title='bbox 2822 3199 2988 3266; x_wconf 88' lang='lat' dir='ltr'><strong>Can-</strong></span> 
     </span>
     <span class='ocr_line' id='line_1_36' title="bbox 291 3289 2983 3375; baseline 0 -21"><span class='ocrx_word' id='word_1_331' title='bbox 291 3294 536 3357; x_wconf 86' lang='lat' dir='ltr'><strong>cellario</strong></span> <span class='ocrx_word' id='word_1_332' title='bbox 583 3298 878 3359; x_wconf 87' lang='lat' dir='ltr'><strong>scribendi</strong></span> <span class='ocrx_word' id='word_1_333' title='bbox 926 3294 1182 3366; x_wconf 81' lang='lat' dir='ltr'><strong>occasio,</strong></span> <span class='ocrx_word' id='word_1_334' title='bbox 1232 3315 1384 3375; x_wconf 83' lang='lat' dir='ltr'><strong>quae</strong></span> <span class='ocrx_word' id='word_1_335' title='bbox 1433 3313 1618 3357; x_wconf 91' lang='lat' dir='ltr'><strong>causa</strong></span> <span class='ocrx_word' id='word_1_336' title='bbox 1663 3301 1785 3369; x_wconf 88' lang='lat' dir='ltr'><strong>est,</strong></span> <span class='ocrx_word' id='word_1_337' title='bbox 1845 3292 2002 3373; x_wconf 91' lang='lat' dir='ltr'><strong>quod</strong></span> <span class='ocrx_word' id='word_1_338' title='bbox 2046 3289 2237 3354; x_wconf 84' lang='lat' dir='ltr'><strong>literis</strong></span> <span class='ocrx_word' id='word_1_339' title='bbox 2287 3291 2693 3353; x_wconf 85' lang='lat' dir='ltr'><strong>excellentiss.</strong></span> <span class='ocrx_word' id='word_1_340' title='bbox 2783 3291 2857 3354; x_wconf 90' lang='lat' dir='ltr'><strong>D.</strong></span> <span class='ocrx_word' id='word_1_341' title='bbox 2906 3293 2983 3355; x_wconf 89' lang='lat' dir='ltr'><strong>D.</strong></span> 
     </span>
     <span class='ocr_line' id='line_1_37' title="bbox 287 3379 2991 3465; baseline 0 -22"><span class='ocrx_word' id='word_1_342' title='bbox 287 3383 569 3460; x_wconf 85' lang='lat' dir='ltr'><strong>Fickleri,</strong></span> <span class='ocrx_word' id='word_1_343' title='bbox 619 3385 829 3464; x_wconf 84' lang='lat' dir='ltr'><strong>agnati</strong></span> <span class='ocrx_word' id='word_1_344' title='bbox 873 3386 1013 3459; x_wconf 89' lang='lat' dir='ltr'><strong>mei,</strong></span> <span class='ocrx_word' id='word_1_345' title='bbox 1060 3385 1120 3446; x_wconf 89' lang='lat' dir='ltr'><strong>in</strong></span> <span class='ocrx_word' id='word_1_346' title='bbox 1168 3383 1514 3465; x_wconf 84' lang='lat' dir='ltr'><strong>praesentia</strong></span> <span class='ocrx_word' id='word_1_347' title='bbox 1558 3401 1671 3443; x_wconf 90' lang='lat' dir='ltr'><strong>non</strong></span> <span class='ocrx_word' id='word_1_348' title='bbox 1719 3381 2071 3462; x_wconf 81' lang='lat' dir='ltr'><strong>respondeo,</strong></span> <span class='ocrx_word' id='word_1_349' title='bbox 2153 3380 2359 3458; x_wconf 86' lang='lat' dir='ltr'><strong>Magn.</strong></span> <span class='ocrx_word' id='word_1_350' title='bbox 2392 3380 2765 3458; x_wconf 86' lang='lat' dir='ltr'><strong>Dignitatem</strong></span> <span class='ocrx_word' id='word_1_351' title='bbox 2802 3379 2991 3444; x_wconf 87' lang='lat' dir='ltr'><strong>Tuam</strong></span> 
     </span>
    </p>
   </div>
   <div class='ocr_carea' id='block_1_7' title="bbox 293 3470 2530 3646">
    <p class='ocr_par' dir='ltr' id='par_1_13' title="bbox 293 3470 2530 3646">
     <span class='ocr_line' id='line_1_38' title="bbox 293 3470 2417 3555; baseline -0.001 -22"><span class='ocrx_word' id='word_1_352' title='bbox 293 3471 554 3536; x_wconf 84' lang='lat' dir='ltr'><strong>feliciter</strong></span> <span class='ocrx_word' id='word_1_353' title='bbox 597 3476 800 3537; x_wconf 82' lang='lat' dir='ltr'><strong>valere</strong></span> <span class='ocrx_word' id='word_1_354' title='bbox 839 3475 1043 3555; x_wconf 89' lang='lat' dir='ltr'><strong>jubeo,</strong></span> <span class='ocrx_word' id='word_1_355' title='bbox 1093 3484 1156 3534; x_wconf 89' lang='lat' dir='ltr'><strong>et</strong></span> <span class='ocrx_word' id='word_1_356' title='bbox 1203 3475 1360 3536; x_wconf 89' lang='lat' dir='ltr'><strong>bona</strong></span> <span class='ocrx_word' id='word_1_357' title='bbox 1406 3473 1462 3534; x_wconf 89' lang='lat' dir='ltr'><strong>ei</strong></span> <span class='ocrx_word' id='word_1_358' title='bbox 1506 3471 1644 3533; x_wconf 88' lang='lat' dir='ltr'><strong>novi</strong></span> <span class='ocrx_word' id='word_1_359' title='bbox 1689 3471 1829 3533; x_wconf 87' lang='lat' dir='ltr'><strong>anni</strong></span> <span class='ocrx_word' id='word_1_360' title='bbox 1875 3470 2144 3548; x_wconf 85' lang='lat' dir='ltr'><strong>auspicia</strong></span> <span class='ocrx_word' id='word_1_361' title='bbox 2187 3487 2417 3549; x_wconf 89' lang='lat' dir='ltr'><strong>precor.</strong></span> 
     </span>
     <span class='ocr_line' id='line_1_39' title="bbox 710 3554 2530 3646; baseline -0.005 -20"><span class='ocrx_word' id='word_1_362' title='bbox 710 3564 916 3646; x_wconf 84' lang='lat' dir='ltr'><strong>Magn.</strong></span> <span class='ocrx_word' id='word_1_363' title='bbox 962 3563 1040 3626; x_wconf 92' lang='lat' dir='ltr'><strong>D.</strong></span> <span class='ocrx_word' id='word_1_364' title='bbox 1090 3563 1158 3626; x_wconf 87' lang='grc' dir='ltr'><strong>Τ.</strong></span> <span class='ocrx_word' id='word_1_365' title='bbox 1992 3557 2277 3621; x_wconf 88' lang='lat' dir='ltr'><strong>Studiose</strong></span> <span class='ocrx_word' id='word_1_366' title='bbox 2326 3554 2530 3619; x_wconf 88' lang='lat' dir='ltr'><strong>Cliens</strong></span> 
     </span>
    </p>
   </div>
   <div class='ocr_carea' id='block_1_8' title="bbox 1569 3643 2987 3819">
    <p class='ocr_par' dir='ltr' id='par_1_14' title="bbox 1569 3643 2987 3819">
     <span class='ocr_line' id='line_1_40' title="bbox 1888 3643 2597 3728; baseline 0 -18"><span class='ocrx_word' id='word_1_367' title='bbox 1888 3647 1983 3710; x_wconf 81' lang='lat' dir='ltr'><strong>M.</strong></span> <span class='ocrx_word' id='word_1_368' title='bbox 2031 3647 2287 3710; x_wconf 67' lang='lat' dir='ltr'><strong>Joharm</strong></span> <span class='ocrx_word' id='word_1_369' title='bbox 2325 3643 2597 3728; x_wconf 77' lang='lat' dir='ltr'><strong>Kepler‚</strong></span> 
     </span>
     <span class='ocr_line' id='line_1_41' title="bbox 1569 3734 2987 3819; baseline -0.001 -19"><span class='ocrx_word' id='word_1_370' title='bbox 1569 3739 1664 3800; x_wconf 92' lang='lat' dir='ltr'><strong>Ill.</strong></span> <span class='ocrx_word' id='word_1_371' title='bbox 1714 3734 1955 3819; x_wconf 84' lang='lat' dir='ltr'><strong>Styriae</strong></span> <span class='ocrx_word' id='word_1_372' title='bbox 2002 3735 2460 3800; x_wconf 87' lang='lat' dir='ltr'><strong>Provincialium</strong></span> <span class='ocrx_word' id='word_1_373' title='bbox 2501 3734 2987 3810; x_wconf 76' lang='lat' dir='ltr'><strong>Mathematicus.</strong></span> 
     </span>
    </p>
   </div>
   <div class='ocr_carea' id='block_1_9' title="bbox 281 3839 2990 4982">
    <p class='ocr_par' dir='ltr' id='par_1_15' title="bbox 285 3839 2990 4123">
     <span class='ocr_line' id='line_1_42' title="bbox 428 3839 2990 3909; baseline -0 -13"><span class='ocrx_word' id='word_1_374' title='bbox 428 3845 602 3896; x_wconf 74' lang='lat' dir='ltr'><strong>Herw</strong></span> <span class='ocrx_word' id='word_1_375' title='bbox 618 3852 794 3895; x_wconf 82' lang='lat' dir='ltr'><strong>artus</strong></span> <span class='ocrx_word' id='word_1_376' title='bbox 828 3847 956 3896; x_wconf 81' lang='lat' dir='ltr'><strong>haec</strong></span> <span class='ocrx_word' id='word_1_377' title='bbox 996 3844 1245 3909; x_wconf 71' lang='lat' dir='ltr'><strong>respondit</strong></span> <span class='ocrx_word' id='word_1_378' title='bbox 1282 3843 1393 3908; x_wconf 84' lang='lat'><strong>(12.</strong></span> <span class='ocrx_word' id='word_1_379' title='bbox 1431 3843 1582 3896; x_wconf 83' lang='lat' dir='ltr'><strong>Mart.</strong></span> <span class='ocrx_word' id='word_1_380' title='bbox 1620 3840 1748 3905; x_wconf 80' lang='lat'>98):</span> <span class='ocrx_word' id='word_1_381' title='bbox 1787 3878 1800 3892; x_wconf 88' lang='lat'><strong>.</strong></span> <span class='ocrx_word' id='word_1_382' title='bbox 1843 3880 1856 3893; x_wconf 87' lang='lat'><strong>.</strong></span> <span class='ocrx_word' id='word_1_383' title='bbox 1908 3843 2101 3894; x_wconf 83' lang='lat' dir='ltr'><strong>Dessen</strong></span> <span class='ocrx_word' id='word_1_384' title='bbox 2139 3841 2409 3894; x_wconf 85' lang='lat' dir='ltr'><strong>Schreiben</strong></span> <span class='ocrx_word' id='word_1_385' title='bbox 2451 3857 2561 3891; x_wconf 86' lang='lat' dir='ltr'><strong>vom</strong></span> <span class='ocrx_word' id='word_1_386' title='bbox 2608 3839 2691 3892; x_wconf 77' lang='lat'><strong>2⁴.</strong></span> <span class='ocrx_word' id='word_1_387' title='bbox 2729 3843 2855 3894; x_wconf 84' lang='lat' dir='ltr'><strong>Dec.</strong></span> <span class='ocrx_word' id='word_1_388' title='bbox 2891 3842 2990 3895; x_wconf 82' lang='lat' dir='ltr'><strong>hab</strong></span> 
     </span>
     <span class='ocr_line' id='line_1_43' title="bbox 285 3912 2990 3982; baseline 0.001 -21"><span class='ocrx_word' id='word_1_389' title='bbox 285 3913 366 3964; x_wconf 88' lang='lat' dir='ltr'><strong>ich</strong></span> <span class='ocrx_word' id='word_1_390' title='bbox 401 3915 500 3966; x_wconf 84' lang='lat' dir='ltr'><strong>hac</strong></span> <span class='ocrx_word' id='word_1_391' title='bbox 533 3919 644 3982; x_wconf 84' lang='lat' dir='ltr'><strong>ipsa</strong></span> <span class='ocrx_word' id='word_1_392' title='bbox 682 3917 760 3966; x_wconf 86' lang='lat' dir='ltr'><strong>die</strong></span> <span class='ocrx_word' id='word_1_393' title='bbox 801 3925 854 3968; x_wconf 89' lang='lat' dir='ltr'><strong>et</strong></span> <span class='ocrx_word' id='word_1_394' title='bbox 887 3916 1012 3966; x_wconf 91' lang='lat' dir='ltr'><strong>hora</strong></span> <span class='ocrx_word' id='word_1_395' title='bbox 1047 3916 1358 3980; x_wconf 72' lang='lat' dir='ltr'><strong>empfangen.</strong></span> <span class='ocrx_word' id='word_1_396' title='bbox 1415 3916 1553 3966; x_wconf 90' lang='lat' dir='ltr'><strong>Thue</strong></span> <span class='ocrx_word' id='word_1_397' title='bbox 1588 3915 1718 3964; x_wconf 87' lang='lat' dir='ltr'><strong>mich</strong></span> <span class='ocrx_word' id='word_1_398' title='bbox 1755 3915 1843 3964; x_wconf 87' lang='lat' dir='ltr'><strong>der</strong></span> <span class='ocrx_word' id='word_1_399' title='bbox 1878 3916 2240 3981; x_wconf 76' lang='lat' dir='ltr'><strong>angewandten</strong></span> <span class='ocrx_word' id='word_1_400' title='bbox 2276 3912 2684 3981; x_wconf 71' lang='lat' dir='ltr'><strong>Miihenwaltnng</strong></span> <span class='ocrx_word' id='word_1_401' title='bbox 2719 3913 2990 3965; x_wconf 83' lang='lat' dir='ltr'><strong>freundlich</strong></span> 
     </span>
     <span class='ocr_line' id='line_1_44' title="bbox 286 3984 2987 4054; baseline 0 -20"><span class='ocrx_word' id='word_1_402' title='bbox 286 3985 550 4039; x_wconf 84' lang='lat' dir='ltr'><strong>bedanken</strong></span> <span class='ocrx_word' id='word_1_403' title='bbox 597 3989 702 4038; x_wconf 84' lang='lat' dir='ltr'><strong>und</strong></span> <span class='ocrx_word' id='word_1_404' title='bbox 746 3989 926 4054; x_wconf 79' lang='lat' dir='ltr'><strong>begere</strong></span> <span class='ocrx_word' id='word_1_405' title='bbox 978 3987 1161 4038; x_wconf 90' lang='lat' dir='ltr'><strong>dieselb</strong></span> <span class='ocrx_word' id='word_1_406' title='bbox 1215 3989 1476 4038; x_wconf 71' lang='lat' dir='ltr'><strong>wieder-um</strong></span> <span class='ocrx_word' id='word_1_407' title='bbox 1529 3985 1854 4036; x_wconf 77' lang='lat' dir='ltr'><strong>dankbarlich</strong></span> <span class='ocrx_word' id='word_1_408' title='bbox 1906 4003 1969 4036; x_wconf 82' lang='lat' dir='ltr'><strong>zu</strong></span> <span class='ocrx_word' id='word_1_409' title='bbox 2004 3985 2319 4036; x_wconf 90' lang='lat' dir='ltr'><strong>beschulden.</strong></span> <span class='ocrx_word' id='word_1_410' title='bbox 2394 3984 2595 4035; x_wconf 78' lang='lat' dir='ltr'><strong>interim</strong></span> <span class='ocrx_word' id='word_1_411' title='bbox 2632 4000 2787 4052; x_wconf 80' lang='lat' dir='ltr'><strong>aequo</strong></span> <span class='ocrx_word' id='word_1_412' title='bbox 2825 3987 2987 4037; x_wconf 77' lang='lat' dir='ltr'><strong>animo</strong></span> 
     </span>
     <span class='ocr_line' id='line_1_45' title="bbox 285 4057 2625 4123; baseline -0 -16"><span class='ocrx_word' id='word_1_413' title='bbox 285 4061 504 4123; x_wconf 87' lang='lat' dir='ltr'><strong>accipiat</strong></span> <span class='ocrx_word' id='word_1_414' title='bbox 537 4061 875 4111; x_wconf 88' lang='lat' dir='ltr'><strong>munusculum</strong></span> <span class='ocrx_word' id='word_1_415' title='bbox 910 4062 1177 4117; x_wconf 87' lang='lat' dir='ltr'><strong>minimum,</strong></span> <span class='ocrx_word' id='word_1_416' title='bbox 1222 4059 1427 4121; x_wconf 83' lang='lat' dir='ltr'><strong>alicujus</strong></span> <span class='ocrx_word' id='word_1_417' title='bbox 1461 4059 1588 4108; x_wconf 80' lang='lat' dir='ltr'><strong>forte</strong></span> <span class='ocrx_word' id='word_1_418' title='bbox 1626 4057 1735 4106; x_wconf 82' lang='lat' dir='ltr'><strong>libri</strong></span> <span class='ocrx_word' id='word_1_419' title='bbox 1770 4058 2113 4108; x_wconf 82' lang='lat' dir='ltr'><strong>mathematici</strong></span> <span class='ocrx_word' id='word_1_420' title='bbox 2147 4059 2357 4123; x_wconf 87' lang='lat' dir='ltr'><strong>pretium</strong></span> <span class='ocrx_word' id='word_1_421' title='bbox 2391 4057 2625 4107; x_wconf 77' lang='lat' dir='ltr'><strong>futurum.</strong></span> 
     </span>
    </p>

    <p class='ocr_par' dir='ltr' id='par_1_16' title="bbox 282 4128 2987 4482">
     <span class='ocr_line' id='line_1_46' title="bbox 427 4128 2985 4194; baseline -0 -13"><span class='ocrx_word' id='word_1_422' title='bbox 427 4131 514 4181; x_wconf 89' lang='lat' dir='ltr'><strong>Ich</strong></span> <span class='ocrx_word' id='word_1_423' title='bbox 551 4133 632 4182; x_wconf 90' lang='lat' dir='ltr'><strong>bin</strong></span> <span class='ocrx_word' id='word_1_424' title='bbox 667 4133 719 4181; x_wconf 90' lang='lat' dir='ltr'><strong>in</strong></span> <span class='ocrx_word' id='word_1_425' title='bbox 757 4132 946 4182; x_wconf 86' lang='lat' dir='ltr'><strong>beeden</strong></span> <span class='ocrx_word' id='word_1_426' title='bbox 983 4130 1184 4182; x_wconf 88' lang='lat' dir='ltr'><strong>calculis</strong></span> <span class='ocrx_word' id='word_1_427' title='bbox 1219 4130 1363 4179; x_wconf 79' lang='lat' dir='ltr'><strong>wohl&#39;</strong></span> <span class='ocrx_word' id='word_1_428' title='bbox 1384 4130 1664 4185; x_wconf 60' lang='lat' dir='ltr'><strong>contentia,</strong></span> <span class='ocrx_word' id='word_1_429' title='bbox 1706 4128 1917 4187; x_wconf 84' lang='lat' dir='ltr'><strong>befinde,</strong></span> <span class='ocrx_word' id='word_1_430' title='bbox 1956 4130 2070 4180; x_wconf 83' lang='lat' dir='ltr'><strong>dass</strong></span> <span class='ocrx_word' id='word_1_431' title='bbox 2098 4128 2329 4184; x_wconf 82' lang='lat' dir='ltr'><strong>dieselbe,</strong></span> <span class='ocrx_word' id='word_1_432' title='bbox 2356 4131 2527 4194; x_wconf 85' lang='lat' dir='ltr'><strong>paucis</strong></span> <span class='ocrx_word' id='word_1_433' title='bbox 2551 4131 2769 4180; x_wconf 79' lang='lat' dir='ltr'><strong>minutiis</strong></span> <span class='ocrx_word' id='word_1_434' title='bbox 2794 4129 2985 4190; x_wconf 76' lang='lat' dir='ltr'><strong>demtis,</strong></span> 
     </span>
     <span class='ocr_line' id='line_1_47' title="bbox 286 4199 2985 4266; baseline 0 -16"><span class='ocrx_word' id='word_1_435' title='bbox 286 4213 398 4251; x_wconf 89' lang='lat' dir='ltr'><strong>cum</strong></span> <span class='ocrx_word' id='word_1_436' title='bbox 449 4217 560 4252; x_wconf 90' lang='lat' dir='ltr'><strong>meo</strong></span> <span class='ocrx_word' id='word_1_437' title='bbox 617 4203 804 4253; x_wconf 80' lang='lat' dir='ltr'><strong>calculo</strong></span> <span class='ocrx_word' id='word_1_438' title='bbox 831 4202 1217 4259; x_wconf 65' lang='lat' dir='ltr'><strong>‚concordierem</strong></span> <span class='ocrx_word' id='word_1_439' title='bbox 1269 4211 1321 4252; x_wconf 87' lang='lat' dir='ltr'><strong>et</strong></span> <span class='ocrx_word' id='word_1_440' title='bbox 1355 4201 1406 4250; x_wconf 89' lang='lat' dir='ltr'><strong>id</strong></span> <span class='ocrx_word' id='word_1_441' title='bbox 1442 4207 1580 4259; x_wconf 88' lang='lat' dir='ltr'><strong>erat,</strong></span> <span class='ocrx_word' id='word_1_442' title='bbox 1629 4199 1759 4266; x_wconf 84' lang='lat' dir='ltr'><strong>quod</strong></span> <span class='ocrx_word' id='word_1_443' title='bbox 1791 4202 2107 4265; x_wconf 83' lang='lat' dir='ltr'><strong>quaerebam.</strong></span> <span class='ocrx_word' id='word_1_444' title='bbox 2178 4199 2333 4250; x_wconf 79' lang='lat' dir='ltr'><strong>Danu</strong></span> <span class='ocrx_word' id='word_1_445' title='bbox 2368 4199 2447 4250; x_wconf 86' lang='lat' dir='ltr'><strong>die</strong></span> <span class='ocrx_word' id='word_1_446' title='bbox 2484 4200 2739 4252; x_wconf 83' lang='lat' dir='ltr'><strong>diversitas</strong></span> <span class='ocrx_word' id='word_1_447' title='bbox 2776 4215 2985 4266; x_wconf 78' lang='lat' dir='ltr'><strong>occupa·</strong></span> 
     </span>
     <span class='ocr_line' id='line_1_48' title="bbox 284 4271 2987 4342; baseline 0.001 -22"><span class='ocrx_word' id='word_1_448' title='bbox 284 4274 474 4327; x_wconf 85' lang='lat' dir='ltr'><strong>tionum</strong></span> <span class='ocrx_word' id='word_1_449' title='bbox 507 4275 678 4325; x_wconf 80' lang='lat' dir='ltr'><strong>macht</strong></span> <span class='ocrx_word' id='word_1_450' title='bbox 710 4275 843 4324; x_wconf 88' lang='lat' dir='ltr'><strong>mich</strong></span> <span class='ocrx_word' id='word_1_451' title='bbox 877 4277 929 4324; x_wconf 87' lang='lat' dir='ltr'><strong>in</strong></span> <span class='ocrx_word' id='word_1_452' title='bbox 967 4273 1156 4323; x_wconf 87' lang='lat' dir='ltr'><strong>calculo</strong></span> <span class='ocrx_word' id='word_1_453' title='bbox 1191 4274 1430 4335; x_wconf 72' lang='lat' dir='ltr'><strong>yeveilen</strong></span> <span class='ocrx_word' id='word_1_454' title='bbox 1466 4275 1610 4322; x_wconf 88' lang='lat' dir='ltr'><strong>irren.</strong></span> <span class='ocrx_word' id='word_1_455' title='bbox 1681 4271 1770 4321; x_wconf 90' lang='lat' dir='ltr'><strong>Ich</strong></span> <span class='ocrx_word' id='word_1_456' title='bbox 1803 4272 1905 4322; x_wconf 86' lang='lat' dir='ltr'><strong>hab</strong></span> <span class='ocrx_word' id='word_1_457' title='bbox 1942 4273 2101 4322; x_wconf 84' lang='lat' dir='ltr'><strong>dieser</strong></span> <span class='ocrx_word' id='word_1_458' title='bbox 2135 4271 2248 4337; x_wconf 79' lang='lat' dir='ltr'><strong>Tag</strong></span> <span class='ocrx_word' id='word_1_459' title='bbox 2282 4273 2393 4321; x_wconf 89' lang='lat' dir='ltr'><strong>eine</strong></span> <span class='ocrx_word' id='word_1_460' title='bbox 2428 4272 2652 4342; x_wconf 75' lang='lat' dir='ltr'><strong>Antwcrt</strong></span> <span class='ocrx_word' id='word_1_461' title='bbox 2694 4288 2788 4323; x_wconf 78' lang='lat' dir='ltr'><strong>von</strong></span> <span class='ocrx_word' id='word_1_462' title='bbox 2826 4273 2987 4322; x_wconf 85' lang='lat' dir='ltr'><strong>einem</strong></span> 
     </span>
     <span class='ocr_line' id='line_1_49' title="bbox 282 4342 2986 4410; baseline 0 -18"><span class='ocrx_word' id='word_1_463' title='bbox 282 4342 640 4395; x_wconf 81' lang='lat' dir='ltr'><strong>Mathematico</strong></span> <span class='ocrx_word' id='word_1_464' title='bbox 678 4347 739 4394; x_wconf 90' lang='lat' dir='ltr'><strong>de</strong></span> <span class='ocrx_word' id='word_1_465' title='bbox 776 4345 880 4395; x_wconf 85' lang='lat' dir='ltr'><strong>Tuo</strong></span> <span class='ocrx_word' id='word_1_466' title='bbox 915 4344 1246 4396; x_wconf 79' lang='lat' dir='ltr'><strong>Prodi-omo</strong></span> <span class='ocrx_word' id='word_1_467' title='bbox 1294 4345 1618 4410; x_wconf 71' lang='lat' dir='ltr'><strong>emptangen,</strong></span> <span class='ocrx_word' id='word_1_468' title='bbox 1653 4342 1742 4393; x_wconf 85' lang='lat' dir='ltr'><strong>sed</strong></span> <span class='ocrx_word' id='word_1_469' title='bbox 1777 4357 2062 4408; x_wconf 88' lang='lat' dir='ltr'><strong>responsum</strong></span> <span class='ocrx_word' id='word_1_470' title='bbox 2097 4343 2218 4393; x_wconf 89' lang='lat' dir='ltr'><strong>illud</strong></span> <span class='ocrx_word' id='word_1_471' title='bbox 2252 4343 2437 4392; x_wconf 88' lang='lat' dir='ltr'><strong>nullum</strong></span> <span class='ocrx_word' id='word_1_472' title='bbox 2473 4349 2566 4401; x_wconf 87' lang='lat' dir='ltr'><strong>cst,</strong></span> <span class='ocrx_word' id='word_1_473' title='bbox 2637 4343 2743 4396; x_wconf 89' lang='lat' dir='ltr'><strong>Ime</strong></span> <span class='ocrx_word' id='word_1_474' title='bbox 2776 4343 2875 4392; x_wconf 73' lang='lat' dir='ltr'><strong>will</strong></span> <span class='ocrx_word' id='word_1_475' title='bbox 2901 4343 2986 4395; x_wconf 85' lang='lat' dir='ltr'><strong>der</strong></span> 
     </span>
     <span class='ocr_line' id='line_1_50' title="bbox 283 4415 1194 4482; baseline 0 -19"><span class='ocrx_word' id='word_1_476' title='bbox 283 4423 444 4464; x_wconf 86' lang='lat' dir='ltr'><strong>motus</strong></span> <span class='ocrx_word' id='word_1_477' title='bbox 482 4415 662 4466; x_wconf 87' lang='lat' dir='ltr'><strong>Terrae</strong></span> <span class='ocrx_word' id='word_1_478' title='bbox 699 4431 790 4482; x_wconf 81' lang='lat' dir='ltr'><strong>gar</strong></span> <span class='ocrx_word' id='word_1_479' title='bbox 824 4418 899 4466; x_wconf 87' lang='lat' dir='ltr'><strong>nit</strong></span> <span class='ocrx_word' id='word_1_480' title='bbox 936 4415 1194 4480; x_wconf 81' lang='lat' dir='ltr'><strong>eingehen.</strong></span> 
     </span>
    </p>

    <p class='ocr_par' dir='ltr' id='par_1_17' title="bbox 281 4484 2983 4762">
     <span class='ocr_line' id='line_1_51' title="bbox 423 4484 2981 4550; baseline -0.001 -13"><span class='ocrx_word' id='word_1_481' title='bbox 423 4485 561 4537; x_wconf 80' lang='lat' dir='ltr'><strong>Mich</strong></span> <span class='ocrx_word' id='word_1_482' title='bbox 595 4490 771 4538; x_wconf 88' lang='lat' dir='ltr'><strong>nimmt</strong></span> <span class='ocrx_word' id='word_1_483' title='bbox 803 4489 1050 4544; x_wconf 86' lang='lat' dir='ltr'><strong>Wunder,</strong></span> <span class='ocrx_word' id='word_1_484' title='bbox 1104 4487 1216 4536; x_wconf 80' lang='lat' dir='ltr'><strong>dass</strong></span> <span class='ocrx_word' id='word_1_485' title='bbox 1265 4489 1342 4536; x_wconf 84' lang='lat' dir='ltr'><strong>nit</strong></span> <span class='ocrx_word' id='word_1_486' title='bbox 1392 4489 1527 4537; x_wconf 88' lang='lat' dir='ltr'><strong>einer</strong></span> <span class='ocrx_word' id='word_1_487' title='bbox 1576 4500 1638 4536; x_wconf 86' lang='lat' dir='ltr'><strong>ex</strong></span> <span class='ocrx_word' id='word_1_488' title='bbox 1671 4486 1888 4550; x_wconf 82' lang='lat' dir='ltr'><strong>professo</strong></span> <span class='ocrx_word' id='word_1_489' title='bbox 1924 4484 2057 4536; x_wconf 85' lang='lat' dir='ltr'><strong>hanc</strong></span> <span class='ocrx_word' id='word_1_490' title='bbox 2090 4488 2352 4537; x_wconf 80' lang='lat' dir='ltr'><strong>materiam</strong></span> <span class='ocrx_word' id='word_1_491' title='bbox 2402 4489 2567 4538; x_wconf 82' lang='lat' dir='ltr'><strong>navirt</strong></span> <span class='ocrx_word' id='word_1_492' title='bbox 2599 4485 2703 4536; x_wconf 86' lang='lat' dir='ltr'><strong>und</strong></span> <span class='ocrx_word' id='word_1_493' title='bbox 2740 4485 2981 4546; x_wconf 82' lang='lat' dir='ltr'><strong>deducirt,</strong></span> 
     </span>
     <span class='ocr_line' id='line_1_52' title="bbox 283 4557 2983 4624; baseline -0 -17"><span class='ocrx_word' id='word_1_494' title='bbox 283 4571 396 4607; x_wconf 86' lang='lat' dir='ltr'><strong>cum</strong></span> <span class='ocrx_word' id='word_1_495' title='bbox 439 4567 774 4624; x_wconf 65' lang='lat' dir='ltr'><strong>armenta,</strong></span> <span class='ocrx_word' id='word_1_496' title='bbox 821 4560 1112 4624; x_wconf 80' lang='lat' dir='ltr'><strong>praesertim</strong></span> <span class='ocrx_word' id='word_1_497' title='bbox 1159 4557 1396 4621; x_wconf 84' lang='lat' dir='ltr'><strong>physica,</strong></span> <span class='ocrx_word' id='word_1_498' title='bbox 1445 4559 1617 4622; x_wconf 86' lang='lat' dir='ltr'><strong>quibus</strong></span> <span class='ocrx_word' id='word_1_499' title='bbox 1668 4564 1967 4623; x_wconf 78' lang='lat' dir='ltr'><strong>coarguatur</strong></span> <span class='ocrx_word' id='word_1_500' title='bbox 2014 4568 2177 4608; x_wconf 82' lang='lat' dir='ltr'><strong>motus</strong></span> <span class='ocrx_word' id='word_1_501' title='bbox 2213 4559 2396 4609; x_wconf 84' lang='lat' dir='ltr'><strong>Terrae</strong></span> <span class='ocrx_word' id='word_1_502' title='bbox 2444 4560 2607 4623; x_wconf 84' lang='lat' dir='ltr'><strong>potius</strong></span> <span class='ocrx_word' id='word_1_503' title='bbox 2643 4571 2789 4622; x_wconf 84' lang='lat' dir='ltr'><strong>quam</strong></span> <span class='ocrx_word' id='word_1_504' title='bbox 2824 4557 2983 4608; x_wconf 81' lang='lat' dir='ltr'><strong>stellis</strong></span> 
     </span>
     <span class='ocr_line' id='line_1_53' title="bbox 281 4627 2983 4694; baseline 0.001 -18"><span class='ocrx_word' id='word_1_505' title='bbox 281 4627 390 4678; x_wconf 80' lang='lat' dir='ltr'><strong>fixis</strong></span> <span class='ocrx_word' id='word_1_506' title='bbox 425 4630 706 4681; x_wconf 84' lang='lat' dir='ltr'><strong>tribuendos</strong></span> <span class='ocrx_word' id='word_1_507' title='bbox 744 4646 878 4694; x_wconf 88' lang='lat' dir='ltr'><strong>esse,</strong></span> <span class='ocrx_word' id='word_1_508' title='bbox 929 4647 1028 4681; x_wconf 90' lang='lat' dir='ltr'><strong>non</strong></span> <span class='ocrx_word' id='word_1_509' title='bbox 1067 4629 1305 4679; x_wconf 84' lang='lat' dir='ltr'><strong>deficiant</strong></span> <span class='ocrx_word' id='word_1_510' title='bbox 1337 4629 1692 4692; x_wconf 85' lang='lat' dir='ltr'><strong>pulcherrima,</strong></span> <span class='ocrx_word' id='word_1_511' title='bbox 1739 4631 2041 4694; x_wconf 74' lang='lat' dir='ltr'><strong>praesertim·</strong></span> <span class='ocrx_word' id='word_1_512' title='bbox 2076 4645 2137 4682; x_wconf 83' lang='lat' dir='ltr'><strong>ex.</strong></span> <span class='ocrx_word' id='word_1_513' title='bbox 2180 4632 2372 4682; x_wconf 85' lang='lat' dir='ltr'><strong>ratione</strong></span> <span class='ocrx_word' id='word_1_514' title='bbox 2418 4637 2697 4690; x_wconf 84' lang='lat' dir='ltr'><strong>ventorum,</strong></span> <span class='ocrx_word' id='word_1_515' title='bbox 2732 4630 2883 4680; x_wconf 82' lang='lat' dir='ltr'><strong>maris</strong></span> <span class='ocrx_word' id='word_1_516' title='bbox 2922 4641 2983 4680; x_wconf 83' lang='lat' dir='ltr'><strong>ex</strong></span> 
     </span>
     <span class='ocr_line' id='line_1_54' title="bbox 281 4699 1624 4762; baseline 0 -12"><span class='ocrx_word' id='word_1_517' title='bbox 281 4699 406 4750; x_wconf 78' lang='lat' dir='ltr'><strong>freto</strong></span> <span class='ocrx_word' id='word_1_518' title='bbox 445 4704 700 4762; x_wconf 84' lang='lat' dir='ltr'><strong>currentis,</strong></span> <span class='ocrx_word' id='word_1_519' title='bbox 736 4704 810 4753; x_wconf 87' lang='lat' dir='ltr'><strong>uti</strong></span> <span class='ocrx_word' id='word_1_520' title='bbox 848 4708 900 4752; x_wconf 84' lang='lat' dir='ltr'><strong>et</strong></span> <span class='ocrx_word' id='word_1_521' title='bbox 932 4701 1088 4752; x_wconf 84' lang='lat' dir='ltr'><strong>fluxus</strong></span> <span class='ocrx_word' id='word_1_522' title='bbox 1127 4706 1179 4749; x_wconf 88' lang='lat' dir='ltr'><strong>et</strong></span> <span class='ocrx_word' id='word_1_523' title='bbox 1213 4701 1424 4750; x_wconf 85' lang='lat' dir='ltr'><strong>refluxus</strong></span> <span class='ocrx_word' id='word_1_524' title='bbox 1459 4702 1624 4750; x_wconf 87' lang='lat' dir='ltr'><strong>maris.</strong></span> 
     </span>
    </p>

    <p class='ocr_par' dir='ltr' id='par_1_18' title="bbox 281 4771 2983 4982">
     <span class='ocr_line' id='line_1_55' title="bbox 421 4771 2981 4839; baseline -0 -17"><span class='ocrx_word' id='word_1_525' title='bbox 421 4773 670 4838; x_wconf 87' lang='lat' dir='ltr'><strong>Philippus</strong></span> <span class='ocrx_word' id='word_1_526' title='bbox 707 4773 964 4839; x_wconf 81' lang='lat' dir='ltr'><strong>Lansberg</strong></span> <span class='ocrx_word' id='word_1_527' title='bbox 998 4773 1264 4822; x_wconf 85' lang='lat' dir='ltr'><strong>meditatur</strong></span> <span class='ocrx_word' id='word_1_528' title='bbox 1298 4787 1450 4821; x_wconf 81' lang='lat' dir='ltr'><strong>novas</strong></span> <span class='ocrx_word' id='word_1_529' title='bbox 1487 4771 1779 4835; x_wconf 76' lang='lat' dir='ltr'><strong>hypotheses</strong></span> <span class='ocrx_word' id='word_1_530' title='bbox 1815 4772 2156 4836; x_wconf 85' lang='lat' dir='ltr'><strong>planetarum,</strong></span> <span class='ocrx_word' id='word_1_531' title='bbox 2212 4774 2264 4823; x_wconf 90' lang='lat' dir='ltr'><strong>in</strong></span> <span class='ocrx_word' id='word_1_532' title='bbox 2313 4772 2485 4838; x_wconf 85' lang='lat' dir='ltr'><strong>quibus</strong></span> <span class='ocrx_word' id='word_1_533' title='bbox 2542 4777 2763 4823; x_wconf 79' lang='lat' dir='ltr'><strong>centrum</strong></span> <span class='ocrx_word' id='word_1_534' title='bbox 2796 4771 2981 4822; x_wconf 80' lang='lat' dir='ltr'><strong>Terrae</strong></span> 
     </span>
     <span class='ocr_line' id='line_1_56' title="bbox 281 4841 2982 4909; baseline 0 -18"><span class='ocrx_word' id='word_1_535' title='bbox 281 4841 431 4893; x_wconf 79' lang='lat' dir='ltr'><strong>fixum</strong></span> <span class='ocrx_word' id='word_1_536' title='bbox 464 4847 603 4908; x_wconf 88' lang='lat' dir='ltr'><strong>ponit</strong></span> <span class='ocrx_word' id='word_1_537' title='bbox 617 4879 634 4908; x_wconf 91' lang='lat'><strong>,</strong></span> <span class='ocrx_word' id='word_1_538' title='bbox 682 4846 888 4909; x_wconf 84' lang='lat' dir='ltr'><strong>reliquos</strong></span> <span class='ocrx_word' id='word_1_539' title='bbox 934 4851 1099 4895; x_wconf 86' lang='lat' dir='ltr'><strong>autem</strong></span> <span class='ocrx_word' id='word_1_540' title='bbox 1142 4849 1304 4892; x_wconf 85' lang='lat' dir='ltr'><strong>motus</strong></span> <span class='ocrx_word' id='word_1_541' title='bbox 1339 4844 1478 4907; x_wconf 90' lang='lat' dir='ltr'><strong>primi</strong></span> <span class='ocrx_word' id='word_1_542' title='bbox 1515 4843 1704 4893; x_wconf 87' lang='lat' dir='ltr'><strong>mobilis</strong></span> <span class='ocrx_word' id='word_1_543' title='bbox 1741 4845 2169 4896; x_wconf 72' lang='lat' dir='ltr'><strong>circumferentiae</strong></span> <span class='ocrx_word' id='word_1_544' title='bbox 2216 4845 2435 4908; x_wconf 80' lang='lat' dir='ltr'><strong>ejusdem</strong></span> <span class='ocrx_word' id='word_1_545' title='bbox 2468 4843 2653 4895; x_wconf 83' lang='lat' dir='ltr'><strong>tribuit.</strong></span> <span class='ocrx_word' id='word_1_546' title='bbox 2727 4843 2827 4895; x_wconf 84' lang='lat' dir='ltr'><strong>Sed</strong></span> <span class='ocrx_word' id='word_1_547' title='bbox 2861 4841 2982 4892; x_wconf 85' lang='lat' dir='ltr'><strong>nihil</strong></span> 
     </span>
     <span class='ocr_line' id='line_1_57' title="bbox 282 4913 2983 4982; baseline -0.001 -16"><span class='ocrx_word' id='word_1_548' title='bbox 282 4913 444 4968; x_wconf 82' lang='lat' dir='ltr'><strong>adhuc</strong></span> <span class='ocrx_word' id='word_1_549' title='bbox 478 4917 672 4980; x_wconf 85' lang='lat' dir='ltr'><strong>prodiit.</strong></span> <span class='ocrx_word' id='word_1_550' title='bbox 746 4915 848 4968; x_wconf 83' lang='lat' dir='ltr'><strong>Sed</strong></span> <span class='ocrx_word' id='word_1_551' title='bbox 881 4931 980 4968; x_wconf 85' lang='lat' dir='ltr'><strong>non</strong></span> <span class='ocrx_word' id='word_1_552' title='bbox 1015 4917 1156 4968; x_wconf 78' lang='lat' dir='ltr'><strong>video</strong></span> <span class='ocrx_word' id='word_1_553' title='bbox 1193 4927 1396 4966; x_wconf 85' lang='lat' dir='ltr'><strong>causam</strong></span> <span class='ocrx_word' id='word_1_554' title='bbox 1410 4951 1424 4977; x_wconf 89' lang='lat'><strong>,</strong></span> <span class='ocrx_word' id='word_1_555' title='bbox 1476 4929 1563 4966; x_wconf 87' lang='lat' dir='ltr'><strong>cur</strong></span> <span class='ocrx_word' id='word_1_556' title='bbox 1599 4930 1712 4974; x_wconf 68' lang='lat' dir='ltr'><strong>,non</strong></span> <span class='ocrx_word' id='word_1_557' title='bbox 1761 4921 1814 4966; x_wconf 85' lang='lat' dir='ltr'><strong>et</strong></span> <span class='ocrx_word' id='word_1_558' title='bbox 1862 4921 2030 4967; x_wconf 87' lang='lat' dir='ltr'><strong>centro</strong></span> <span class='ocrx_word' id='word_1_559' title='bbox 2067 4917 2249 4968; x_wconf 83' lang='lat' dir='ltr'><strong>Terrae</strong></span> <span class='ocrx_word' id='word_1_560' title='bbox 2284 4923 2445 4970; x_wconf 83' lang='lat' dir='ltr'><strong>motus</strong></span> <span class='ocrx_word' id='word_1_561' title='bbox 2481 4916 2681 4969; x_wconf 82' lang='lat' dir='ltr'><strong>attribui</strong></span> <span class='ocrx_word' id='word_1_562' title='bbox 2712 4915 2891 4982; x_wconf 77' lang='lat' dir='ltr'><strong>possit,</strong></span> <span class='ocrx_word' id='word_1_563' title='bbox 2928 4919 2983 4964; x_wconf 87' lang='lat' dir='ltr'><strong>et</strong></span> 
     </span>
    </p>
   </div>
   <div class='ocr_carea' id='block_1_10' title="bbox 3594 5059 3603 5348">
    <p class='ocr_par' dir='ltr' id='par_1_19' title="bbox 3594 5059 3603 5348">
     <span class='ocr_line' id='line_1_58' title="bbox 3594 5059 3603 5348; textangle 90"><span class='ocrx_word' id='word_1_564' title='bbox 3594 5143 3603 5348; x_wconf 35' lang='lat' dir='ltr'><strong>“mr-.-</strong></span> <span class='ocrx_word' id='word_1_565' title='bbox 3598 5059 3603 5106; x_wconf 73' lang='lat'><strong>--</strong></span> 
     </span>
    </p>
   </div>
  </div>
 </body>
</html>
