3634 5575
1483 377 1660 457 'oenc
1689 388 1995 444 nv-xv,
2044 375 2053 382 ’
2982 371 3115 460 1δέ

959 533 966 541 “
1079 551 1172 615 ΙΝ
1220 549 1504 615 CAPUT
1535 549 1949 616 nmmum
1994 549 2423 624 QUARTUM

1433 655 1666 708 NOTAE
1704 653 2064 712 Aucroms.

537 744 596 814 a)
643 747 908 820 Intellige
954 750 1022 802 de
1050 747 1234 818 spatie
1279 747 1488 802 orbium
1529 749 1891 820 geometrico:
1942 751 2013 811 de,
2038 747 2291 803 'materia
2318 748 2477 813 enim,
2528 749 2631 803 hoc
2659 756 2764 812 est,
2815 752 2881 806 de
2916 767 3109 821 corpu-

377 827 558 884 lentia
585 828 942 882 adamantina
968 845 1038 881 ne
1065 827 1418 882 Ptolemaeus
1451 827 1665 898 quidem
1695 829 1834 882 adeo
1863 845 2049 882 crasse
2078 828 2521 898 philosophatur.

535 905 596 974 b)
643 907 944 963 Extremus
985 907 1221 962 circulus
1269 907 1551 962 zodiacum
1593 908 1770 963 refert
1827 908 1883 963 in
1937 907 2071 962 orbe
2128 907 2376 972 stellato,
2436 908 2741 980 descriptus
2791 925 2865 963 ex
2924 916 3113 973 centro

377 988 580 1051 mundi,
625 988 720 1042 vel
758 987 930 1043 etiam
971 1005 1047 1042 ex
1075 989 1248 1060 globo
1277 988 1538 1053 Terreno,
1577 989 1708 1060 quia
1737 994 1889 1043 totus
1929 988 2077 1042 orbis
2119 1003 2357 1060 magnus
2394 989 2465 1042 ad
2492 1006 2616 1043 eum
2643 989 2979 1044 insensibilis
3010 995 3114 1045 est.

537 1071 590 1122 A
632 1067 862 1123 Saturni
910 1075 1178 1138 systema,
1229 1067 1634 1124 concentricum
1677 1085 1754 1124 ex
1781 1069 1833 1123 G
1863 1073 2055 1123 centro
2098 1068 2245 1122 orbis
2282 1067 2491 1139 mag-ni.
2566 1069 2615 1123 Β
2662 1075 2913 1140 systema
2936 1069 3110 1126 Jovis.

377 1149 420 1204 C
467 1147 690 1203 Martis.
769 1149 824 1202 D
853 1147 1104 1203 Circulus
1153 1147 1272 1203 sive
1313 1148 1408 1203 via
1447 1147 1623 1204 centri
1663 1147 1823 1221 globi
1862 1147 2113 1203 Terreni—
2130 1147 2481 1202 oenoentrica
2520 1165 2597 1204 ex
2640 1155 2829 1204 centro
2860 1150 2943 1214 (3¹,
2990 1165 3111 1204 cum

380 1228 689 1300 sphaerula
713 1228 923 1284 Lunari
969 1230 1182 1283 duobus
1227 1228 1363 1283 locis
1391 1228 1640 1300 appicta.
1716 1230 1883 1284 Duae
1932 1244 2137 1282 caecae
2186 1227 2372 1290 lineae
2402 1225 2701 1284 circulares
2732 1229 2881 1284 orbis
2910 1230 3116 1285 Terrae

379 1325 499 1362 cum
523 1308 758 1378 ,inserta
782 1308 946 1364 Luna
987 1307 1295 1364 crassitiem
1323 1309 1612 1364 denotant.
1673 1309 1724 1363 E
1764 1309 1893 1364 Duo
1920 1307 2153 1373 circem,
2197 1307 2541 1363 delineantes
2586 1308 2897 1364 crassitiem
2927 1315 3110 1381 syste·
3192 1363 3204 1370 ,

379 1387 540 1444 matis
571 1388 828 1452 Venerii,
877 1388 1026 1443 intra
1053 1404 1220 1460 quam
1261 1389 1432 1450 omnis
1461 1389 1584 1456 ejus
1631 1395 1878 1444 motuum
1922 1387 2171 1442 varietas
2220 1386 2520 1458 perficitur.
2604 1389 2650 1442 F
2676 1388 2921 1460 spatium
2966 1389 3113 1444 inter

379 1469 514 1522 duos
543 1467 812 1531 cii-cellos,
853 1467 908 1521 in
937 1486 1044 1540 quo
1083 1468 1252 1522 omnis
1292 1476 1534 1524 motuum
1571 1469 1773 1526 stellae
1812 1467 2073 1530 Mercurii
2108 1467 2355 1524 varietas
2404 1468 2702 1540 perficitur.
2778 1469 2829 1526 G
2864 1475 3115 1526 centrum

380 1547 628 1612 omnium,
674 1555 736 1602 et
757 1563 934 1618 prope
960 1549 1142 1620 ipsum
1170 1565 1370 1618 corpus
1402 1547 1620 1604 Solare.
2860 1549 2865 1554 ’

533 1631 712 1683 Arcus
738 1645 843 1698 per
872 1629 917 1682 0
947 1635 1008 1682 et
1031 1629 1080 1682 P
1105 1634 1458 1683 transeuntes
1503 1634 1700 1700 partes
1745 1634 1877 1684 sunt
1928 1626 2387 1698 eccentrepicycli
2416 1625 2665 1684 Saturni.
2737 1627 2915 1686 Linea
2942 1645 3115 1683 curva

379 1725 480 1780 per
508 1709 557 1770 Q
585 1714 752 1780 atque
780 1724 882 1778 per
907 1708 1234 1781 perigaeum
1262 1709 1498 1781 epinycli
1536 1709 1593 1764 in
1623 1710 1668 1764 Ο
1699 1725 1958 1780 apogaeo
1997 1707 2300 1762 excentrici
2345 1708 2532 1778 positi,
2580 1713 2643 1762 et
2667 1724 2769 1779 per
2796 1724 3113 1784 apogaeum

379 1789 624 1858 ejusdem
651 1789 708 1843 in
735 1789 782 1843 P
825 1789 1090 1860 perigaeo
1121 1781 1430 1854 eccentrici,
1480 1795 1570 1844 est
1607 1789 1702 1844 via
1744 1789 2013 1858 planetae
2058 1787 2384 1843 eccentrica.
2460 1787 2711 1845 circulus
2761 1789 2976 1862 quidem
3004 1795 3123 1844 non'

377 1875 482 1933 est,
529 1871 628 1923 sed
673 1885 710 1924 a
736 1869 990 1924 circulari
1024 1869 1179 1924 linea
1205 1869 1546 1924 sensibiliter
1581 1887 1692 1925 non
1720 1869 1920 1924 differt.
1994 1870 2077 1923 1511
2123 1867 2407 1923 crassities
2456 1870 2670 1924 duobus
2719 1869 2937 1926 circulis
2987 1889 3115 1925 con·

379 1949 632 2004 centricis
669 1948 900 2012 inclusa,
951 1965 1115 2020 quam
1159 1949 1256 2004 via
1282 1949 1512 2005 Saturni
1552 1949 1864 2004 eccentrica
1909 1948 2013 2003 sibi
2059 1948 2317 2004 vindicat.
2387 1949 2566 2004 Linea
2606 1966 2779 2004 curva
2822 1949 2913 2004 vel
2957 1951 3113 2021 quasi

379 2031 614 2084 circulus
642 2046 744 2099 per
771 2030 831 2083 M
876 2036 936 2082 et
976 2045 1077 2099 per
1126 2045 1442 2101 apogaeum
1491 2029 1728 2100 epicycli
1769 2029 1827 2083 in
1857 2029 1902 2083 Ο
1920 2069 1935 2093 ,
1987 2034 2155 2100 atque
2195 2045 2299 2098 per
2337 2029 2667 2100 perigaeum
2694 2029 2939 2098 ejusdem
2986 2029 3043 2084 in
3070 2031 3116 2085 P

379 2108 674 2172 transiens,
705 2108 1042 2163 eccentricus
1071 2114 1176 2173 est,
1226 2126 1385 2181 quem
1413 2110 1768 2165 Ptolemaeus
1817 2113 2241 2180 aequantem
2279 2115 2462 2162 vocat.
2536 2107 2642 2162 KL
2668 2108 2951 2164 crassities
2982 2113 3114 2164 duo·

377 2191 481 2244 bus
509 2188 690 2244 caecis
719 2189 938 2243 circulis
967 2189 1324 2244 concentricis
1353 2190 1684 2260 intercepta,
1736 2205 1899 2260 quam
1930 2195 2082 2243 totus
2123 2188 2407 2258 epicyclus
2436 2193 2496 2242 et
2524 2204 2771 2259 aequans
2809 2189 2907 2252 ille
2932 2189 3115 2261 requi-

379 2275 524 2324 runt.
581 2269 824 2324 Planeta
851 2284 982 2321 vero
1009 2270 1166 2323 ultra
1192 2271 1248 2323 H
1274 2286 1552 2340 nunquam
1583 2270 1850 2332 ascendit,
1882 2285 1985 2322 nec
2012 2268 2159 2323 infra
2185 2269 2211 2323 1
2238 2269 2536 2322 descendit.

536 2347 816 2403 similibus
865 2348 1302 2418 particularibus
1345 2350 1568 2404 orbibus
1617 2355 1841 2404 ceterae
1861 2350 2139 2418 sphaerae
2168 2347 2337 2402 etiam
2364 2348 2659 2402 distinctae
2700 2347 3145 2420 intelligantur„

381 2429 472 2500 qui
499 2433 707 2492 tamen,
753 2445 825 2482 ne
854 2429 1147 2483 multitudo
1191 2428 1461 2483 linearum
1504 2429 1794 2500 negotium
1842 2427 2025 2498 potius
2066 2428 2406 2492 obscuraret,
2457 2443 2619 2499 quam
2648 2428 2976 2491 declararet,
3024 2428 3116 2482 hic

387 2509 728 2563 omittuntur.
802 2509 930 2562 Ideo
957 2507 1016 2562 in
1041 2510 1077 2562 J
1079 2526 1180 2562 ove
1210 2516 1270 2563 et
1296 2510 1480 2563 Marte
1507 2510 1603 2564 via
1637 2525 1827 2563 eorum
1868 2507 2178 2562 eccentrica
2221 2509 2435 2579 duoque
2472 2524 2596 2563 eam
2634 2505 2980 2562 continentes
3010 2508 3111 2562 cir-

384 2588 494 2642 culi
521 2588 868 2651 concentricss
913 2588 968 2641 in
998 2589 1198 2643 ceteris
1229 2589 1334 2643 soli
1361 2588 1692 2644 concentriei
1721 2587 1986 2657 descripti
2012 2586 2308 2642 sufficiunt.
2406 2641 2419 2654 κ

540 2667 742 2739 Spatia
767 2667 1111 2724 intermedia.
1169 2670 1222 2724 R
1247 2671 1402 2723 locus
1433 2670 1574 2734 cubi,
1616 2668 1663 2736 S-
1683 2668 1971 2731 tetraedri,
2020 2669 2065 2721 T
2092 2666 2436 2732 dodecaedri,
2467 2667 2517 2722 V
2543 2666 2831 2732 icosaedrss
2872 2666 2929 2722 X
2956 2673 3112 2722 octa·

384 2748 518 2803 edri.
573 2747 626 2805 N
653 2754 742 2803 est
769 2748 1012 2818 spatium
1037 2748 1184 2804 inter
1211 2749 1510 2805 Saturnum
1539 2754 1600 2803 et
1624 2750 1788 2813 fixas,
1838 2747 2049 2804 infinito
2090 2747 2283 2803 simile.

523 2826 666 2878 Haec
691 2825 937 2891 Keplerus
963 2829 1224 2877 annotavit
1258 2829 1310 2877 in
1346 2828 1523 2878 tabula
1557 2829 1682 2891 ipsa.
1741 2826 1993 2890 Inscripta
2031 2832 2136 2876 est:
2176 2826 2389 2877 Tabella
2426 2826 2692 2877 ostendens
2730 2839 2897 2879 veram
2935 2826 3111 2892 ampli-

389 2897 612 2948 tudinem
649 2898 837 2947 orbium
874 2896 1162 2948 coelestium
1198 2904 1252 2949 et
1285 2899 1676 2956 interstitiorum,
1715 2898 1985 2949 secundum
2022 2911 2251 2948 numeros
2287 2903 2341 2947 et
2374 2899 2673 2949 sententiam
2712 2898 2987 2964 Copernici.

542 2965 600 3037 c)
644 2972 696 3025 E
740 2987 800 3025 re
849 2971 968 3024 ‘one
1011 2970 1164 3035 sitos,
1206 2978 1272 3026 ut
1316 2970 1662 3035 577—635,
1707 2972 1786 3025 sic
1830 2969 2165 3025 333—333.

542 3046 599 3115 d)
647 3050 708 3105 Si
733 3049 790 3104 in
887 3067 998 3105 non
1027 3067 1210 3105 sumas
1243 3050 1384 3114 57⁷,
1429 3052 1642 3106 radium
1669 3050 1921 3121 inscripti
1950 3052 2241 3115 octaedro,
2289 3051 2387 3105 sed
2418 3046 2557 3115 707,
2606 3050 2822 3105 radium
2848 3048 3100 3122 inscripti

385 3132 656 3201 quadrato
685 3130 959 3185 octaedri:
989 3138 1123 3184 tunc
1148 3132 1256 3185 iste
1286 3128 1394 3185 non
1422 3134 1652 3186 multum
1681 3132 1962 3201 discrepat
1989 3146 2026 3183 a
2056 3129 2188 3185 723.

544 3205 614 3278 e)-
650 3208 758 3265 Hic
795 3210 1083 3281 proportio
1127 3211 1336 3265 orbium
1365 3210 1508 3265 Solis
1539 3218 1598 3266 et
1623 3213 1815 3267 Lunae
1858 3210 2158 3265 assumitur
2187 3226 2273 3274 ea,
2326 3226 2468 3281 quae
2517 3208 2593 3266 20
2624 3212 2695 3265 ad
2730 3212 2793 3276 1,
2842 3217 3111 3285 quantam

385 3288 556 3345 tradit
583 3290 924 3345 astronomia
952 3291 1184 3363 antiqua
1211 3290 1447 3345 circiter.
1505 3296 1586 3347 At
1611 3294 1782 3345 doceo
1811 3291 1911 3345 lib.
1942 3291 2034 3344 IV.
2066 3290 2367 3360 Epitomes‚
2398 3291 2543 3362 quod
2569 3290 2672 3345 illa
2690 3290 2763 3345 sit
2788 3291 2906 3347 fere
2936 3290 3109 3362 triplo

385 3369 588 3439 madon
636 3365 743 3425 e'tsi
769 3369 828 3423 in
853 3370 1316 3440 Ephemeridibus
1363 3371 1634 3425 modestia
1673 3373 1911 3441 quadam
1952 3386 2083 3423 usus
2128 3370 2393 3441 usurpavi
2439 3368 2595 3425 illam
2621 3370 2904 3443 sesquiplo
2930 3370 3111 3440 majo·

383 3465 514 3513 rem,
545 3450 663 3505 scil.
695 3465 818 3506 eam
848 3466 993 3521 quae
1024 3451 1099 3506 30
1134 3453 1204 3507 ad
1243 3452 1265 3507 l
1292 3491 1307 3515 ‚
1340 3449 1712 3534 int-erim‘dum
1741 3450 1912 3519 plane
1942 3450 2337 3505 concluderem.

1569 3613 1618 3623 —
1639 3613 1675 3618 —-
1688 3612 1901 3621 —-—-——-
1916 3612 1933 3620 ι

1517 3720 1759 3821 Caput
1810 3720 1977 3795 XV.

739 3875 1061 3943 C‘orrectz‘o
1110 3855 1565 3943 distantiarum
1609 3886 1672 3941 et
1713 3880 2051 3943 diversitas
2086 3876 2756 3961 proethaphaermon.

565 4020 662 4084 Ne
707 4038 852 4082 vero
899 4017 1011 4080 tibi
1057 4018 1250 4080 lector
1287 4019 1478 4081 amice
1525 4019 1905 4081 occasionem
1952 4018 2134 4081 ullam
2181 4020 2507 4099 praebeam
2552 4026 2745 4082 totum
2774 4018 2888 4081 hoc
2916 4037 3111 4099 nego·-

393 4108 540 4170 tium
574 4116 825 4189 propter
869 4108 1190 4169 leviculam
1229 4107 1590 4170 discordiam
1617 4107 1949 4187 rejiciendi,
2002 4108 2329 4170 monendus
2367 4108 2463 4171 hic
2494 4128 2581 4183 es,
2630 4108 2785 4190 quod
2832 4114 2895 4170 te
2925 4105 3115 4187 probe

391 4196 737 4260 meminisse
781 4196 992 4271 velim,
1063 4195 1380 4277 Cepernici
1425 4196 1722 4257 intentum
1781 4215 1895 4257 non
1944 4196 2002 4257 in
2052 4198 2513 4278 cosmographia
2570 4196 2829 4271 versari,
2899 4196 3007 4258 sed
3055 4196 3113 4257 in

391 4286 794 4349 astronomia:
856 4282 969 4347 ho‘c
1018 4292 1148 4359 est,
1201 4292 1400 4347 utrum
1445 4284 1711 4346 nonnihil
1760 4285 1818 4347 in
1869 4304 2075 4346 veram
2122 4286 2351 4348 orbium
2397 4288 2843 4365 proportionem
2879 4292 3111 4364 peccet,

391 4393 602 4454 parum
645 4374 766 4454 ipsi
811 4392 990 4436 curae
1038 4382 1152 4449 est,
1202 4374 1380 4436 modo
1427 4391 1705 4435 numeros
1752 4394 1831 4436 ex
1878 4373 2403 4438 observationibus
2444 4393 2550 4436 eos
2598 4374 2964 4448 constituat,
3014 4374 3112 4454 qui

355 4460 521 4526 ⁴sint
583 4464 660 4526 ad
727 4462 1228 4525 demonstrandos
1294 4469 1494 4524 motus
1557 4462 2055 4544 planetarumque
2122 4465 2256 4525 loca
2318 4463 2755 4542 computanda,
2828 4470 3115 4543 quantum

393 4552 523 4614 fieri
567 4552 768 4631 potuit
811 4550 1070 4614 maxime
1117 4552 1266 4630 apti.
1360 4551 1452 4613 At
1497 4550 1551 4612 si
1601 4550 1734 4631 quis
1791 4550 2059 4630 aptiores
2108 4553 2250 4613 dare
2298 4560 2548 4614 conetur
2603 4558 2668 4612 et
2711 4551 2824 4613 hos
2874 4548 3111 4631 Coper-

395 4640 512 4703 nici
558 4660 836 4703 numeros
880 4639 970 4702 ita
1014 4640 1309 4719 corrigat,
1371 4645 1438 4700 ut
1491 4638 1636 4701 nihil
1683 4639 1917 4704 interea
1975 4645 2082 4701 aut
2137 4659 2348 4721 parum
2405 4640 2464 4701 in
2508 4638 3113 4719 prosthapbaeresesi

395 4728 618 4803 turbet,
665 4730 728 4791 id
777 4728 866 4791 illi
909 4745 1020 4808 per
1054 4724 1464 4807 -Copernicum
1513 4726 1692 4790 facile
1739 4727 1965 4791 licebit.

573 4819 662 4882 Ut
715 4817 900 4899 igitur
954 4834 1244 4881 summam
1310 4816 1563 4897 denique
1619 4815 1756 4878 huic
1809 4815 2055 4897 negotio
2111 4834 2351 4877 manum
2416 4814 2715 4897 imponam
2736 4860 2754 4888 ,
2821 4822 3003 4897 atque
3048 4822 3117 4878 ut

397 4914 723 4995 appareat,
790 4904 927 4991 quid
977 4913 1380 4989 quantumque
1439 4924 1628 4991 penes
1689 4904 1959 4993 singulos
2024 4906 2307 4989 planetas
2362 4902 2423 4967 in
2478 4903 2893 4987 parallaxibus
2953 4903 3115 4967 orbis
