3634 5575
70 182 72 262 .-.
72 94 77 144 -.

1461 325 1524 374 «10
1560 323 1704 374 robus
1741 307 2063 391 astrologicis.
2988 285 3117 386 3²75

409 480 694 548 discimus
762 479 946 547 etiam
1005 483 1291 547 inferiora
1354 483 1678 548 intervalla
1742 484 2022 547 similiter
2081 482 2367 544 dividere.
2463 475 2622 549 Quia
2678 480 2861 565 euim·
2900 465 3119 565 natura

401 575 621 655 probat
667 570 1048 634 intervallum
1100 573 1474 652 „paschali“‚
1527 573 1622 648 fa,
1687 573 1811 649 sol,
1884 573 1975 647 fa,
2034 571 2135 632 ubi
2175 579 2273 632 est
2316 577 2495 631 tonus
2542 567 2767 644 minor,
2831 570 3117 649 probabit

403 663 616 738 etiam,
678 670 746 724 ut
792 662 868 723 ab
914 661 1238 724 intervallo
1285 681 1378 737 re,
1432 662 1520 736 fa,
1585 661 1909 738 „victimae
1955 659 2208 741 pasch.“
2260 658 2602 722 auferamus
2650 659 2859 722 itidem
2888 667 3114 741 ,tonum
3158 683 3169 692 ‘

399 750 686 813 minorem
735 745 1082 826 „vidistin“,
1132 757 1275 812 tunc
1322 749 1480 812 enim
1527 757 1733 812 manet
1779 744 2053 830 superius
2091 747 2470 810 semitonium
2522 746 2785 820 „vidist“
2838 747 3109 830 ejusdem

400 835 762 918 quantitatis
826 854 960 900 cum
1021 828 1295 918 superius
1344 837 1673 902 constituto
1721 839 1881 902 inter
1927 839 1996 913 d,
2068 837 2179 900 dis.
2277 835 2403 899 Sed
2451 855 2635 915 quare
2696 855 2815 898 non
2862 836 3109 900 inferius'

401 928 770 990 collocamus
827 927 1210 990 semitonium
1269 923 1402 1010 ¹⁶12„
1426 976 1441 1002 ,
1510 928 1784 1008 superius
1850 927 2140 990 minorem
2196 931 2403 988 tonum
2473 918 2627 1006 ‘’lw?
2714 923 3127 1012 Respondeas

401 1017 478 1078 id'
511 1017 753 1096 quidem
799 1017 984 1078 etiam
1029 1017 1116 1091 lit,
1166 1017 1274 1079 sed
1323 1037 1439 1078 uon
1487 1035 1752 1096 semper;
1802 1025 1866 1078 et
1911 1015 2098 1078 habet
2143 1033 2390 1077 causam
2437 1016 2790 1088 naturalem,
2842 1022 2909 1076 ut
2953 1015 3113 1077 inter

403 1106 648 1185 gradus,
699 1105 798 1185 qui
846 1121 1030 1184 saepe
1077 1106 1406 1180 calcantur,
1455 1105 1579 1167 sint
1623 1105 2075 1167 consonantiae.
2170 1099 2427 1174 Quando
2460 1121 2603 1184 ergo
2640 1103 2699 1165 in
2730 1101 2915 1184 ἅγωγῃ
2942 1103 3111 1165 vocis

400 1213 466 1256 re
513 1194 868 1275 respicimus
917 1194 1107 1282 add,
1156 1201 1224 1256 ut
1270 1213 1344 1256 ea
1381 1194 1606 1256 chorda
1653 1193 1897 1274 saepius
1944 1194 2233 1273 pulsetur,
2282 1199 2423 1254 tunc
2466 1209 2581 1253 non
2613 1192 2795 1254 debet
2838 1209 2959 1253 vox
3001 1211 3113 1272 per

399 1303 461 1362 g,
509 1283 621 1363 gis,
670 1283 730 1357 b,
781 1298 834 1358 c,
884 1283 924 1344 d
971 1282 1076 1357 ire,
1141 1282 1282 1363 quia
1344 1282 1383 1345 d
1431 1290 1497 1345 et
1541 1281 1636 1366 gis
1683 1300 1799 1344 non
1850 1288 2205 1345 consonant.
2298 1279 2558 1352 Quando
2618 1288 2820 1343 autem
2864 1299 2985 1342 vox
3030 1282 3108 1343 ad

403 1371 460 1448 b,
511 1389 562 1446 c,
614 1372 652 1433 d
697 1389 816 1433 non
867 1377 972 1433 est'
1013 1373 1358 1446 ascensura,
1406 1371 1873 1452 nihilprohibet,
1924 1391 1960 1433 a
2007 1389 2048 1451 g
2082 1371 2140 1432 in
2189 1369 2283 1450 gis
2331 1370 2679 1443 ascendere,
2720 1367 2977 1449 indeque
3004 1388 3105 1431 re-

398 1455 573 1522 ve‘r'ti.
665 1459 968 1540 Denique,
1032 1459 1085 1521 si
1129 1468 1546 1545 comparemus
1594 1459 1940 1522 harmonias
1998 1457 2388 1521 secundariae
2452 1449 2559 1539 Ἃ,
2634 1451 2742 1540 Ἃ,
2822 1451 2886 1538 Ἴ,
2916 1505 2932 1532 ,
3008 1449 3107 1542 ‘lv

400 1565 514 1610 non
563 1565 696 1610 cnm
739 1545 1044 1628 primariis
1102 1543 1206 1631 Ἃ,
1265 1545 1373 1632 ²l„
1423 1550 1528 1611 sed
1577 1567 1712 1611 cum
1758 1549 1927 1628 ipsis,
1977 1558 2048 1610 nt
2101 1541 2171 1626 Ὗ,
2229 1553 2293 1608 et
2349 1539 2453 1630 7⁶,
2504 1546 2601 1636 vel
2660 1539 2795 1631 ²7³0
2836 1553 2901 1608 et
2940 1541 3105 1629 ulam

400 1637 610 1698 existit
653 1637 1032 1700 intervallum
1079 1639 1238 1700 inter
1281 1639 1324 1699 h
1369 1647 1434 1700 et
1467 1639 1505 1700 b
1555 1637 1764 1700 durum
1809 1645 1875 1698 et
1902 1635 2098 1710 molle,
2150 1655 2236 1699 sc.
2278 1628 2415 1718 “ln
2439 1682 2456 1709 2
2509 1642 2685 1715 quam
2714 1637 2880 1698 soleo
2912 1635 3105 1698 diesin

403 1726 736 1808 appellare,
807 1731 1020 1806 estque
1067 1725 1408 1789 differentia
1453 1725 1776 1789 semitonii·
1814 1747 1854 1786 a
1898 1735 2041 1787 tono
2091 1722 2337 1786 minore.
2431 1719 2516 1785 Et
2570 1723 2711 1802 quia
2754 1743 2867 1786 usu
2912 1725 3100 1799 venit,

395 1820 471 1876 nt
517 1815 700 1876 etiam
754 1815 816 1876 in
863 1821 1005 1876 tono
1051 1817 1278 1895 majore
1343 1816 1780 1878 constituamus
1839 1813 2218 1876 semitonium
2262 1811 2629 1887 imitatione,
2738 1814 2854 1875 uod
2918 1813 3105 1894 igitur

393 1902 775 1984 relinquitur,
857 1905 1074 1980 λειμμα
1131 1905 1265 1966 dico
1337 1903 1436 1966 vel
1502 1903 1693 1967 diesin
1758 1903 2071 1984 majorem,
2151 1901 2291 1982 quia
2363 1907 2611 1982 superat
2684 1898 2708 1935 ⁸
2744 1895 2853 1982 [η.
2949 1899 3101 1966 Cla-

397 1991 488 2052 vis
553 1991 905 2054 necessaria
967 1993 1230 2072 organiS,
1292 1993 1352 2054 in
1401 1993 1612 2074 quibus
1659 1993 1907 2054 alternis
1958 1997 2172 2053 cantus
2218 1989 2399 2053 durus
2464 1996 2529 2050 et
2592 1990 2790 2054 mollis
2836 1992 3103 2054 exerceri

395 2080 595 2154 debet,
645 2081 921 2160 quamvis
965 2099 1076 2160 per
1120 2089 1436 2161 utramque
1484 2080 1656 2144 simul
1706 2078 2086 2142 ascendendo
2132 2077 2231 2140 vel
2263 2075 2683 2141 descendendo
2732 2086 2947 2140 cantus
2984 2098 3104 2142 nou

399 2169 788 2242 traducatur3
835 2184 1021 2230 causa
1065 2177 1242 2248 patet
1287 2189 1364 2231 ex
1411 2170 1658 2250 origine.
1752 2163 2205 2230 Portinnculam
2232 2187 2394 2242 vero,
2446 2184 2561 2246 qua
2602 2165 2885 2228 differunt
2928 2173 3107 2230 tonus

394 2257 584 2335 major
631 2264 694 2317 et
735 2256 934 2318 minor
983 2251 1057 2340 Ἰ,
1115 2265 1176 2319 et
1233 2252 1378 2340 Um,
1435 2258 1533 2319 vel
1589 2249 1727 2338 ”loo
1785 2265 1849 2319 et
1903 2249 2079 2338 ⁸¹100,
2137 2272 2221 2317 sc.
2278 2249 2457 2336 ΨΜ,
2499 2251 2757 2350 >placuit
2800 2255 2943 2317 mihi
2991 2275 3104 2338 ap-

391 2344 619 2424 pellare
673 2347 1012 2420 „comma“.
1106 2345 1322 2420 Vides,
1368 2347 1596 2426 opinor,
1655 2345 1810 2407 haec
1856 2344 2183 2407 intervalla
2226 2345 2286 2406 in
2334 2342 2496 2406 nullo
2546 2342 2785 2404 minimo
2833 2361 3103 2406 commu-

391 2434 628 2494 nic’are':
678 2433 897 2496 nullius
945 2433 1100 2495 euim
1168 2453 1242 2496 ne
1290 2436 1606 2497 commatis
1653 2434 1892 2515 quidem
1954 2432 2453 2512 multiplicatione
2500 2429 2683 2494 ullum
2732 2451 2804 2492 ex
2854 2433 3100 2512 majori-

389 2520 500 2583 bus
549 2522 886 2584 intervallis
933 2523 1216 2602 prodibit.

495 2645 672 2715 ,Haec
709 2641 984 2710 Keplerus3
1023 2647 1211 2712 reliqua
1249 2647 1441 2698 desunt.
1517 2645 1597 2696 De
1634 2647 1760 2702 viro,
1817 2659 1931 2695 cum
1967 2659 2061 2710 quo
2100 2645 2203 2710 egit
2251 2644 2327 2694 his
2363 2645 2641 2710 Keplerus‚
2692 2647 2819 2700 haec
2854 2651 3101 2702 notamus.

385 2715 579 2767 Nomen
605 2715 1056 2782 Hegulontius
1083 2719 1308 2782 nuspiam
1335 2718 1548 2767 occurrit
1564 2729 1712 2782 quam
1737 2707 2094 2776 iufHanschio:
2120 2717 2169 2764 in
2190 2709 2311 2764 Mss.
2340 2715 2705 2768 Viennensibus
2730 2719 2803 2768 bis
2831 2712 3099 2782 depreben-

387 2787 550 2838 dimus
569 2789 790 2851 ejusdem
815 2787 984 2839 literas
1003 2800 1128 2853 quas
1151 2804 1302 2853 supra
1325 2792 1676 2853 proposuimus.
1705 2787 1891 2838 alteras
1918 2790 2220 2851 subscriptas
2249 2785 2657 2853 „christophorus
2678 2790 2767 2840 He
2778 2792 2882 2856 gul
2896 2792 3099 2851 onus“,

389 2860 602 2911 alteru:
645 2858 952 2923 „christoph-
993 2860 1384 2923 Heydonus“.
1459 2860 1730 2911 Joecherus
1777 2858 1914 2920 (Gel.
1950 2856 2195 2921 Lexioou)
2246 2858 2367 2909 dicit
2406 2858 2739 2925 „astrologum
2791 2870 2843 2911 et
2880 2862 3100 2913 cabbaii-

387 2936 518 2981 stam
553 2930 770 2995 Anglum
808 2930 1141 2981 Christianum
1177 2931 1493 2994 Haydou“,
1533 2946 1678 2997 quem
1729 2930 1941 2981 eundem
1998 2944 2107 2980 esse
2160 2936 2419 2993 censemus
2434 2966 2449 2987 ‚
2500 2933 2582 2997 qui
2630 2932 2785 2983 literis
2832 2932 3102 2997 Keplerum

387 3000 528 3057 adiit,
566 3014 680 3052 cum
713 3007 843 3051 teste
879 3000 1122 3053 Joechero
1162 3002 1376 3053 ediderit
1413 3017 1546 3053 anuo
1587 2994 1722 3049 1603
1762 3000 1938 3051 librum
1977 3001 2287 3065 inscriptum:
2327 3016 2361 3051 a
2386 3002 2591 3053 defence
2617 3002 2671 3053 of
2700 3004 2906 3067 judicia]
2931 3005 3103 3055 Astro-

387 3070 568 3135 logie.“
645 3069 851 3135 Kepleri
886 3073 1036 3122 verba
1073 3071 1146 3136 (p.
1190 3068 1319 3134 370)
1356 3073 1636 3138 significare
1673 3073 1925 3129 videntur,
1980 3072 2275 3134 Heydonum
2314 3088 2425 3123 cum
2460 3088 2579 3139 rege
2618 3074 2808 3125 Jacobo
2859 3068 2929 3125 de*
2956 3076 3104 3126 rebus

392 3142 700 3207 analogicis
737 3144 914 3207 egisse.
1185 3180 1189 3184 Δ
3115 3144 3133 3151 “

531 3212 678 3273 Quae
729 3213 874 3263 addit
919 3213 1167 3277 Keplerus
1219 3214 1524 3279 astrologicis
1571 3212 1851 3271 musicalia,
1904 3212 1983 3263 his
2035 3213 2213 3263 similia
2250 3214 2591 3278 deprehendes
2624 3216 2675 3265 in
2724 3216 2989 3268 Prodromo
3028 3216 3101 3283 (p.

391 3279 492 3331 139
529 3298 602 3347 sq.
642 3290 694 3333 et
733 3279 862 3344 197.)
900 3292 952 3333 et
987 3285 1037 3334 in
1069 3283 1196 3335 libro
1233 3284 1295 3335 de
1332 3283 1476 3333 Nova
1511 3282 1671 3333 Stella
1707 3281 1803 3343 (lit.
1845 3285 1911 3335 ad
1944 3282 2329 3349 Brenggerum).
2404 3284 2597 3337 Similia
2630 3293 2819 3339 tractat
2854 3288 3102 3353 Keplerus

387 3356 438 3403 in
474 3354 628 3403 literis
666 3355 730 3404 ad
766 3354 796 3404 J
808 3355 984 3405 each.
1024 3352 1410 3410 Tanckium,
1449 3354 1623 3419 quibus
1658 3356 1933 3417 praemissa
1970 3355 2330 3419 quadamtenus
2368 3358 2669 3420 supplentur.

529 3422 562 3474 J
573 3424 910 3475 oachimus
947 3424 1274 3474 Tanckius
1311 3424 1580 3488 Lipsiensis
1622 3422 1899 3484 (Professor
1934 3428 2072 3473 anat.
2113 3432 2165 3474 et
2201 3427 2412 3492 chirurg.
2434 3463 2449 3483 ,
2488 3435 2630 3477 mort.
2654 3424 2811 3487 1809,
2851 3436 2937 3479 aet
2962 3428 3093 3493 52),

386 3494 522 3545 vada
557 3510 670 3547 cum
707 3494 924 3560 Keplero
961 3496 1068 3561 egit.
1102 3510 1190 3559 per
1223 3496 1394 3545 literas
1433 3508 1565 3545 anno
1595 3492 1746 3549 1608.
1787 3496 2007 3545 maxima
2044 3510 2103 3545 ex
2140 3504 2283 3559 parte
2322 3498 2385 3547 de
2420 3496 2541 3547 libro
2566 3498 2767 3563 Kepleri
2804 3500 2865 3550 de
2892 3500 3103 3552 Cometa

390 3568 509 3618 anni
573 3564 740 3625 1607,
801 3582 945 3631 quem
981 3564 1185 3631 Lipsiae
1243 3566 1618 3630 imprimendum
1677 3568 1894 3623 curavit,
1948 3566 2252 3617 eoncedente
2298 3568 2467 3617 ordine
2518 3568 2671 3619 theol.
2726 3578 2779 3621 et
2830 3572 3101 3636 philosoph.

383 3636 642 3689 Nuncians
693 3638 913 3701 Keplero
967 3638 1143 3691 librum
1198 3638 1330 3687 hunc
1383 3638 1600 3701 proxime
1656 3637 1937 3687 absolutum
1990 3637 2159 3687 addit:
2220 3639 2330 3689 misi
2382 3638 2447 3687 ad
2496 3646 2549 3687 te
2600 3641 3103 3693 monochordum

386 3707 667 3759 Reinhar
681 3709 770 3765 di,
827 3710 908 3775 qui
947 3708 1176 3759 dissentit
1220 3709 1270 3757 iu
1309 3708 1506 3757 musicis
1546 3722 1578 3757 a
1613 3714 1778 3757 nostro
1818 3706 2119 3758 Calvisio.
2194 3708 2471 3759 Plenior-em
2507 3710 2581 3758 his
2618 3712 2849 3763 nundinis
2886 3713 3099 3763 instruc-

385 3780 569 3829 tionem
619 3778 686 3829 ad
723 3794 802 3829 me
839 3781 1002 3837 misit,
1057 3792 1206 3845 quam
1245 3779 1409 3830 obiter
1442 3782 1522 3829 vix
1559 3778 1776 3844 perlegi;
1815 3780 2077 3830 occasione
2115 3778 2213 3829 hac
2250 3780 2421 3829 oblata
2457 3780 2522 3829 ad
2558 3788 2611 3829 te
2645 3784 2813 3837 mitto,
2862 3784 3103 3845 judicium

389 3856 528 3901 tuum
561 3858 737 3915 petens
775 3848 864 3901 bc.
906 3849 1102 3915 (comp.
1141 3850 1364 3900 Hansch.
1405 3867 1453 3914 p.
1495 3846 1642 3911 408.)

525 3948 851 4012 Keplerus
905 3948 1184 4013 respondit:
1241 3940 1376 4002 Non
1427 3940 1737 4001 fortuitum
1787 3938 1897 4001 tibi
1947 3958 2159 4001 nomen
2207 3947 2303 4002 est
2350 3960 2387 4001 a
2434 3936 2688 4017 GratliS,
2722 3942 3103 4006 'suavissime

385 4028 642 4103 Tancki,
713 4046 900 4109 usque
947 4029 1098 4090 adeo
1147 4046 1393 4089 suavem
1453 4035 1516 4089 et
1564 4026 1797 4091 Gratiis
1856 4029 2095 4109 plenam
2146 4030 2221 4091 ad
2271 4028 2653 4091 collationem
2709 4047 2803 4093 me
2850 4032 3099 4107 invitas,

386 4116 760 4179 transmissis
797 4116 1132 4179 Reinhardi
1179 4116 1688 4197 speculationibus
1735 4117 2119 4179 harmonicis.
2210 4118 2303 4179 De
2350 4118 2427 4180 iis
2485 4118 2625 4197 quid
2670 4120 2968 4195 videatur,
3037 4122 3097 4182 in

387 4222 716 4286 progressu
764 4205 1050 4287 aperiam,
1101 4204 1456 4286 principium
1501 4222 1643 4267 vero
1690 4206 1913 4267 faciam
1959 4206 2036 4267 ab
2084 4224 2356 4283 excursu,
2405 4207 2484 4269 ad
2515 4226 2689 4288 quem
2734 4216 2946 4271 auctor
2981 4210 3103 4273 iste

393 4307 538 4356 suae
585 4294 880 4375 epistolae
927 4294 1220 4375 principio
1265 4300 1504 4373 portam
1550 4293 1694 4356 mihi
1743 4294 1999 4375 aperuit.

563 4382 844 4463 Apparet
887 4384 1128 4463 quidem
1187 4402 1262 4444 ex
1307 4382 1416 4444 illo
1464 4382 1672 4445 statim
1734 4382 2027 4464 principio
2076 4382 2339 4445 auctoris
2396 4384 2511 4445 hac
2556 4384 2616 4446 in
2662 4403 2729 4447 re
2784 4385 3103 4467 multiplex

390 4468 644 4533 eruditio
707 4480 774 4534 et
831 4480 1142 4535 auctorum
1203 4478 1478 4533 veterum
1533 4470 1816 4552 cognitio.
1914 4470 2223 4534 Ciceronis
2290 4472 2529 4551 quidem
2592 4473 2759 4535 locos
2825 4476 2885 4537 in
2952 4484 3100 4557 typo

392 4558 652 4639 scriptos
697 4560 866 4635 novi,
927 4579 1172 4641 quorum
1225 4560 1529 4639 posterior
1573 4580 1606 4622 e
1645 4560 1893 4624 Timaeo
1938 4559 2215 4623 Platonis
2270 4560 2584 4624 desumtus
2630 4569 2745 4624 est.
2840 4561 3101 4635 Quinam

383 4664 527 4709 vero
575 4666 651 4709 ex
697 4649 1005 4711 veteribus
1051 4648 1312 4712 hominis
1358 4656 1654 4711 staturam
1713 4648 2124 4729 composuerit
2168 4668 2245 4710 ex
2288 4649 2451 4713 notis
2508 4667 2789 4713 sonorum
2836 4652 3098 4730 duplici-

385 4735 519 4811 bus,
565 4754 686 4799 non
729 4736 970 4799 memini
1015 4756 1110 4799 me
1157 4736 1411 4816 legisse3
1478 4736 1666 4799 vincit
1711 4738 1800 4800 sic
1848 4738 2107 4800 lectione
2154 4736 2557 4801 Reinhardus.
2654 4736 2935 4802 Occurrit
2980 4741 3097 4802 ali-

394 4824 535 4905 quid
583 4843 660 4887 ex
703 4823 980 4899 Platone,
1032 4824 1148 4907 qui,
1214 4842 1457 4887 mensus
1503 4826 1829 4889 intervalla
1874 4826 2158 4899 umbilici,
2218 4826 2701 4905 praecordiorum
2746 4836 2812 4890 et
2856 4830 3097 4909 frontis,

1795 4956 1810 4993 Ι
