3634 5575
639 342 770 476 4i4
1775 411 1981 464 Lim·-
2016 410 2221 476 Raptor-i

642 570 698 630 in
747 583 844 643 Θ,
901 576 968 630 et
1003 587 1044 629 a
1087 578 1183 634 Q
1232 568 1290 629 in
1327 573 1396 645 ,ὅ
1443 567 1736 647 oppositis
1793 569 2126 632 rationibus
2186 570 2458 632 defectus
2510 572 2607 633 vel
2654 590 2963 634 excessus
3017 583 3437 645 compensa·-

639 667 754 732 tur,
800 665 872 718 ut
915 657 1007 718 ita
1051 666 1380 719 evanescat.
1425 657 1726 719 anomalia
1771 657 1831 718 in
1878 663 1975 734 ,6,
2028 673 2122 732 εδ,
2172 660 2231 720 in
2278 659 2369 736 Υ,
2418 669 2515 726 ss
2560 661 2649 721 sit
2690 661 2998 724 maxima.

821 743 1136 817 Quomodo
1189 764 1334 807 vero
1390 745 1540 807 haec
1587 745 1942 827 hypothesis
1988 766 2121 808 cum
2168 745 2501 827 Copernico
2553 749 2931 822 concilietur,
3012 761 3165 806 non
3233 744 3449 804 solum

641 833 924 897 brevibus
969 834 1170 896 verbis
1219 834 1506 914 explicari
1553 835 1758 914 nequit
1788 835 1979 915 (quod
2023 835 2083 896 in
2132 855 2264 898 meo
2318 837 2704 916 prognostico
2753 837 2953 910 dixi),
3035 833 3175 896 sed
3228 849 3439 912 neque

639 923 805 984 brevi
851 931 1145 1002 tempore.
1239 921 1503 1002 Oportet
1545 924 1702 986 enim
1749 924 1951 986 omnia
1994 925 2181 1004 probe
2226 933 2527 987 excutere.
2618 925 2779 989 Nam
2808 943 3037 1005 nequo
3070 922 3238 1002 ipse
3292 921 3439 982 dum

640 1012 784 1074 mihi
831 1010 1166 1074 satisfacio.
1258 1011 1470 1074 Dicam
1517 1020 1719 1074 autem
1767 1013 2197 1091 speculationis
2226 1033 2396 1076 meae
2444 1015 2919 1077 fundamentum.
3045 1013 3138 1072 In
3172 1014 3259 1088 ὅ
3288 1027 3437 1070 ver·-

641 1109 814 1162 sante
862 1101 1052 1161 Terra
1097 1099 1335 1161 videtur
1382 1097 1462 1176 Θ
1511 1101 1570 1162 in
1621 1115 1718 1174 Θ,
1775 1108 1989 1180 estque
2025 1101 2111 1163 ibi
2156 1102 2285 1182 ejus
2332 1119 2699 1182 apogaeum,
2746 1104 2805 1164 in
2854 1100 3201 1183 opposito
3252 1098 3437 1178 peri-

641 1208 876 1269 gaeum.
971 1187 1122 1250 Cum
1170 1203 1311 1265 ergo
1360 1189 1686 1250 secundum
1734 1188 2131 1269 Copernicum
2176 1198 2375 1253 motus
2420 1191 2617 1253 omnis
2660 1200 2729 1254 et
2762 1191 2969 1254 virtus
3006 1187 3259 1250 omnis
3292 1205 3435 1250 mo-

639 1276 800 1339 toria
845 1296 922 1338 ex
967 1275 1114 1338 Sole
1159 1295 1270 1338 ceu
1317 1284 1526 1339 centro
1574 1277 1702 1340 sive
1749 1279 1931 1340 corde
1998 1279 2061 1340 in
2106 1279 2565 1359 circumpositos
2610 1280 2789 1342 orbes
2834 1281 3217 1359 ingeratur
3236 1323 3259 1350 ,
3332 1275 3433 1336 di-

641 1366 870 1428 mensis
935 1366 1016 1426 ad
1078 1365 1588 1446 propinquitatem
1667 1367 1959 1442 modulis,
2046 1369 2277 1432 ambiat
2350 1387 2495 1431 vero
2560 1368 2812 1432 Terram
2884 1366 3087 1430 orbis
3170 1366 3435 1426 Lunam

638 1455 896 1518 vehens:
945 1471 1090 1534 ergo
1135 1453 1190 1514 is
1237 1473 1356 1516 una
1399 1473 1533 1516 cum
1581 1456 1770 1517 Terra
1813 1455 2007 1518 hieme
2054 1476 2239 1537 prope
2267 1456 2474 1520 Solem
2520 1458 2777 1532 accedit,
2828 1464 2893 1518 et
2937 1457 3017 1518 in
3070 1453 3429 1516 fortiorem

637 1543 924 1604 virtutem
979 1542 1298 1604 motoriam
1357 1543 1718 1622 ingreditur,
1785 1553 2026 1607 aestate
2086 1546 2145 1608 in
2193 1545 2668 1619 imbecilliorem,
2734 1565 2867 1608 cum
2935 1565 2981 1606 a
3042 1543 3229 1606 Sole
3284 1543 3429 1604 lon-

641 1631 888 1713 gissime
935 1631 1216 1692 discedit.
1307 1631 1425 1692 Hic
1461 1632 1588 1711 jam
1635 1633 1917 1713 fingenda
1962 1643 2059 1696 est
2106 1634 2397 1714 quaedam
2436 1635 2727 1698 virtumm
2762 1634 3213 1697 motoriarum
3266 1651 3425 1693 con-

639 1720 950 1795 trarietas,
1017 1719 1256 1799 qualem
1300 1719 1670 1782 Aristoteles
1745 1721 2002 1801 primum
2060 1723 2276 1786 mobile
2350 1723 2510 1785 inter
2572 1731 2639 1785 et
2710 1722 2977 1786 secunda
3063 1720 3421 1782 confinxit.

641 1809 800 1872 Nam
848 1808 1022 1870 Luna
1065 1807 1311 1888 propria
1354 1808 1577 1894 virtute
1625 1810 1890 1887 vehitur,
1958 1830 2077 1874 non
2140 1820 2209 1874 ut
2252 1830 2365 1874 sex
2408 1811 2623 1886 ceteri,
2685 1812 2911 1874 virtute
2960 1809 3169 1872 Solis
3238 1827 3419 1870 com-

641 1897 822 1960 muni.
913 1897 1076 1960 Nam
1123 1895 1184 1958 hi
1213 1895 1418 1958 Solem
1465 1897 2019 1976 circumambulant,
2068 1899 2241 1962 Luna
2273 1901 2540 1975 Terram,
2590 1920 2723 1963 cum
2770 1900 2849 1962 ad
2893 1898 3143 1962 Solem
3178 1896 3418 1968 tendit,

639 1986 799 2048 viam
845 1985 1064 2048 ceteris
1111 1986 1290 2064 plane
1338 1987 1700 2049 contrariam
1747 1989 2007 2050 coniicit.
2100 1987 2305 2060 Quare
2351 1990 2659 2069 probabile
2690 1996 2806 2061 est,
2855 1986 3169 2067 impediri
3232 1986 3413 2048 issam

641 2097 680 2137 a
724 2075 947 2136 virtute
977 2073 1199 2144 Solari,
1250 2074 1446 2154 magis
1493 2096 1532 2136 a
1561 2076 1816 2150 fortiori,
1866 2077 2059 2140 minus
2107 2079 2185 2140 ab
2210 2077 2607 2140 imbecilliori.
2698 2077 2913 2138 Hieme
2962 2076 3211 2156 igitur,
3250 2091 3411 2134 „cum

637 2164 974 2245 propinqua
1021 2161 1150 2224 Soli
1199 2173 1319 2238 est,
1364 2165 1612 2226 multum
1659 2165 2001 2247 impeditur,
2050 2176 2113 2229 et
2156 2168 2229 2230 fit
2252 2167 2452 2239 tarda,
2500 2174 2739 2228 aestate
2769 2165 3019 2228 liberior
3055 2165 3133 2226 in
3168 2161 3409 2242 majori

641 2251 840 2334 spatio
897 2251 1150 2314 celerior
1209 2252 1434 2313 evadit.
1529 2251 1824 2334 Quodque
1890 2256 1965 2317 de
2022 2257 2135 2318 hac
2191 2255 2499 2318 anomalia
2550 2255 2719 2326 dico,
2782 2273 2937 2334 qnae
2983 2253 3147 2333 jam
3212 2251 3409 2313 mode

639 2359 776 2403 sese
823 2340 1051 2420 prodit,
1111 2341 1173 2401 id
1219 2342 1408 2402 multo
1453 2341 1648 2421 magis
1696 2343 1881 2405 etiam
1928 2343 2253 2407 verisimile
2310 2343 2580 2406 redditur
2632 2361 2744 2423 per
2788 2344 3059 2405 alteram
3118 2358 3402 2403 anoma-

641 2429 812 2504 liam,
871 2447 1047 2509 qnam
1107 2429 1293 2491 efficit
1336 2428 1690 2492 Ptolemaeo
1739 2433 2140 2509 eccentricus,
2197 2431 2533 2511 Copernico
2590 2432 2915 2494 secundum
2970 2429 3393 2510 epicyclium.

645 2517 768 2580 Cur
813 2516 974 2578 enim
1021 2518 1174 2579 adeo
1222 2518 1436 2580 stricte
1483 2517 1689 2582 Solem
1737 2521 1849 2584 illa
1894 2522 2266 2596 observaret,
2315 2519 2429 2582 nisi
2476 2517 2586 2582 Sol
2630 2520 2762 2599 ipse
2808 2520 2979 2584 illam
3030 2514 3397 2580 efficeret?

641 2609 725 2669 Et
773 2606 1045 2686 quamvis
1091 2607 1362 2685 pluribus
1419 2607 1620 2670 verbis
1679 2610 2094 2673 demonstrare
2149 2627 2419 2689 possem,
2479 2608 2787 2688 utriusque
2846 2609 3065 2672 harum
3136 2605 3391 2681 ὥοωμα·

639 2701 778 2760 λιων
823 2695 1076 2756 eandem
1125 2695 1336 2756 eodem
1381 2696 1560 2758 modo
1609 2715 1855 2760 causam
1900 2717 2057 2772 esse,
2106 2709 2309 2760 tamen
2360 2697 2517 2778 quia,
2567 2705 2633 2760 ut
2680 2697 2824 2767 dixi,
2873 2714 2983 2758 nec
3030 2696 3187 2776 ipse
3242 2693 3387 2774 qui-

643 2787 778 2848 dem
823 2783 1066 2865 penitus
1112 2783 1627 2864 acquiescet-non
1675 2806 1825 2867 opus
1874 2808 2009 2850 esse
2056 2806 2275 2851 censeo
2320 2786 2593 2867 pluribus
2647 2805 2845 2867 agere.
2941 2783 3109 2849 Cum
3164 2785 3383 2863 itaque

639 2876 752 2938 hoc
797 2874 1116 2953 praecipue
1167 2874 1470 2936 videretur
1518 2875 1864 2950 absurdum,
1912 2877 2131 2949 dicere,
2180 2877 2341 2957 quod
2386 2884 2583 2938 motus
2628 2876 2837 2937 Lunae
2886 2896 2925 2937 a
2968 2875 3221 2959 virtute
3252 2872 3381 2933 So-

639 2965 718 3025 lis
763 2962 1141 3043 impediatur,
1193 2981 1326 3024 cum
1365 2962 1646 3025 videatur
1689 2967 1895 3042 potius
1932 2966 2135 3045 juvari
2182 2973 2248 3028 et
2292 2964 2630 3045 promoveri
2664 2964 2905 3036 debere,
2952 2964 3373 3043 quodcunque

641 3052 888 3114 tandem
935 3058 1204 3113 centrum
1251 3051 1506 3113 habeat:
1557 3053 1727 3131 coepi
1773 3054 1955 3117 etiam
2004 3055 2077 3117 de
2126 3054 2251 3116 alia
2294 3073 2483 3115 causa
2529 3052 2831 3132 cogitare:
2890 3070 3111 3131 nempe
3165 3060 3375 3113 utrum

639 3142 776 3221 ipsa
821 3158 1100 3201 mensura
1145 3149 1408 3202 motuum
1455 3142 1876 3218 secundorum,
1953 3144 2065 3211 hoc
2112 3152 2239 3215 est,
2286 3149 2482 3203 motus
2528 3141 2659 3220 ipse
2706 3140 2885 3221 primi
2928 3140 3185 3203 mobilis
3230 3139 3372 3210 (seu

640 3230 702 3292 in
759 3228 1094 3309 Copernico
1149 3229 1314 3309 globi
1380 3230 1714 3293 Terrestris
1779 3233 2024 3296 diurnus
2089 3233 2318 3304 motus)
2366 3231 2425 3291 iu
2488 3249 2675 3293 causa
2733 3230 2835 3291 sit.
2928 3229 2997 3291 Id
3064 3229 3168 3295 ita
3238 3222 3367 3287 fieri

641 3326 872 3398 potest,
943 3316 994 3379 si
1049 3335 1280 3379 rursum
1345 3327 1416 3380 ut
1469 3327 1654 3381 autea
1715 3330 1971 3400 quatuor
2034 3321 2199 3383 horis
2256 3319 2670 3399 (aequalibus)
2718 3317 2980 3396 spatium
3046 3316 3365 3379 aestivum

645 3410 862 3480 (antea
922 3414 1057 3468 erat
1129 3407 1353 3469 mensis
1429 3408 1744 3482 hibernus)
1801 3409 2049 3472 hiberno
2104 3408 2339 3488 longius
2404 3417 2469 3468 et
2520 3407 2755 3470 tardius
2814 3407 2917 3467 sit.
3008 3407 3131 3469 Hic
3200 3402 3365 3467 enim

639 3496 855 3577 globus
903 3496 1124 3557 Terrae
1163 3503 1430 3559 remotus
1479 3517 1516 3557 a
1563 3494 1707 3558 Sole
1753 3497 1812 3559 in
1863 3516 2133 3579 apogaeo
2181 3496 2355 3559 tarde
2399 3497 2759 3565 volveretur,
2808 3495 2981 3575 quasi
3016 3516 3056 3557 a
3092 3488 3363 3557 tenuiori

639 3587 881 3660 virtute,
931 3585 1108 3664 plane
1157 3594 1226 3647 ut
1268 3585 1327 3646 in
1376 3603 1508 3647 meo
1555 3586 1841 3665 opusculo
1890 3596 2015 3649 tres
2064 3586 2401 3666 superiores
2448 3585 2509 3647 in
2542 3585 2665 3649 suis
2712 3584 3035 3665 epicycliis,
3088 3584 3153 3645 in
3186 3580 3355 3663 peri-

637 3692 793 3755 gaeo
841 3684 908 3736 et
953 3674 1178 3735 virtute
1227 3673 1462 3735 fortiori
1509 3674 1761 3737 celerius
1809 3675 2135 3739 incederet.
2228 3675 2363 3737 Hoc
2409 3674 2587 3737 modo
2634 3694 2672 3735 a
2701 3688 2765 3739 Θ
2814 3673 2893 3734 ad
2938 3682 3034 3737 ss
3080 3673 3221 3735 dies
3270 3662 3357 3733 90

639 3763 898 3839 circiter,
949 3762 1248 3823 tardiores
1295 3762 1630 3841 nonaginta
1671 3764 2055 3843 aequalibus,
2104 3764 2345 3827 circiter
2390 3761 2429 3823 2
2478 3763 2759 3825 horarum
2806 3763 3005 3840 spatio
3053 3760 3347 3823 metiren-

637 3864 736 3915 tur
780 3853 1076 3932 majorem
1120 3851 1331 3913 Lunae
1379 3860 1624 3923 motum,
1670 3870 1847 3931 quam
1894 3853 2109 3932 reliqui
2158 3873 2197 3913 a
2243 3863 2337 3917 ὲ
2384 3852 2465 3913 ad
2510 3856 2579 3928 ,ὅ
2626 3852 2863 3913 veloces
2912 3850 3185 3929 ejusdem
3234 3864 3351 3909 nu·-

635 3940 803 4003 meri.
901 3939 1123 4002 Cetera
1170 3939 1445 4001 similiter
1491 3940 1922 4020 intelligantur.
2017 3942 2174 4005 Utra
2218 3942 2373 4003 ratio
2413 3941 2674 4001 valitura
2701 3939 2800 4008 sit,
2849 3946 2914 3999 et
2958 3939 3059 4019 qui
3104 3940 3347 4018 placeat

635 4038 917 4110 utraque,
986 4028 1062 4089 ab
1107 4028 1224 4089 Ex.
1274 4028 1343 4088 T.
1399 4027 1688 4108 judicium
1751 4038 2059 4110 exspecto,
2134 4032 2376 4113 Fateor
2423 4029 2689 4109 quidem,
2756 4028 2807 4089 si
2872 4047 3013 4090 vere
3081 4027 3346 4089 variaret

638 4136 920 4181 mensura
965 4123 1191 4192 motus,
1249 4135 1425 4197 quam
1473 4136 1680 4180 omnes
1727 4120 2217 4199 aequalissimam
2263 4125 2490 4198 ponunt
2536 4124 2600 4178 et
2643 4116 2985 4197 philosophi
3031 4125 3095 4178 et
3140 4122 3339 4177 astro·-

639 4208 829 4284 nomi,
881 4224 956 4268 ex
1003 4222 1072 4267 eo
1121 4225 1236 4267 non
1285 4208 1493 4267 Lunae
1543 4207 1762 4269 saltem
1811 4209 1917 4269 sed
1967 4216 2299 4269 ceterorum
2346 4205 2531 4267 etiam
2577 4207 2953 4285 planetarum
3002 4214 3201 4267 motus
3244 4201 3339 4262 in·-

638 4297 924 4379 aequales
975 4296 1372 4375 apparituros.
1470 4294 1591 4357 Sed
1631 4295 1690 4357 in
1738 4296 1915 4358 Luna
1960 4295 2190 4358 duabus
2236 4295 2399 4357 horis
2446 4313 2596 4357 unus
2645 4295 2867 4375 gradus
2907 4296 3234 4367 conficitur,
3280 4290 3337 4350 in

638 4384 781 4449 Sole
830 4384 870 4447 5
919 4384 1227 4464 scrupula,
1294 4404 1447 4465 quae
1505 4406 1542 4445 a
1587 4385 1879 4465 principio
1928 4384 2161 4447 Arietis
2217 4392 2530 4446 numerata
2586 4382 3049 4446 declinationem
3104 4380 3337 4464 pariunt

637 4493 754 4537 non
800 4474 1092 4557 majorem
1130 4470 1171 4536 2
1217 4473 1540 4553 scrupuliS,
1611 4480 1675 4535 et
1719 4474 1859 4554 quid
1908 4482 2062 4549 tum,
2132 4472 2183 4535 si
2231 4473 2498 4535 dicamus
2543 4472 2604 4537 in
2654 4472 3083 4536 constitutione
3131 4467 3333 4551 aequi-

637 4564 970 4627 noctiorum
1030 4564 1108 4625 ab
1172 4561 1660 4626 observatoribus
1726 4571 1989 4627 erratum
2053 4582 2187 4625 esse
2243 4560 2537 4625 hactenus
2602 4562 2681 4624 ad
2745 4558 2786 4624 2
2834 4560 3013 4625 horas
3080 4570 3143 4625 et
3203 4572 3325 4621 esse

645 4650 728 4716 10
775 4652 1074 4733 scrupulis
1137 4652 1422 4732 majorem
1459 4650 1901 4715 semicirculum
1946 4653 2273 4727 aestivum,
2344 4670 2519 4730 quam
2574 4658 2825 4732 putatus
2871 4650 2955 4712 sit
3008 4642 3330 4715 hactenus?

637 4742 808 4803 Haec
855 4742 1010 4803 euim
1057 4748 1236 4805 tanta
1277 4759 1394 4803 non
1441 4748 1608 4815 sunt,
1669 4750 1738 4803 ut
1792 4743 1870 4804 ab
1916 4742 2449 4805 instrumentorum
2492 4740 2837 4805 subtilitate
2892 4738 3139 4819 coargui
3194 4752 3325 4817 pos·

639 4831 782 4895 sint.
875 4832 942 4892 In
993 4831 1232 4893 Venere
1279 4839 1344 4891 et
1369 4830 1666 4892 Mercurio
1711 4831 1981 4910 pauxillo
2028 4831 2218 4911 major
2263 4830 2369 4891 fiet
2410 4828 2751 4893 differentia
2797 4826 2837 4895 5
2876 4829 3187 4909 scrupulis,
3232 4818 3333 4885 sod
