3634 5575
632 379 722 450 ts
1824 384 2144 436 mamm.

636 544 882 611 Vergilio,
932 544 1173 609 Episcopo
1221 543 1585 609 Salisburgensi
1631 554 1823 609 queque
1872 543 1969 595 ruit
2012 544 2235 595 adversa.
2290 543 2423 603 Hic.
2458 548 2707 597 Aventino
2750 548 2832 597 lib.
2870 544 2903 596 8
2940 550 3071 597 Διιιι.
3106 546 3347 609 Bojerum

635 631 674 666 s.
714 616 1020 669 Bavarorum
1053 617 1322 672 referente,
1369 616 1465 665 fuit
1501 614 1769 665 divinarum
1818 614 2235 681 humanarumque
2270 630 2435 665 rerum
2466 619 2667 681 peritus.
2740 618 2885 669 Unde
2920 620 2981 670 eb
3016 618 3349 669 eruditionem

637 694 689 738 et
721 688 1034 750 prudentiam
1069 688 1369 757 singularem
1404 688 1540 737 brevi
1573 684 1869 750 principibus
1901 686 2257 737 carolomanno
2294 694 2345 737 et
2378 688 2552 752 Pipino
2586 690 2865 739 insinuatus
2908 693 2960 740 in
3006 690 3125 741 aula
3158 703 3345 752 accep·

635 759 850 809 tissimus
885 759 1006 809 fuit:
1053 759 1169 809 inde
1206 758 1338 823 apud
1371 757 1618 808 Utilonem
1654 757 1890 819 Bejariae
1938 759 2159 824 regulum
2194 760 2247 808 in
2282 774 2477 809 summa
2512 762 2809 811 auctoritate
2842 761 3041 812 habitus
3076 766 3168 811 est.
3242 760 3347 809 Hic

633 830 766 880 idem
801 832 854 880 in
892 830 1158 893 disciplinis
1193 829 1560 879 mathematicis
1597 833 1649 877 et
1682 828 1734 877 in
1769 827 2075 893 philosophia
2107 830 2317 894 profana
2350 832 2529 897 magis,
2566 846 2713 897 quam
2748 838 2854 883 mm
2880 832 3147 883 Christiani
3174 844 3346 880 meres

634 902 860 953 ferebant
895 898 968 963 (h.
997 917 1039 950 e.
1079 915 1228 965 quam
1261 900 1390 950 illius
1425 899 1578 950 seculi
1602 900 1852 950 barbaries
1878 898 2013 963 tulit)
2050 902 2284 960 eruditus,
2324 916 2589 968 earumque
2626 905 2920 955 certimdine
2954 906 3125 962 fretus,
3164 910 3349 953 contra

601 990 608 995 ·
637 970 919 1037 opinionem'
947 972 1080 1039 vulgi
1119 978 1172 1022 et
1207 974 1359 1021 etiam
1384 968 1664 1036 Augustini,
1701 970 1957 1021 Lactantii
1992 978 2045 1023 et
2082 972 2301 1031 aliorum,
2339 975 2464 1023 forte
2496 975 2748 1031 docuerat,
2786 975 2989 1026 Terram
3024 990 3131 1025 esse
3166 972 3347 1039 glebo-

637 1058 761 1101 sam,
799 1045 940 1107 eique
976 1044 1190 1108 undique
1219 1042 1540 1093 circumfundi
1562 1041 1801 1093 homines.
1858 1043 1934 1093 Ex
1967 1058 2061 1107 quo
2098 1046 2335 1109 sequitur..
2367 1044 2498 1109 quod
2530 1048 2583 1096 in
2618 1046 2775 1097 Terra
2808 1049 2909 1096 sint
2942 1046 3218 1111 antipodes,
3258 1044 3347 1107 qui

637 1117 880 1167 conversis
915 1116 1046 1165 inter
1081 1130 1134 1164 se
1169 1115 1374 1179 pedibus
1409 1119 1561 1169 stent,
1597 1111 1687 1163 &c-
1761 1113 1872 1163 Hoc
1916 1114 2097 1179 dogma
2142 1118 2217 1166 ita
2264 1124 2524 1181 acceptum
2570 1124 2675 1175 est,
2726 1120 2867 1182 quasi
2902 1117 3148 1183 Vergilius
3186 1116 3345 1166 alium

635 1186 870 1237 mundum
886 1221 898 1239 .
947 1186 1068 1235 alios
1103 1186 1194 1236 sub
1229 1184 1385 1235 Terra
1418 1185 1671 1242 homines,
1721 1184 1871 1235 alium
1908 1185 2073 1237 Solem
2110 1192 2163 1237 et
2195 1188 2393 1237 Lunam
2430 1195 2651 1247 asserat,
2703 1190 2903 1254 quidam
2938 1189 3158 1246 addunt,
3195 1188 3345 1251 quasi

636 1259 787 1309 alium
825 1256 1066 1307 Christum
1103 1258 1336 1308 inducere
1371 1256 1592 1307 voluerit.
1658 1255 1804 1305 Haec
1840 1255 2095 1307 Vinofrido
2136 1255 2243 1323 (qui
2279 1274 2339 1309 ex
2374 1260 2559 1323 Anglia
2600 1260 2832 1310 oriundus
2879 1275 2913 1310 a
2944 1259 3169 1309 Romano
3202 1258 3343 1308 Pen-

635 1329 769 1379 tiiice
807 1329 1075 1391 Episcopus
1112 1335 1164 1379 et
1198 1328 1424 1393 Legatus
1459 1326 1771 1392 Apostolicus
1806 1342 1897 1391 per
1930 1328 2245 1379 Germaniam
2282 1330 2598 1395 designatus,
2642 1338 2695 1381 et
2726 1337 2918 1381 mutato
2954 1332 3151 1380 nomine
3184 1329 3341 1379 Beni·

633 1402 794 1450 i'acins
827 1398 1119 1463 appellatus,
1157 1405 1308 1464 atque
1333 1413 1366 1449 a
1391 1399 1749 1449 carolomanno
1785 1405 1837 1447 et
1860 1398 2031 1462 Pipino
2061 1401 2455 1465 archiepiscopus
2479 1400 2797 1467 Mogentinus
2834 1402 3115 1452 declaratus
3150 1396 3341 1462 fuerat)

634 1472 742 1521 visa
777 1477 894 1519 sunt
927 1472 1082 1535 impia
1127 1476 1180 1521 et
1226 1470 1562 1536 philosophiae
1613 1470 1807 1519 divinae
1852 1473 2195 1536 repugnantia.
2272 1471 2490 1537 Cumque
2525 1474 2809 1523 Bonifacius
2844 1473 2929 1522 ille
2965 1472 3237 1539 Vergilium
3276 1472 3343 1521 ad

635 1542 978 1603 revocandum,
1016 1543 1157 1607 quasi
1190 1542 1296 1591 istis
1331 1542 1523 1593 naeniis
1561 1547 1612 1591 et
1649 1540 1981 1591 deliramentis
2016 1544 2211 1593 sincera
2246 1549 2298 1593 et
2333 1544 2540 1607 simplex
2570 1543 2751 1595 Christi
2784 1545 3039 1608 sapientia
3071 1544 3339 1607 polluatur,

631 1614 916 1678 pertrahere
951 1629 1051 1662 non
1086 1619 1269 1677 posset,
1305 1614 1412 1677 ipse
1446 1627 1552 1662 rem
1588 1611 1655 1662 ad
1686 1611 1981 1663 Zachariam
2003 1612 2295 1664 Pontificem
2315 1614 2599 1665 Romanum
2634 1616 2807 1666 defert.
2865 1614 2965 1665 Sed
3002 1622 3054 1665 et
3089 1616 3183 1678 ipsi
3205 1614 3341 1663 Pon-

635 1685 756 1735 tifici
789 1684 1095 1748 philosophia
1128 1683 1334 1750 Vergilii
1365 1684 1462 1735 fuit
1495 1688 1728 1747 suspecta
1741 1718 1756 1743 ‚
1794 1684 2003 1733 mandat
2036 1686 2185 1749 igitur
2198 1720 2213 1743 ,
2263 1692 2320 1735 ut
2354 1684 2604 1751 Vergilius
2639 1686 2949 1751 philosophus
2962 1722 2978 1743 ‚
3030 1687 3071 1735 si
3108 1684 3341 1735 sacerdos

635 1758 703 1807 sit
717 1791 731 1813 ,
783 1768 816 1805 a
857 1756 1040 1818 templo
1075 1754 1173 1806 Dei
1210 1762 1262 1806 et
1297 1756 1511 1806 ecclesia
1555 1754 1831 1817 depellatur
1844 1790 1858 1812 ‚
1904 1755 2273 1820 sacerdotioque
2310 1758 2364 1807 in
2400 1758 2605 1807 concilio
2643 1758 2926 1815 abdicetur,
2972 1758 3017 1806 si
3050 1757 3188 1807 illam
3226 1770 3343 1819 per·

635 1841 826 1879 versam
861 1827 1132 1877 doctrinam
1167 1828 1317 1877 fuerit
1353 1827 1619 1876 confessus.
1693 1825 1900 1888 Insuper
1935 1826 2119 1879 Utiloni
2154 1826 2387 1889 BoJorum
2422 1828 2591 1893 regulo
2628 1829 2925 1885 denunciat,
2973 1834 3031 1877 ut
3066 1827 3344 1893 Vergilium

637 1900 850 1949 Romam
884 1900 1052 1949 mittat
1065 1936 1078 1959 ,
1117 1904 1175 1949 ut
1207 1898 1274 1948 ibi
1311 1912 1478 1949 coram
1511 1900 1617 1961 ipso
1653 1896 1895 1947 Pontifice
1930 1899 2173 1955 rationem
2208 1898 2385 1953 reddat
2420 1898 2511 1950 dvc.

780 1972 976 2028 Annon,
1016 1971 1196 2033 optime
1219 1971 1390 2027 lector,
1427 1968 1745 2025 existimabis,
1782 1967 1871 2017 hos
1906 1970 2035 2018 sedis
2071 1970 2370 2033 apostolieae
2402 1978 2457 2021 et
2478 1971 2988 2035 archiepiscopatum
3022 1971 3151 2020 illins
3184 1968 3345 2019 seculi

637 2042 903 2097 antistites,
957 2040 1083 2091 adde
1132 2042 1282 2091 etiam
1328 2040 1634 2097 cardinales,
1687 2045 1740 2088 et
1788 2053 2099 2105 quoscunque
2143 2042 2195 2089 in
2244 2043 2543 2093 consistoriis
2576 2043 2679 2091 suis
2720 2042 2787 2093 ad
2822 2043 3098 2091 decisiones
3134 2055 3345 2091 casuum

638 2114 890 2164 dubiorum
914 2110 1215 2163 consiliarios
1245 2112 1586 2167 adhibuerunt,
1625 2126 1686 2161 ex
1721 2110 1875 2159 triviis
1912 2111 2058 2161 fuisse
2094 2112 2321 2175 abreptos
2346 2120 2399 2163 et
2420 2114 2486 2163 ad
2510 2113 2703 2163 illarum
2727 2114 3024 2177 dignitatum
3063 2118 3114 2163 et
3150 2112 3343 2161 officio-

637 2200 744 2235 rum
778 2183 981 2248 {astigia
1026 2182 1260 2234 evectos?
1311 2184 1488 2247 quippe
1523 2184 1605 2248 qui
1642 2197 1703 2231 ex
1748 2182 2077 2233 astronomiae
2111 2184 2274 2245 primis
2309 2185 2597 2235 rudimentis
2634 2192 2687 2234 et
2720 2183 3061 2249 geographicis
3100 2183 3343 2254 aliquibus

639 2255 982 2319 experimentis
1027 2260 1225 2305 tantum
1263 2254 1544 2305 eruditionis
1579 2269 1677 2303 non
1713 2252 2009 2309 hauserunt,
2062 2267 2211 2317 quam
2248 2268 2309 2303 ex
2342 2256 2451 2305 sola
2486 2252 2567 2318 (ut
2602 2255 2725 2305 alias
2762 2256 3037 2305 subtiliores
3074 2268 3342 2320 argumen-

637 2328 852 2377 tationes
890 2341 1058 2375 omnes
1092 2326 1174 2377 hic
1209 2320 1431 2385 taceam)
1483 2325 1674 2375 diversa
1721 2324 2027 2389 longitndine
2060 2325 2251 2375 dierum
2288 2328 2578 2377 aestivorum
2616 2333 2667 2377 et
2702 2327 3010 2377 hibernorum
3045 2328 3099 2375 in
3136 2325 3345 2375 diversis

635 2398 784 2453 locis,
821 2412 864 2445 v.
905 2413 955 2462 g.
991 2396 1184 2447 Romae
1217 2399 1271 2447 in
1305 2396 1486 2452 Italia.
1521 2396 1812 2462 Moguntiae
1848 2397 1901 2445 in
1938 2396 2233 2453 Germania,
2284 2404 2337 2447 et
2382 2399 2435 2447 in
2470 2398 2655 2463 Anglia
2688 2396 2930 2447 Vinofridi
2964 2412 3055 2447 seu
3088 2396 3345 2446 Bonifacii

637 2470 815 2533 patria,
851 2469 1134 2519 ratiocinari
1167 2473 1384 2533 possent,
1421 2467 1603 2522 Terrae
1639 2467 1948 2531 superficiem
1981 2482 2079 2517 non
2116 2482 2223 2519 esse
2259 2468 2476 2532 planam,
2514 2476 2567 2518 et
2600 2484 2729 2533 quae
2756 2469 2873 2519 inde
2898 2469 3180 2518 necessario
3218 2482 3341 2517 con·

639 2544 922 2605 sequuntur.
980 2538 1190 2604 Sapiens
1227 2555 1342 2605 ergo
1378 2540 1662 2605 ignorantia
1693 2540 1815 2587 istos
1856 2540 2107 2602 sapientes
2148 2540 2397 2590 antistites
2436 2539 2645 2605 decepit,
2682 2546 2741 2591 nt
2776 2554 2839 2590 ea
2875 2554 2983 2590 esse
3019 2540 3187 2603 impia,
3225 2554 3339 2601 pro-

637 2614 756 2663 fana
772 2646 786 2668 ,
847 2610 1042 2661 divinae
1086 2610 1420 2675 philosophiae
1473 2611 1832 2675 repugnantia,
1884 2624 1992 2659 esse
2044 2611 2254 2661 naenias
2308 2616 2360 2659 et
2410 2611 2761 2671 deliramenta,
2812 2625 2941 2675 quae
2991 2612 3234 2663 sinceram
3289 2618 3345 2658 et

639 2683 906 2746 simplicem
943 2682 1120 2731 Christi
1157 2683 1452 2745 sapientiam
1486 2681 1712 2745 polluant
1748 2686 1800 2729 et
1838 2682 2189 2739 contaminent.
2226 2683 2622 2745 pronunciarent,
2662 2696 2789 2747 quae
2819 2684 2925 2745 jam
2962 2682 3075 2731 clim
3113 2696 3147 2731 a
3180 2680 3340 2745 phile·

639 2754 800 2818 sophis
835 2753 1034 2802 fuerunt
1070 2754 1214 2804 docte
1252 2753 1588 2804 demonstrata
1623 2756 1675 2803 et
1707 2752 1762 2802 in
1796 2752 2065 2804 trivialibus
2112 2753 2289 2804 scholis
2334 2753 2522 2804 tradita
2535 2790 2550 2812 ‚
2598 2753 2741 2804 hodie
2785 2768 2896 2804 vero
2944 2753 3089 2803 nullis
3128 2752 3344 2816 amplius

639 2828 828 2890 argutis
857 2825 1315 2875 ratiocinationibus
1349 2825 1724 2890 investigantur,
1761 2823 1851 2873 sed
1888 2823 2233 2888 multiplicibus
2270 2826 2613 2888 experimentis
2650 2841 2710 2876 ex
2744 2826 2941 2888 Europa
2977 2826 3031 2874 in
3064 2837 3245 2880 novas,
3282 2829 3347 2872 ut

643 2902 837 2952 vocant.
873 2901 1030 2946 terras
1068 2898 1348 2946 Americam
1383 2900 1435 2944 et
1468 2894 1598 2945 Peru
1635 2892 1785 2958 (quae
1824 2894 1935 2944 olim
1970 2911 2070 2945 non
2103 2897 2503 2946 irrationabiliter
2540 2895 2691 2959 Ophir
2726 2897 2860 2946 dicta
2896 2891 3148 2956 censetur)
3198 2895 3342 2944 navi-

639 2967 864 3032 gantium
899 2965 1040 3030 lippis
1078 2974 1128 3015 et
1163 2967 1436 3016 tonsoribus
1471 2970 1589 3015 sunt
1624 2965 1841 3031 cognita.
1901 2965 2105 3016 Interim
2142 2973 2309 3017 autem
2342 2968 2499 3018 bonus
2533 2968 2614 3018 ille
2653 2973 2705 3017 et
2738 2967 2912 3017 doctus
2936 2965 3182 3031 Vergilius
3216 2965 3343 3014 hae-

561 3043 581 3054 ·
639 3052 802 3088 reseos
855 3037 948 3086 fuit
997 3037 1277 3088 damnatus.
1347 3032 1458 3088 Hoc
1509 3037 1640 3088 idem
1694 3051 1829 3088 nunc
1881 3036 2147 3101 Cepernico
2198 3040 2446 3104 ipsiusque
2496 3041 2823 3090 astronomiae
2878 3053 2941 3088 ex
2988 3035 3351 3101 hypothesibus

641 3107 874 3160 accidit.“
915 3134 983 3144 —

780 3179 894 3230 Huc
929 3193 1083 3246 usque
1123 3177 1446 3232 Maestlinus;
1511 3177 1796 3230 Transimus
1835 3177 1900 3230 ad
1936 3178 2051 3229 alia.

782 3320 831 3372 J.
872 3321 929 3370 G.
967 3321 1362 3372 Herwartus
1413 3323 1476 3372 ab
1527 3319 1965 3386 Hohenburg‚
2016 3319 2262 3371 Bavariae
2312 3321 2663 3380 cancellarius,
2716 3320 2872 3370 multa
2918 3335 3004 3385 per
3036 3320 3204 3370 literas
3240 3321 3354 3386 egit

647 3407 762 3444 cum
796 3391 1045 3456 Keplero,
1091 3406 1261 3457 quem,
1313 3408 1373 3444 ex
1418 3409 1512 3457 quo
1547 3391 1865 3442 Prodromum
1910 3393 2127 3458 legerat,
2177 3393 2376 3442 maximi
2426 3393 2561 3443 fecit.
2636 3392 2745 3442 Vol.
2784 3391 2866 3443 IX.
2906 3393 3353 3456 manuscriptorum

642 3463 866 3528 Kepleri,
903 3478 1030 3528 quae
1054 3463 1299 3528 Petropoli
1325 3469 1690 3522 conservantur,
1729 3464 1926 3514 exhibet
1958 3464 2050 3516 has
2084 3464 2271 3520 literas,
2312 3479 2371 3514 ex
2393 3471 2537 3528 parte
2572 3465 2769 3528 quidem
2806 3479 2917 3514 cum
2952 3463 3351 3528 responsionibus

643 3533 877 3598 Kepleri,
923 3534 1067 3585 datas
1105 3535 1168 3585 ab
1207 3534 1316 3585 Oct.
1355 3539 1476 3586 anni
1515 3530 1650 3584 1597
1686 3551 1841 3600 usque
1878 3536 1945 3586 ad
1980 3535 2102 3585 Dec.
2146 3531 2297 3583 1609.
2370 3536 2523 3586 Haud
2557 3537 2805 3600 ingratum
2843 3536 2936 3598 erit
2970 3535 3263 3590 lectoribus,

646 3620 724 3664 ea.
765 3620 893 3671 quae
927 3607 1176 3670 pertinent
1212 3607 1279 3656 ad
1311 3607 1440 3658 haec
1475 3609 1825 3670 manuscripta,
1864 3608 2079 3670 pluribus
2115 3607 2364 3670 proposita
2395 3607 2645 3657 habeant.

784 3677 1000 3741 Keplero
1036 3683 1224 3727 mortuo
1267 3675 1457 3739 (1630)
1495 3679 1622 3728 filius
1647 3677 2005 3728 Ludovicus
2042 3685 2248 3727 conatus
2284 3685 2361 3726 est
2398 3691 2477 3734 ea,
2516 3693 2643 3743 quae
2678 3684 2855 3728 notatu
2890 3677 3114 3742 digniora
3146 3678 3352 3726 inerant

645 3749 799 3813 patris
834 3748 1016 3799 relictis
1051 3750 1395 3812 manuscriptis
1413 3785 1428 3807 ,
1465 3749 1695 3814 colligere
1732 3757 1784 3800 et
1817 3751 1946 3813 typis
1982 3748 2233 3799 mandare.
2304 3748 2491 3798 Prodiit
2526 3764 2655 3799 anno
2695 3747 2831 3798 163⁴
2872 3764 2990 3814 opus
3026 3749 3348 3810 inscriptum:

650 3818 986 3878 „Somnium
1024 3835 1113 3870 seu
1149 3819 1218 3868 de
1256 3821 1654 3870 Astronomia
1689 3819 1937 3870 Lunari.
2011 3819 2328 3884 Divulgatum
2366 3834 2398 3869 a
2432 3821 2501 3869 M.
2540 3821 2666 3870 Lud.
2706 3820 2955 3884 Kepplero
2992 3819 3142 3877 Filio,
3182 3818 3343 3868 Medi-

543 3893 546 3896 ’
647 3892 789 3942 cinae
819 3889 1144 3942 Candidato.“
1211 3891 1489 3953 Adjunctus
1526 3898 1602 3941 est
1631 3891 1745 3940 huic
1771 3891 2003 3954 opusculo
2045 3889 2433 3940 ..Plutarchi
2467 3892 2658 3942 libellus
2696 3891 2756 3941 de
2791 3892 2939 3948 facie.
2976 3905 3103 3955 quae
3140 3891 3194 3938 in
3228 3891 3349 3940 orbe

644 3960 820 4012 Lunae
867 3968 1094 4026 apparet,
1147 3976 1176 4010 e
1213 3961 1402 4012 Graeco
1438 3961 1628 4011 lacunis
1665 3961 1963 4022 deformato,
2014 3962 2169 4012 latine
2204 3961 2419 4011 redditus
2471 3961 2560 4014 dte.
2610 3977 2642 4012 a
2688 3963 2949 4013 Joanne
2997 3961 3347 4025 Kepplero

647 4031 1064 4090 Mathematico“,
1101 4047 1194 4082 nec
1229 4048 1336 4082 non·
1369 4033 1714 4082 annotationes
1749 4032 1953 4096 Kepleri
1991 4033 2054 4082 ad
2090 4039 2343 4096 utrumque
2380 4033 2609 4084 libellum.

789 4103 898 4154 Hoc
934 4103 1054 4153 libro
1091 4109 1294 4167 excepto
1330 4103 1606 4154 Ludovicus
1641 4105 1978 4167 manuscripta
2013 4106 2167 4167 patris
2205 4105 2397 4154 intacta
2430 4106 2647 4170 reliquit,
2686 4119 2843 4168 eaque
2880 4104 3000 4154 emit
3036 4103 3229 4152 celeber
3264 4101 3347 4154 ille

652 4181 956 4226 asti-onemus
980 4174 1316 4226 Dantiscanus
1352 4174 1440 4224 Jo.
1481 4174 1831 4235 Herelius,
1870 4176 1951 4240 qui
1986 4175 2114 4226 haec
2151 4175 2211 4224 de
2247 4175 2340 4224 illis
2368 4176 2645 4227 Londinum
2679 4177 2960 4226 nunciavit:
3000 4174 3181 4224 Omnia
3202 4173 3343 4238 Kep-

587 4245 601 4259 ‘
648 4246 738 4298 leri
762 4247 1100 4310 manuscripta
1130 4247 1194 4296 ab
1227 4245 1518 4296 haeredibus
1555 4251 1687 4296 certo
1723 4247 1877 4308 pretio
1917 4247 2121 4305 obtinui,
2159 4252 2264 4296 tum
2301 4262 2453 4310 opera
2477 4251 2583 4311 jam
2619 4249 2770 4302 edita.
2806 4255 2911 4296 tum
2947 4245 3190 4310 quaedam
3224 4245 3341 4296 hac-

651 4323 796 4368 tenus
829 4319 1049 4376 inedita;
1084 4317 1212 4367 inter
1248 4324 1418 4368 cetera
1451 4318 1561 4381 ipsa
1596 4317 1911 4380 epistolarum
1936 4320 2149 4367 omnium
2188 4313 2413 4382 (quarum
2437 4333 2646 4384 magnus
2670 4313 2924 4378 numerus)
2964 4316 3027 4367 ad
3066 4317 3184 4366 clar.
3222 4318 3347 4367 viros

651 4390 941 4454 scriptarum
992 4388 1300 4455 autographa
1314 4425 1329 4446 ‚
1386 4404 1500 4439 cum
1543 4388 1852 4453 plurimorum
1904 4389 2033 4438 illius
2082 4390 2311 4451 temporis
2358 4391 2425 4439 ill.
2472 4391 2679 4440 virorum
2726 4389 3138 4454 responsionibus.
3209 4386 3349 4438 Inter

652 4462 988 4526 manuscripta
1020 4460 1106 4510 illa
1138 4461 1455 4511 inveniuntur
1487 4475 1609 4511 sane
1647 4472 1772 4525 quae
1807 4460 1973 4510 lucem
2007 4467 2257 4510 merentur
2271 4496 2283 4510 .
2335 4476 2433 4510 non
2484 4461 2639 4510 solum
2674 4461 2911 4524 plurimae
2948 4459 3183 4525 epistolae
3198 4494 3211 4514 ,
3258 4457 3349 4510 sed

658 4537 712 4580 et
747 4545 896 4595 opera
928 4532 1172 4597 quaedam
1208 4529 1300 4583 xc.

796 4599 926 4652 Huic
961 4601 1196 4666 epistolae
1249 4599 1326 4664 (in
1361 4601 1538 4652 Philos.
1577 4599 1835 4651 Transact.
1874 4599 1943 4650 IX
1959 4634 1974 4657 ,
2030 4597 2129 4648 102
2178 4616 2293 4650 ann.
2344 4598 2502 4664 1672)
2554 4603 2742 4653 addidit
2785 4601 3015 4652 Herelius
3065 4599 3349 4666 catalogum

658 4685 840 4729 eorum,
883 4687 1040 4736 „quae
1075 4673 1302 4724 fasciculi
1341 4672 1439 4724 22⁴⁴
1479 4672 1778 4721 contineant.
1850 4671 1911 4721 In
1949 4671 2103 4722 literis
2140 4672 2355 4735 eJusdem
2394 4673 2458 4723 ad
2494 4673 2605 4724 Chr.
2646 4672 2940 4732 Pfautzim
2977 4673 3111 4735 Lips.
3150 4671 3348 4722 Profes-

659 4757 816 4794 sorem
853 4739 926 4804 (d.
964 4743 1010 4792 d.
1051 4741 1120 4792 2⁰
1156 4743 1282 4796 Dec.
1327 4740 1513 4804 1681),
1548 4741 1675 4792 haec
1710 4743 1941 4808 legimus.
1996 4741 2334 4808 Manuscripta
2370 4744 2460 4794 cel.
2497 4744 2544 4794 J.
2582 4745 2812 4808 Kepleri.
2850 4759 2977 4831 quae
3012 4744 3178 4794 labore
3212 4743 3349 4794 haud

658 4814 791 4865 facili
844 4828 938 4864 nec
983 4813 1260 4866 leviusculis
1309 4815 1546 4866 sumtibus
1597 4815 1659 4863 ab
1696 4816 1802 4876 ejus
1839 4813 2130 4864 haeredibus
2166 4829 2199 4865 a
2240 4815 2454 4878 plurimis
2498 4819 2603 4879 jam
2652 4819 2793 4866 annis
2829 4818 2898 4867 rei
2932 4816 3182 4866 literariae
3220 4815 3350 4864 beno

659 4886 937 4950 immuni,
989 4887 1336 4946 concederem3
1386 4887 1428 4936 si
1475 4886 1700 4937 nimirum
1753 4886 2009 4953 quisquam
2054 4886 2302 4938 literarum
2339 4887 2689 4941 Maecenatum
2734 4887 2809 4938 vel
2853 4887 3115 4952 bibliopola
3148 4885 3351 4952 quidam
