3634 5575
576 353 599 416 1
613 350 702 420 84
1599 321 1837 418 Mysten-ii·
1862 351 2262 422 Cosmographiei

566 517 744 592 posui,
775 517 881 572 imo
911 516 1126 572 clavem
1157 515 1531 572 astronomiae
1557 515 1752 570 merito
1782 516 2100 587 appellavi:
2150 519 2295 588 quod
2322 534 2398 571 ex
2424 517 2563 588 ipsis
2592 517 2831 576 motibus
2858 519 3055 575 Martis
3080 519 3299 592 liquido

567 597 956 662 demonstravi,
1006 613 1103 650 seu
1150 596 1294 651 Solis
1341 612 1440 650 seu
1478 597 1684 650 Terrae
1729 603 1936 652 motum
1984 614 2225 654 aunuum
2268 597 2521 669 regulari
2567 598 2714 653 circa
2760 598 3001 654 alienum
3042 607 3301 656 centrum

572 677 865 751 aequantis
909 677 1140 747 ejusque
1187 677 1658 732 eccentricitatem
1704 678 1921 731 orbitae
1969 677 2243 731 dimidium
2290 678 2465 732 solum
2508 679 2720 733 habere
2758 678 3189 735 eccentricitatis
3220 682 3301 734 ab

573 758 892 820 auctoribus
936 757 1197 811 creditae.

731 839 899 894 Vides
926 837 1139 908 itaque,
1181 838 1359 892 lector
1387 835 1653 900 studiose,
1690 836 1885 891 libello
1914 838 2019 891 hoc
2056 836 2267 892 semina
2296 853 2495 906 sparsa
2522 854 2646 891 esse
2676 838 2909 893 omnium
2956 845 3017 892 et
3043 839 3302 911 singulo·

571 937 712 984 rum,
759 934 902 990 quae
931 935 1006 972 ex
1033 935 1099 970 eo
1128 923 1375 987 tempore
1417 915 1474 968 in
1501 915 1841 970 astronomia.
1867 934 2011 971 nova
2038 924 2099 971 et
2134 916 2307 989 vulgo
2337 918 2579 972 absurda
2624 936 2699 972 ex
2746 918 3059 974 certissimis
3088 918 3305 974 Brahei

575 998 1052 1056 observationibus
1104 1013 1140 1051 a
1167 1015 1252 1051 me
1295 995 1602 1060 constituta
1647 1002 1707 1050 et
1734 998 2116 1051 demonstrata
2160 1003 2324 1050 sunt:
2374 996 2563 1068 itaque
2612 1014 2774 1067 spero
2824 1005 2881 1052 te
2905 1000 3089 1070 jocum
3118 1016 3307 1054 meum

574 1079 672 1135 lib.
703 1079 798 1134 IV.
838 1073 992 1149 (cap.
1024 1073 1105 1141 7.)
1134 1077 1324 1132 Harm.
1374 1077 1442 1130 de
1489 1077 1640 1149 meis·
1669 1075 2003 1150 imaginibus
2045 1093 2120 1130 ex
2146 1076 2327 1131 Procli
2365 1077 2851 1148 paradigmatibus
2894 1079 3142 1150 delapsis
3188 1097 3307 1134 non

576 1160 766 1233 iniqua
791 1173 1027 1214 censura
1052 1159 1489 1230 flagellatur-um.

1650 1499 1890 1598 Caput
1942 1497 2233 1574 XXIII.

947 1659 1061 1723 De
1095 1657 1280 1722 enixo
1318 1665 1376 1720 et
1397 1658 1531 1739 fine
1565 1657 1791 1720 munda·
1826 1619 2244 1722 astronomica
2280 1666 2338 1722 et
2376 1677 2542 1720 anno
2580 1655 2941 1722 Platonico.

762 1802 916 1864 Post
960 1800 1190 1880 epulas,
1242 1808 1382 1880 post
1427 1800 1738 1862 fastidium
1786 1820 1862 1862 ex
1906 1801 2250 1872 saturitate,
2297 1799 2609 1862 veniamus
2658 1801 2734 1862 ad
2783 1802 3055 1864 bellaria.
3150 1803 3317 1865 Pro-

588 1893 856 1955 blemata
899 1889 1016 1950 duo
1043 1907 1201 1969 pono
1231 1889 1474 1951 nobilia.
1540 1888 1808 1952 Primum
1856 1898 1955 1952 est
1999 1890 2071 1950 de
2122 1889 2409 1970 principio
2458 1897 2695 1964 motus;
2744 1890 2999 1952 alterum
3049 1892 3121 1953 de
3168 1891 3307 1954 fine.

589 1979 774 2044 Certe
821 1997 938 2040 non
986 1985 1211 2039 temere
1258 1978 1426 2040 Deus
1471 1978 1741 2040 instituit
1785 1986 2006 2053 motus,
2056 1979 2165 2040 sed
2214 1979 2291 2040 ab
2338 1997 2453 2039 uno
2502 1978 2759 2059 quodam
2805 1987 2971 2040 certo
3016 1980 3315 2060 principio

588 2077 655 2132 et
697 2066 918 2131 illustri
967 2065 1280 2129 stellarum
1327 2067 1776 2145 conjunctione,
1826 2076 1890 2128 et
1934 2067 1995 2128 in
2043 2065 2215 2129 initio
2260 2065 2519 2142 zodiaci,
2570 2069 2728 2148 quod
2775 2076 3013 2130 creator
3056 2089 3165 2148 per
3211 2069 3313 2131 in-

587 2156 972 2221 clinationem
1002 2154 1260 2217 Telluris
1309 2155 1590 2218 domicilii
1637 2155 1833 2218 nostri
1878 2155 2130 2232 effinxit,
2180 2155 2320 2234 quia
2368 2155 2567 2217 omnia
2610 2165 2857 2236 propter
2901 2156 3223 2220 hominem.
3258 2161 3314 2232 ⁸)

587 2246 804 2309 Annus
849 2243 1034 2323 igitur
1081 2241 1314 2307 Christi
1371 2241 1534 2309 1595
1585 2243 1638 2306 si
1687 2245 1985 2306 referatur
2031 2243 2089 2305 in
2116 2239 2317 2306 ’5572
2380 2244 2579 2306 mundi
2628 2245 2757 2324 (qui
2806 2244 3202 2308 communiter
3250 2255 3317 2308 et

589 2357 626 2396 a
669 2331 1118 2414 probatissimis
1177 2328 1349 2396 5557
1399 2325 1738 2409 censetur),
1809 2333 2011 2394 veniet
2058 2311 2284 2394 creatio
2332 2331 2391 2394 in
2438 2332 2738 2395 illustrem
2794 2334 3318 2397 constellationem

588 2423 646 2486 iu
693 2421 985 2502 principio
1019 2419 1091 2497 Τ
1117 2418 1195 2496 1’).
1261 2423 1419 2485 Nam
1469 2441 1624 2484 anno
1671 2422 1863 2503 primo
1911 2420 2167 2484 assumti
2212 2421 2457 2494 numeri,
2510 2421 2604 2484 die
2652 2421 2883 2501 Aprilis
2931 2421 3035 2486 27.
3066 2423 3314 2486 Juliano

589 2518 750 2574 retro
781 2516 1148 2590 computato,
1201 2511 1352 2572 feria
1377 2510 1592 2590 prima,
1643 2511 1743 2591 qui
1790 2511 1919 2573 dies
1966 2508 2291 2572 creationis
2328 2511 2589 2572 omnium
2636 2518 2753 2584 est,
2802 2509 2954 2572 hora
2998 2511 3319 2574 undecima

590 2599 860 2662 meridiei
895 2598 1243 2674 Borussiae,
1294 2619 1447 2681 quae
1495 2607 1595 2662 est
1638 2608 1818 2662 sexta
1864 2599 2211 2680 vespertina
2254 2599 2316 2660 in
2362 2598 2556 2672 India,
2606 2600 2749 2662 talis
2796 2599 3113 2663 exhibetur
3160 2600 3315 2663 coeli

591 2688 780 2752 facies
827 2707 866 2749 a
907 2687 1230 2750 Prutenico
1279 2689 1530 2751 calculo.

1661 2773 1742 2937 (ἐξ
1924 2770 2016 2926 ἓ“
2148 2773 2241 2905 X

1681 2949 1724 3029 Β
1852 2948 1966 3015 -15
2163 2951 2235 3029 Ὺ·

1667 3040 1731 3200 ‘2
1876 3039 1965 3192 ἐς
2160 3039 2234 3203 ³12

1675 3216 1726 3291 Ω
1886 3215 1965 3280 10
2172 3218 2227 3294 ὅ

1681 3308 1726 3384 ΕΞ
1929 3301 1969 3368 3
2166 3305 2238 3383 Ὺ·

1667 3400 1733 3465 52,
1886 3392 1967 3459 18
2169 3406 2237 3482 τῳ

771 3532 978 3595 Motus
1025 3541 1104 3605 (ς,
1175 3531 1224 3605 9
1274 3540 1337 3594 et
1381 3538 1446 3603 Ω
1491 3534 1800 3616 paulisper
1847 3554 2080 3598 morare
2138 3542 2245 3598 aut
2298 3551 2612 3615 promove,
2680 3541 2744 3594 et
2788 3532 3034 3594 venient
3078 3532 3135 3615 in
3186 3534 3325 3596 loca
3404 3590 3409 3595 .

489 3626 502 3637 “
594 3629 874 3703 cognata,
925 3629 990 3685 et
1033 3622 1190 3684 forte
1235 3626 1302 3693 Ω,
1347 3621 1411 3684 in
1457 3622 1500 3688 Ο
1549 3634 1644 3689 Ε·-
1692 3624 1768 3685 ad
1813 3627 1895 3697 D.
1991 3623 2266 3705 Scaliger
2312 3622 2467 3685 male
2515 3622 2879 3685 novilunium
2926 3621 3076 3684 vult.
3158 3622 3324 3685 Nam

594 3712 772 3774 Luna
827 3710 889 3773 in
935 3715 1304 3791 potestatem
1361 3711 1558 3775 noctis
1615 3712 1861 3776 condita
1914 3722 2091 3776 nocte
2138 3712 2341 3795 utique
2386 3710 2581 3791 prima
2628 3710 2816 3773 fulsit.
2909 3710 3319 3773 Verisimilius

593 3799 832 3862 initium
878 3799 1142 3861 calculus
1191 3798 1398 3861 multis
1443 3808 1605 3863 retro
1652 3819 1949 3883 porroque
1988 3804 2161 3865 annis
2190 3821 2307 3863 non
2339 3800 2708 3880 suppeditat.
2778 3797 2901 3861 Sed
2950 3798 3003 3861 si
3048 3800 3320 3861 rationes

595 3907 952 3970 sequamur,
1010 3893 1251 3967 oportet
1293 3888 1409 3950 hoc
1452 3888 1724 3965 initium,
1787 3886 1867 3968 Θ
1915 3890 1975 3953 in
2024 3902 2118 3957 ss
2165 3897 2447 3953 versante
2472 3936 2487 3964 ,
2548 3908 2873 3970 quaerere,
2936 3908 3145 3971 nempe
3203 3889 3321 3951 hac

593 3976 747 4040 coeli
795 3977 973 4039 facie.

770 4062 841 4143 15,
891 4064 980 4140 Ἃ,
1028 4070 1100 4139 0',
1148 4069 1244 4135 &t
1292 4061 1391 4128 0⁰
1433 4065 1535 4143 Y:
1581 4069 1671 4141 >2
1720 4064 1818 4129 0⁰
1863 4072 1965 4144 53
2014 4074 2106 4143 «Ω,
2161 4067 2240 4143 Ω,
2291 4068 2362 4143 ζὲ,
2416 4063 2529 4143 Θτ
2570 4062 2675 4131 0⁰
2720 4076 2842 4129 ss·

773 4154 930 4221 Vult
973 4155 1086 4216 hoc
1131 4162 1400 4217 veterum
1451 4156 1782 4219 auctoritas
1805 4204 1823 4231 ,
1890 4159 2169 4220 mundum
2223 4157 2285 4218 in
2334 4163 2617 4218 autumno
2666 4159 2937 4216 creatum
2958 4201 2974 4227 ,
3043 4161 3105 4214 et
3158 4153 3321 4229 ratio

593 4245 732 4326 ipsa
778 4263 854 4305 ex
885 4242 1235 4323 Copernico,
1287 4252 1354 4305 ut
1399 4244 1604 4307 Tellus
1652 4245 1763 4305 sub
1813 4246 2024 4307 eodem
2072 4244 2240 4308 initio
2289 4252 2433 4313 stet,
2483 4263 2596 4324 quo
2644 4242 2877 4323 reliqui.
2912 4245 2964 4318 ⁰)
3032 4242 3319 4323 Appare-

594 4333 744 4394 bunt
789 4331 975 4412 igitur
1018 4333 1357 4409 superiores
1404 4333 1462 4394 in
1493 4332 1583 4409 Υ,
1631 4333 1946 4395 inferiores
1994 4344 2057 4397 et
2096 4332 2279 4412 &in
2321 4344 2443 4409 ἐξ,
2496 4332 2670 4395 Luna
2708 4350 2837 4393 cum
2882 4331 3044 4394 circa
3072 4330 3319 4393 Terram

595 4420 696 4494 sit,
743 4440 933 4502 neque
981 4421 1040 4481 in
1088 4419 1160 4497 Τ
1207 4440 1397 4502 neque
1444 4420 1502 4483 in
1548 4432 1641 4489 ἑ
1681 4423 1990 4503 competit,
2038 4442 2112 4485 ne
2162 4423 2365 4484 turbet
2409 4439 2714 4484 numerum
2763 4421 3089 4483 ternarium
3136 4439 3318 4500 supe-

595 4509 814 4572 riorum
859 4518 922 4571 et
965 4508 1330 4585 inferiorum,
1382 4518 1443 4570 et
1471 4508 1615 4572 Sole
1655 4509 1967 4573 occidente
2017 4513 2134 4586 (sic
2182 4512 2337 4573 enim
2376 4511 2653 4573 conditus
2684 4510 2939 4573 mundus
2978 4513 3105 4584 est)
3158 4508 3321 4572 nocti

595 4597 804 4660 nullibi
850 4598 1074 4661 rectius
1136 4600 1508 4673 dominatur,
1577 4618 1758 4679 quam
1813 4619 1891 4661 ex
1945 4601 2137 4662 medio
2195 4600 2383 4674 coeli,
2450 4600 2609 4679 quod
2658 4606 2753 4660 est
2798 4596 2862 4660 Ο.
2910 4604 3006 4675 ,gs
3098 4596 3318 4679 Sicque

595 4686 822 4767 poterit
864 4686 922 4747 in
971 4687 1221 4769 epicycli
1269 4706 1503 4749 summa
1550 4688 1759 4749 abside
1806 4690 2159 4752 consistere.
2236 4688 2320 4749 Et
2367 4688 2506 4768 quia
2553 4686 2715 4750 orbis
2764 4686 2895 4767 ejus
2943 4687 3317 4749 adventitius

597 4784 710 4850 est,
759 4774 1047 4837 sortiatur
1095 4784 1158 4837 et
1202 4776 1338 4857 ipsa
1385 4776 1782 4839 adventitium
1832 4786 1895 4840 et
1940 4778 2303 4857 peculiarem
2350 4776 2533 4839 situm
2580 4775 2869 4855 principii.
2944 4776 3317 4837 Lunationes

597 4863 782 4925 etiam
828 4863 958 4942 eJus
1005 4863 1292 4929 nobilitas
1339 4872 1403 4927 et
1458 4866 1620 4930 fama
1674 4866 1833 4933 inter
1887 4867 2183 4948 homineS‚
2252 4864 2738 4950 lunationumque
2792 4862 3113 4952 potissima
3159 4882 3313 4951 qua-
