3634 5575
1530 342 1856 397 emma..
2966 346 3072 411 τις

295 504 575 621 ffititsn?
599 500 818 556 Talea
878 513 994 567 ‘eno
1055 502 1180 556 tibi
1242 502 1678 556 conditionem
1727 508 2047 567 optarem,
2102 511 2166 555 ot
2224 505 2371 569 quis
2427 505 2637 563 novit,
2682 504 2835 571 quiq
2881 506 3068 571 sitin

477 694 558 743 Ad
592 693 722 744 haee
755 707 876 759 erge
909 693 1161 759 Kopion-us
1195 696 1448 759 respondit
1481 695 1616 746 hunc
1652 696 1702 745 in
1739 696 1968 746 modum·
1956 733 1970 747 .

1607 852 1794 918 S..P

518 958 764 1019 Literas
811 956 1008 1030 Tuas,
1056 959 1376 1038 Magnifice
1425 959 1556 1033 Vir,
1607 956 1668 1023 9.
1721 958 1893 1039 Sept.
1943 961 2087 1022 mihi
2134 961 2423 1035 traditas,
2468 982 2511 1021 a
2554 970 2699 1023 voto
2748 968 2813 1022 et
2858 964 3067 1087 fausta

303 1046 703 1108 ominatione
747 1046 1010 1125 incipis3
1055 1048 1150 1108 cui
1197 1066 1454 1127 aequum
1501 1055 1600 1109 est
1639 1070 1923 1130 αντηχειν.

513 1136 808 1215 Equidem
857 1135 1116 1214 optarim
1163 1144 1225 1197 te
1275 1135 1534 1199 fatorum
1589 1137 1827 1199 illorum
1874 1138 2212 1211 dominum,
2282 1146 2387 1198 aut
2452 1144 2615 1198 certe
2672 1079 3063 1218 interpretem

304 1230 383 1283 et
437 1222 880 1285 internuncium
930 1242 1022 1283 me
1071 1224 1227 1285 inter
1273 1234 1338 1285 et
1385 1226 1496 1286 fati
1545 1224 1879 1287 dominum:
1931 1244 2067 1287 nam
2114 1228 2191 1287 de
2238 1236 2347 1287 tua
2389 1226 2447 1286 in
2496 1244 2591 1287 me
2638 1224 3066 1289 benevolentia

307 1330 593 1391 aequum
643 1320 757 1383 est,
805 1332 900 1373 me
949 1330 1181 1374 summa
1227 1314 1430 1374 omnia
1475 1330 1740 1393 sperare.
1803 1316 2185 1376 Moderatum
2234 1322 2297 1375 et
2340 1315 2815 1393 philosophicum
2860 1316 2917 1376 in
2954 1314 3063 1377 ac-

307 1400 618 1479 cipiendo
667 1401 928 1462 animum
973 1401 1479 1479 deprehenderet,
1545 1402 1810 1481 quisquis
1860 1420 2037 1482 quam
2085 1402 2599 1482 speciosissimam
2654 1417 2933 1478 erercere
2980 1404 3065 1465 li·-

309 1488 724 1551 beralitatem
771 1488 1021 1568 satagit.
1116 1490 1320 1551 Prima
1366 1490 1510 1551 mihi
1555 1510 1730 1564 cura,
1795 1500 1863 1553 ut
1918 1498 2205 1573 quantum
2252 1490 2381 1552 fleri
2426 1498 2672 1570 potest²
2726 1510 2874 1553 uxor
2930 1510 3065 1555 mea

307 1584 582 1652 teneat,
651 1596 804 1657 quae
871 1578 1090 1651 habet,
1166 1579 1346 1659 idque
1401 1578 1823 1657 patrimonium
1870 1582 1947 1641 ad
1994 1598 2337 1641 communes
2396 1580 2617 1641 liberos
2660 1582 3059 1643 transmittat.
3132 1646 3141 1653 ,

306 1664 578 1728 Etenim
662 1666 1110 1746 speculationes
1183 1666 1430 1728 interitu
1511 1668 1780 1729 familiae
1854 1668 2175 1741 redimere,
2264 1686 2455 1747 neque
2534 1667 2595 1727 iu
2678 1668 3065 1748 philosophia

307 1755 654 1817 honestum
720 1763 854 1829 est,
921 1773 1109 1834 neque
1171 1756 1332 1833 pium
1399 1756 1454 1816 in
1514 1754 1827 1835 religione.
1921 1757 2067 1818 Inde
2127 1764 2437 1836 peteretur
2490 1774 2679 1816 coena
2720 1756 3061 1831 Platonica,

309 1844 716 1925 habitusque,
769 1844 868 1923 qui
917 1844 1194 1905 maritum
1245 1845 1440 1906 decet.
1531 1845 1691 1908 Nam
1737 1845 1794 1905 in
1844 1845 1939 1907 his
1989 1845 2218 1907 duobus
2266 1844 2565 1924 capitibus
2604 1844 2883 1907 consistit
2926 1853 3061 1907 stu·-

309 1932 562 1995 diorum
613 1932 886 1994 libertas.
979 1930 1100 2001 Qui
1147 1941 1324 2011 eget,
1379 1927 1595 1995 servit:
1647 1941 1714 1994 at
1761 1934 1863 1995 v-ix
1910 1934 2225 2015 quisquam
2272 1942 2486 2012 sponte
2545 1934 2732 1995 servit
2778 1950 3057 2013 unquam.

310 2018 512 2091 Quod
561 2021 920 2083 nativitates
967 2030 1029 2081 et
1079 2018 1449 2090 Calendaria
1495 2021 1792 2086 interdum
1842 2024 2076 2097 scribo,
2126 2042 2233 2095 ea,
2282 2040 2375 2082 ms
2424 2020 2697 2095 Christe,
2744 2023 3059 2085 molestis-

311 2110 484 2170 sima
533 2110 676 2173 mihi
725 2109 984 2171 servitus
1032 2118 1157 2182 est,
1211 2110 1320 2171 sed
1367 2110 1741 2189 necessaria,
1808 2128 1885 2171 ne
1950 2111 2183 2173 scilicet
2248 2112 2321 2173 ad
2370 2111 2551 2171 breve
2598 2118 2837 2191 tempus
2884 2110 3055 2185 liber,

309 2207 471 2277 post
523 2199 752 2277 turpius
801 2198 1080 2259 serviam.
1151 2198 1367 2277 Itaque
1417 2206 1484 2259 ut
1527 2198 1818 2261 salarium
1866 2218 2142 2273 annuum,
2194 2207 2260 2260 ιιι
2306 2200 2543 2261 titulum
2591 2207 2655 2259 et
2702 2198 2897 2261 locum
2944 2200 3057 2260 de—

315 2288 595 2356 fendam,
641 2286 1170 2347 obsecundandum
1219 2294 1318 2347 est
1363 2287 1675 2367 imperitae
1723 2288 2086 2352 curiositati.

511 2374 633 2437 Sed
682 2376 758 2435 ad
809 2374 1112 2436 desideria
1158 2392 1294 2435 mea
1337 2384 1627 2437 revertor.
1716 2374 2023 2456 Quidquid
2070 2376 2213 2439 mihi
2260 2382 2627 2453 superesset,
2668 2375 3060 2461 jurejurando

312 2464 662 2536 sancirem,
732 2463 788 2525 in
847 2464 1050 2524 studia
1111 2462 1527 2543 philosophiae
1589 2466 2012 2543 impensurum.
2106 2466 2397 2525 Lectores
2446 2464 2691 2535 alerem,
2736 2472 2805 2524 ut
2848 2464 3061 2536 oculis,

304 2552 448 2631 jam
503 2552 997 2626 hebescentibus,
1045 2560 1113 2613 ut
1159 2561 1224 2614 et
1267 2553 1520 2633 tempori
1578 2560 1947 2631 parceretur.
2042 2553 2309 2615 Nuncios
2356 2551 2493 2613 hinc
2558 2552 2696 2612 inde
2762 2552 3062 2613 mitterem

315 2660 434 2721 pro
467 2642 661 2715 libris,
682 2658 790 2720 pro
820 2641 1202 2702 consulendis
1233 2642 1460 2715 ductim
1491 2642 1893 2703 instrumenta
1918 2642 2323 2713 machinarer;
2354 2640 2873 2711 observationibus
2904 2639 3061 2701 alios

314 2730 694 2804 adhiberem,
735 2730 788 2790 si
825 2730 1018 2790 minus
1048 2748 1162 2809 ego
1200 2730 1554 2801 sufficerem,
1583 2730 1674 2791 sic
1701 2738 1767 2791 et
1795 2729 2342 2810 computationibus
2374 2728 2557 2808 aliqui
2590 2729 3059 2792 destinarentur.

313 2820 488 2882 Nam
527 2820 801 2899 legende,
853 2819 1252 2897 computando
1299 2819 1616 2898 plurimum
1661 2819 1899 2880 effundo
1948 2819 2276 2898 spirituum,
2328 2819 2695 2895 speculando
2738 2835 2971 2896 parum.

509 2907 632 2972 Sed
681 2908 834 2969 baec
878 2926 1026 2969 sane
1074 2908 1132 2968 in
1177 2915 1486 2986 potestate
1536 2907 1798 2986 supremi
1846 2909 2105 2970 fatorum
2154 2905 2376 2966 domini
2424 2906 2545 2967 sita
2590 2914 2751 2980 sunt,
2802 2906 2901 2988 qui
2938 2904 3061 2967 etsi

195 3075 203 3081 ¹
317 3017 441 3058 non
495 3015 589 3058 me
616 2996 873 3057 -attollit
914 2997 1124 3069 altius,
1179 2997 1330 3061 facit
1373 2996 1437 3058 id
1483 2997 1692 3074 procul
1739 2996 1919 3056 dubio
1966 2997 2025 3058 in
2072 3014 2267 3057 meum
2315 2995 2705 3063 commodum,
2736 3014 2811 3055 ne
2857 2994 3058 3074 inepte

319 3105 420 3146 me
471 3105 582 3166 pro
631 3086 1030 3164 antesignano
1079 3085 1278 3165 aliquo
1318 3084 1692 3146 literatorum
1745 3085 1899 3145 ferre
1946 3085 2251 3164 incipiam.
2302 3113 2385 3126 --

472 3261 663 3312 Herv
679 3267 868 3312 artus
905 3261 952 3310 d.
993 3259 1076 3310 20.
1115 3260 1232 3310 Jun.
1278 3258 1416 3310 1600
1451 3267 1662 3310 nnn-at
1695 3261 1941 3324 Keplero:
1980 3259 2161 3319 „Nach
2198 3260 2309 3310 dem
2345 3259 2425 3310 ich
2452 3259 2565 3308 dem
2590 3258 2751 3308 Herm
2793 3259 2874 3308 bei
2899 3259 3059 3310 m‘naen

316 3335 520 3384 meiner
555 3339 810 3398 gensten
845 3331 1032 3384 Dienor
1069 3331 1248 3383 etliche
1288 3331 1486 3382 Biicher
1526 3331 1848 3398 zugeschickt
1867 3366 1880 3388 ‚
1938 3330 2011 3380 als
2060 3331 2153 3382 hat
2206 3347 2259 3382 er
2312 3332 2405 3380 mir
2449 3332 2521 3379 sie
2565 3329 2831 3380 wiederum
2878 3344 3057 3394 zuege-

320 3405 518 3464 bracht,
561 3403 629 3452 da
664 3419 718 3452 er
752 3403 848 3452 den
884 3403 1048 3452 Herm
1085 3405 1162 3452 nit
1201 3403 1458 3454 anbaimbs
1497 3401 1835 3468 angetroffen‚
1891 3401 2103 3451 sondern
2160 3403 2277 3451 dass
2330 3417 2383 3450 er
2432 3401 2539 3450 sich
2577 3403 2657 3450 ein
2695 3399 2809 3450 Zeit
2842 3400 2963 3470 lang
2999 3413 3062 3450 zu

321 3475 426 3526 Pra
503 3475 593 3524 auf
623 3474 842 3524 chalten.

427 3491 577 3595 8Αιιῐ
589 3490 706 3594 gdeu
739 3545 868 3606 Fan,
907 3544 1022 3593 dass
1061 3543 1148 3593 der
1184 3543 1314 3594 Herr
1348 3545 1426 3594 bei
1463 3543 1624 3593 Herm
1659 3542 1833 3605 Tycho
1869 3542 2035 3592 Brahe
2083 3543 2191 3592 sich
2235 3541 2509 3600 befunden,
2556 3541 2647 3590 hat
2692 3555 2745 3590 er
2794 3555 2887 3606 gar
2934 3541 3063 3592 wohl

321 3619 430 3668 und
465 3617 608 3668 recht
643 3616 832 3682 gethan
865 3615 971 3666 ιιιῐᾱ
1005 3615 1124 3664 vird
1160 3615 1244 3666 ihn
1283 3617 1358 3665 nit
1394 3629 1562 3664 reuen-
1639 3614 1804 3662 Wann
1842 3615 2005 3666 meins
2044 3612 2243 3662 Sachen
2279 3627 2333 3662 so
2371 3611 2659 3662 beschaffeu
2693 3618 2889 3670 waren,
2944 3611 3061 3664 das·

321 3689 408 3741 ich
446 3689 678 3740 abi-eison
713 3687 938 3747 konnte„
955 3687 1072 3736 volt
1107 3685 1188 3734 ich
1225 3689 1300 3736 nit
1335 3683 1792 3746 unterlassen,1ne
1830 3681 1995 3736 Herm
2031 3683 2196 3737 Brahe
2235 3699 2297 3733 zu
2335 3683 2603 3733 besuchen.
2892 3685 2905 3698 ·

471 3829 800 3893 Keplerus
839 3828 886 3878 d.
928 3827 973 3876 d.
1019 3823 1241 3876 12.Ju1.
1289 3823 1424 3876 1600
1459 3825 1744 3890 respondit:
1888 3811 1921 3841 ⁶

1607 3985 1790 4048 S..P

505 4094 825 4174 Nunquam
876 4091 1332 4172 opportuniores
1383 4089 1460 4152 ad
1507 4109 1600 4152 me
1649 4091 1862 4152 literas
1908 4089 2165 4152 misistis
2212 4087 2290 4150 N.
2342 4095 2404 4149 et
2434 4087 2521 4149 M.
2555 4085 2687 4161 Vir,
2736 4105 2913 4166 quam
2948 4085 3063 4147 hoc

329 4181 460 4265 ipso
508 4189 817 4260 tempore,
893 4201 1006 4264 quo
1064 4181 1136 4242 de
1199 4180 1388 4241 totius
1435 4181 1712 4242 instituto
1759 4179 1925 4240 vitae
1982 4180 2039 4240 in
2088 4177 2452 4257 gravissima
2504 4193 2714 4236 versor
2762 4173 3063 4236 delibera-

271 4275 278 4282 '
329 4271 512 4332 tione.
608 4269 849 4331 Etenim
906 4287 1009 4330 eas
1075 4267 1467 4330 humanitatis
1535 4278 1599 4330 et
1672 4267 2129 4330 benevolentiae
2190 4265 2245 4326 in
2294 4285 2387 4326 me
2436 4263 2903 4344 significationes
2952 4281 3063 4323 ex-

332 4359 654 4421 hibuerunt
703 4377 926 4432 omneS,
979 4375 1127 4438 quas
1177 4355 1254 4417 ad
1303 4375 1393 4417 me
1444 4357 1742 4438 scripsisti
1792 4355 2107 4436 epistolae,
2156 4362 2226 4415 ut
2272 4373 2530 4434 sperem,
2563 4371 2661 4413 me
2698 4371 2815 4412 non
2848 4351 3065 4413 saltem

331 4449 673 4509 consultore
721 4457 801 4521 te,
855 4448 960 4508 sed
1009 4447 1196 4508 etiam
1245 4445 1521 4523 adjutore
1571 4445 1827 4507 feliciter
1875 4463 2135 4506 usurum.

509 4538 667 4598 Nam
717 4546 784 4598 ut
833 4535 908 4596 ad
957 4535 1068 4596 has
1120 4535 1362 4600 ultimas
1411 4540 1548 4595 tuas
1599 4535 1808 4595 literas
1860 4532 1962 4595 20.
2012 4531 2153 4593 Jun.
2204 4531 2403 4603 dataS‚
2454 4527 2658 4600 (binas
2701 4526 2857 4589 enim
2888 4527 3065 4600 aliae,

342 4619 438 4686 14.
491 4623 640 4686 Dec.
693 4631 756 4685 et
813 4624 904 4686 15³.
946 4623 1128 4684 Mart
1179 4623 1440 4703 scriptas
1491 4623 1725 4683 domum
1773 4641 2052 4683 reversus
2100 4611 2325 4698 iwepeii)
2390 4618 2581 4697 primo
2640 4616 2771 4677 loco
2810 4635 3063 4694 respon—

338 4712 529 4790 deam,
582 4715 668 4776 sic
718 4723 830 4788 est,
883 4721 948 4776 ιιι
995 4711 1270 4792 conjicis,
1322 4707 2203 4774 ad111.1d.Jan.G1·atio
2252 4705 2529 4777 discessi,
2578 4705 2918 4790 Tychonem
2967 4705 3065 4764 in-

335 4803 608 4876 visurus,
671 4811 734 4864 et
799 4821 929 4864 cum
989 4801 1225 4882 Pragae
1291 4819 1400 4880 per
1472 4801 1704 4880 aliquot
1758 4799 1887 4861 dies
1934 4797 2298 4869 haesissem,
2358 4793 2601 4855 tandem
2646 4793 2840 4858 Nonis
2886 4791 3063 4855 Febr.
3107 4817 3119 4830 1
