3634 5575
435 428 533 480 xn
647 470 652 475 .

433 598 636 652 tamen
684 588 1048 651 assiduitate
1096 596 1160 653 et
1203 590 1444 665 labore,
1494 609 1857 672 operamque
1902 592 2265 654 navantibus
2312 592 2539 655 amicis.
2632 592 2775 655 Jam
2818 592 2878 653 in
2924 611 2997 653 eo
3042 610 3140 655 res

431 704 564 773 est,
633 704 699 759 ut
743 694 992 776 Kepleri
1055 694 1384 759 cultoribus
1449 688 1738 761 collectos
1801 699 1937 779 ejus
2000 697 2187 761 libros
2234 704 2299 761 et
2343 698 2613 781 digniore
2660 700 2855 762 forma
2898 696 3141 761 indutos

433 802 714 867 tradendi
758 800 994 865 initium
1039 801 1240 864 facere
1287 800 1488 867 liceat.

605 909 960 971 Inchoatum
1006 913 1208 971 autem
1252 926 1403 989 opus
1449 914 1518 971 ut
1561 906 1932 983 absolvatur,
1982 892 2244 973 futurum
2290 928 2427 973 esse
2473 926 2819 991 speramus,
2864 916 2953 987 ut,
3003 909 3141 991 qui-

430 1035 660 1097 cunque
705 1016 920 1078 literas
963 1014 1176 1077 volunt
1221 1013 1417 1077 cultas
1463 1021 1527 1076 et
1572 1020 1804 1089 auctas,
1854 1016 2185 1097 quicunque
2228 1015 2762 1098 principem'inter
2800 1014 3141 1081 Germanos

430 1129 860 1197 astronomum,
911 1120 1276 1200 eundemque
1323 1118 1494 1182 liberi
1535 1120 1906 1199 ingeniorum
1944 1131 2142 1184 motus
2179 1120 2478 1185 vindicem
2514 1130 2577 1185 et
2613 1130 3139 1204 propugnatorem,

431 1226 781 1291 Germanici
827 1224 1083 1289 nominis
1131 1226 1351 1299 decus,
1395 1224 1529 1306 pari
1584 1236 1765 1307 atque
1832 1227 1964 1307 ejus
2031 1247 2415 1291 successores
2463 1228 2733 1305 aliosve,
2796 1228 2896 1309 qui
2941 1228 3141 1309 aliquo

430 1334 738 1398 literarum
782 1352 1000 1413 genere
1046 1334 1458 1396 excelluerunt
1477 1380 1495 1408 ,
1563 1340 1947 1395 monumento
1999 1334 2241 1415 dignum
2279 1334 2561 1416 judicant
2584 1382 2603 1411 ,
2664 1336 2727 1399 in
2771 1342 3009 1417 partem
3052 1334 3142 1399 rei

428 1441 845 1525 suscipiendae
892 1448 958 1504 et
993 1438 1297 1522 juvandae
1343 1438 1504 1501 ultro
1551 1458 1619 1501 se
1668 1440 1941 1503 offerant.

607 1547 743 1611 Uno
809 1565 966 1609 anno
1028 1550 1350 1627 postquam
1411 1544 1562 1607 haec
1625 1545 2147 1625 pronunciavimus
2208 1565 2377 1628 spem
2436 1553 2708 1609 nostram
2752 1564 2873 1609 non
2918 1564 3140 1609 vanam

431 1654 614 1715 fuisse
651 1660 905 1716 eventus
941 1651 1240 1734 probavit.
1311 1648 1675 1715 Ba'variae
1705 1650 1935 1731 Regis
1964 1652 2459 1716 Maximiliani
2488 1654 2567 1716 11.
2607 1652 3139 1729 munificentia,

428 1759 678 1839 perinde
719 1780 791 1823 ac
817 1758 1058 1823 Domini
1096 1756 1488 1821 illustrissimi
1525 1778 1563 1820 a
1587 1758 1650 1822 N
1657 1776 1779 1820 oro
1795 1778 1865 1833 w,
1912 1759 2008 1821 cui
2044 1777 2188 1821 cura
2224 1760 2556 1822 studiorum
2596 1759 2658 1821 in
2685 1757 2963 1821 Russia
3006 1766 3139 1821 tra-

429 1866 559 1927 dita
577 1873 692 1943 est,
723 1865 1092 1929 liberalitate
1123 1864 1334 1945 adjuti,
1367 1872 1850 1928 astronomorum
1868 1863 2027 1943 apud
2052 1862 2391 1927 Germanos
2420 1864 2943 1927 celeberrimorum
2968 1884 3139 1929 com-

428 1972 782 2051 probatione
811 1971 1165 2046 conflrmati,
1204 1970 1649 2036 academiarum
1677 1969 2091 2035 Berolinensis
2132 1978 2195 2033 et
2222 1970 2588 2033 Viennensis
2626 1969 2929 2051 suffragiis
2956 1972 3143 2036 erecti

429 2096 554 2141 rem
580 2076 738 2141 bono
767 2077 966 2141 animo
995 2080 1275 2161 (eamque
1303 2077 1589 2142 vicesimo
1619 2077 1838 2141 abhinc
1866 2078 2053 2151 anno)
2095 2077 2397 2160 inceptam
2424 2074 2501 2139 ad
2530 2076 2707 2139 finem
2732 2075 3139 2157 perduximus.

603 2184 817 2268 Neque
877 2204 1022 2251 vero
1081 2184 1177 2249 his
1235 2190 1510 2261 tantum,
1577 2202 1728 2265 quos
1774 2182 2033 2247 diximus
2052 2230 2070 2259 ,
2120 2182 2289 2245 Viris
2337 2188 2403 2246 et
2446 2180 2859 2246 Societatibus
2902 2183 3141 2263 gratias

429 2291 718 2355 debemus
765 2309 942 2372 qnam
987 2290 1312 2367 maximas,
1362 2290 1472 2353 sed
1520 2290 1772 2353 aliorum
1819 2308 2051 2372 quoque
2097 2308 2283 2371 opera
2326 2296 2392 2352 et
2436 2288 2727 2369 singulari
2772 2288 3139 2351 liberalitate

427 2398 634 2461 studia
693 2406 906 2462 nostra
957 2396 1048 2462 ita
1111 2397 1434 2461 sublevata
1495 2415 1632 2459 esse
1695 2397 2041 2478 profitemur
2059 2444 2077 2474 ,
2144 2402 2212 2459 ut
2264 2395 2543 2459 destituti
2587 2395 2778 2459 tantis
2822 2393 3141 2475 praesidiis

432 2503 754 2569 editionem
819 2522 1011 2585 neque
1076 2504 1418 2568 absolutam
1480 2509 1546 2566 et
1606 2504 1941 2585 integram,
2008 2504 2244 2585 qualem
2298 2501 2742 2582 spectavimuS,
2808 2518 2999 2583 neque
3044 2517 3141 2577 ea,

432 2630 610 2693 quam
638 2630 784 2693 prae
823 2631 890 2674 se
922 2610 1059 2686 fert,
1100 2610 1296 2673 forma
1323 2608 1605 2674 exhibere
1633 2608 2061 2691 potuissemus.
2110 2607 2379 2682 Quorum
2408 2607 2671 2671 virorum
2696 2608 2975 2689 princeps
3002 2609 3139 2671 lau-

427 2716 663 2781 dandus
709 2726 808 2781 est
847 2718 922 2781 F.
964 2716 1044 2782 G.
1082 2716 1186 2781 W.
1234 2714 1370 2781 Str
1389 2735 1550 2793 uve
1598 2715 1865 2779 director
1908 2717 2191 2798 speculae
2240 2713 2681 2779 astronomicae
2726 2712 3139 2790 Pulcovensis,

429 2823 529 2906 qui
571 2843 638 2888 re
685 2832 749 2889 et
793 2823 1043 2888 consilio
1089 2821 1658 2888 benevolentissime
1723 2841 1835 2884 nos
1899 2824 2089 2887 tuitus
2148 2820 2571 2886 liberalissime
2617 2819 2799 2886 nobis
2839 2821 3144 2884 concessit

427 2929 834 3014 manuscripta
887 2931 1169 3014 Kepleri,
1210 2949 1391 3013 ,quae
1457 2927 1851 2992 Pulcovensis
1913 2927 2285 2993 bibliotheca
2348 2927 2551 2992 eximii
2610 2895 2807 2992 instar
2869 2927 3143 2990 thesauri

427 3043 766 3102 conservat.
837 3038 1006 3101 Huic
1053 3035 1430 3120 adjungimus
1477 3035 1681 3112 filium,
1731 3035 1843 3098 tali
1886 3041 2061 3115 patre
2108 3035 2369 3116 dignum,
2419 3035 2810 3098 Puicovensis
2856 3033 3141 3116 speculae

427 3152 902 3208 astronomorum
927 3143 1294 3226 primarium,
1328 3141 1557 3206 Otton
1577 3161 1679 3204 em
1699 3139 1925 3206 Struv
1937 3162 1991 3217 e,
2026 3140 2125 3224 qui
2148 3147 2569 3224 perscrutatus
2596 3139 3144 3222 manuscriptorum

424 3250 663 3317 illorum
707 3252 927 3315 molem
972 3251 1049 3314 de
1094 3247 1492 3332 gravioribus,
1541 3265 1696 3328 quae
1741 3247 1867 3311 illis
1910 3245 2151 3325 insunt,
2199 3266 2311 3312 nos
2347 3247 2581 3312 monuit
2624 3247 2995 3328 digitumque
3039 3245 3141 3310 iu-

425 3358 625 3422 tendit
665 3357 728 3420 in
773 3377 866 3435 ea,
916 3374 1069 3437 quae
1116 3375 1194 3420 ex
1236 3374 1301 3420 re
1348 3361 1561 3418 nostra
1605 3361 1834 3418 essent.
1900 3354 2305 3436 Adiungimus
2351 3353 2751 3418 amicissimos
2795 3351 3140 3418 Christo-

425 3461 725 3546 phorum
763 3461 1060 3540 Schaaf,
1098 3461 1500 3543 professorem
1537 3461 1841 3546 gymnasii
1876 3460 2295 3542 Tubingensis‚
2332 3467 2399 3525 et
2430 3462 2495 3525 H
2508 3461 2835 3525 enricum
2879 3457 3139 3537 Kratz,

429 3570 836 3651 professorem
885 3567 1201 3654 Gymnasii
1244 3566 1746 3650 Stuttgartiensis
1765 3616 1784 3644 ,
1839 3587 2084 3649 quorum
2130 3567 2234 3630 ille
2254 3574 2639 3655 'quaerentes
2683 3585 2796 3631 nos
2842 3567 2919 3630 de
2962 3566 3143 3630 rebus

431 3673 896 3751 obscurioribus,
943 3674 1282 3740 titubantes
1327 3676 1572 3756 saepius
1589 3673 1598 3689 ¹
1617 3673 1682 3738 in
1716 3693 1995 3738 sermone
2030 3673 2225 3736 minus
2262 3672 2510 3746 usitato,
2556 3672 2861 3754 exquisita
2904 3671 3139 3754 linguae

431 3780 692 3846 Latinae
737 3781 1000 3856 scientia
1031 3781 1396 3860 sublevavit,
1440 3781 1541 3845 hic
1578 3787 1865 3863 suscepto
1902 3787 2111 3862 typum
2146 3777 2549 3860 perspiciendi
2574 3786 2639 3841 et
2676 3779 3143 3861 recognoscendi

428 3907 610 3953 onere
653 3888 972 3970 plurimum
1015 3887 1294 3952 insumsit
1339 3904 1589 3970 operae,
1637 3892 1707 3949 ut
1745 3893 1963 3969 typus,
2013 3892 2303 3966 quantum
2340 3883 2468 3949 fieri
2504 3891 2735 3967 posset,
2782 3903 2967 3966 purus
2992 3903 3141 3968 pro-

429 3995 590 4060 diret
623 4002 691 4058 et
723 3993 1084 4076 castigatus.

603 4099 934 4166 Rationem
992 4097 1057 4161 in
1119 4095 1472 4178 colligendis
1516 4095 1768 4180 Kepleri
1834 4096 2113 4180 operibus
2174 4095 2532 4164 retinuimus
2594 4097 2795 4178 illam,
2854 4115 3037 4181 quam
3080 4096 3144 4162 in

427 4209 762 4292 Prospectu
805 4202 1262 4289 proposuimus.

606 4311 970 4394 colligenda
1012 4308 1336 4373 statuimus
1382 4309 1638 4388 omnia,
1689 4328 1844 4391 quae
1890 4309 2079 4374 edidit
2105 4308 2427 4393 Keplerus,
2476 4329 2677 4394 opera,
2726 4313 2997 4396 exeeptis
3040 4311 3138 4390 iis,

430 4437 584 4503 quae
628 4415 778 4481 nihil
821 4416 939 4481 nisi
985 4415 1230 4480 tabulas
1272 4415 1562 4482 referunt.
1627 4417 1965 4484 Accedunt,
1991 4417 2221 4498 aliquot
2263 4417 2571 4484 breviores
2608 4418 2821 4496 libelli,
2870 4418 2948 4482 ad
2984 4419 3142 4482 hunc

429 4541 618 4606 usque
685 4523 846 4586 diem
907 4522 1168 4586 noudum
1231 4521 1394 4604 typis
1457 4523 1770 4606 expressi,
1844 4529 1909 4586 et
1972 4523 2296 4606 epistolae,
2374 4532 2443 4588 ut
2514 4525 2798 4590 universa
2860 4525 3141 4590 collectio

431 4638 568 4696 octo
617 4627 802 4693 ferme
857 4627 1159 4694 volumina
1217 4629 1302 4692 sit
1346 4631 1751 4711 complexura.
1842 4629 2256 4711 Epistolarum
2302 4631 2462 4696 aliae
2506 4639 2829 4715 excerptae
2877 4639 3023 4695 sunt
3068 4651 3145 4694 ex

431 4744 578 4802 nota
622 4733 917 4799 Hanschii
980 4735 1332 4800 collectione
1354 4785 1372 4814 ,
1440 4735 1599 4799 aliae
1663 4755 1704 4799 a
1754 4735 2139 4802 bibliothecis
2195 4737 2663 4820 Stuttgartiensi
2682 4787 2699 4816 ,
2766 4738 3139 4814 Monacensi,

430 4842 769 4906 Viennensi
813 4842 1068 4925 aliisque
1112 4861 1349 4906 summa
1377 4827 1762 4906 'liberalitate
1809 4843 2027 4908 editori
2072 4845 2357 4922 traditae,
2404 4847 2563 4910 aliae
2579 4895 2597 4924 ,
2648 4865 2837 4928 aeque
2882 4864 2955 4908 ac
3000 4845 3144 4909 bre-

429 4949 650 5021 viores,
697 4965 846 5029 quos
883 4947 1162 5024 diximus,
1207 4947 1414 5026 libelli,
1461 4950 1808 5031 depromtae
1848 4969 1925 5014 ex
1970 4953 2088 5032 maj
2096 4971 2197 5016 ore
2243 4951 2373 5027 illa,
2420 4971 2598 5034 quam
2634 4951 2915 5032 diximus,
2952 4953 3141 5038 libro-
