3634 5575
1495 365 1821 417 Prooemium.
2924 368 2999 433 31

287 532 536 579 mnam
561 525 708 591 ampl.
736 524 1164 591 reprehensionem
1187 524 1353 577 incidi.
1379 520 1452 587 ¹²3
1507 524 1683 589 Itaque
1719 539 1833 575 vere
1869 525 1987 575 milii
2024 526 2209 579 accidit
2240 527 2511 579 secundum
2548 526 2676 579 illius
2713 528 3009 592 symbolum:

277 598 408 657 ,dum
452 598 570 647 aliis
603 599 811 647 inservio
829 632 843 653 ,
895 612 988 663 ego
1026 611 1298 647 consumor.
1371 594 1556 646 Verum
1594 598 1709 661 quia
1744 598 1795 646 in
1832 598 1905 646 tui
1944 596 2158 662 gratiam
2195 598 2245 647 id
2280 598 2467 649 factum
2505 608 2581 649 est
2592 635 2612 665 ,¹
2654 600 2814 649 minus
2852 600 3009 659 doleo,
3116 638 3133 654 .

287 670 471 718 amicis
516 670 644 718 enim
679 668 974 735 gratificari,
1027 670 1118 718 etsi
1163 682 1513 730 nonnunquam
1563 668 1640 716 vel
1687 680 1784 717 non
1838 682 1947 717 raro
1982 670 2242 732 plurimum
2277 670 2395 719 milii
2430 670 2611 721 laboris
2646 670 2761 720 inde
2802 680 3009 729 creetur,

285 747 508 803 paratus
538 754 660 789 sum.
725 740 910 792 Verum
943 754 1112 789 morae
1150 740 1462 789 diuturnioris
1497 752 1653 787 causa
1687 754 1781 804 ego
1815 739 2037 802 profecto
2072 756 2171 791 non
2208 742 2295 801 fui,
2334 742 2423 791 sed
2454 744 2635 805 partim
2670 744 2827 805 ipsum
2864 758 3009 807 opus·

289 811 490 867 culum,
529 812 708 875 partim
743 810 1038 877 typographi
1069 810 1296 862 minister
1329 808 1590 873 typotheta
1624 816 1676 859 et
1711 810 1915 860 tandem
1951 810 2154 862 schema
2189 814 2291 863 aeri
2328 812 2675 876 insculptum.“

432 882 604 941 Dein,
649 884 905 933 recensitis
951 882 1408 941 emendationibus,
1457 894 1586 945 quae
1622 882 1714 945 ipsi
1750 884 2064 933 necessariae
2097 883 2235 933 visae
2282 889 2426 940 sunt,
2474 885 2547 934 sic
2582 886 2769 950 pergit:
2827 883 3010 937 Omnes

283 954 570 1015 particulas
603 954 808 1021 perlegi,
846 953 957 1003 ideo
997 954 1148 1003 etiam
1184 952 1397 1018 quotidie
1433 952 1500 1002 ad
1534 950 1788 1003 minimum
1825 952 1993 1007 semel.
2033 960 2088 1002 ut
2123 955 2381 1017 plurimum
2416 955 2505 1011 bis,
2544 970 2644 1004 non
2680 969 2791 1005 raro
2826 962 2917 1017 ter,
2958 958 3009 1005 in

286 1025 678 1091 typographiam
715 1025 1082 1075 ascendendum
1115 1024 1234 1073 mihi
1271 1024 1381 1081 fuit,
1418 1030 1475 1073 ut
1511 1037 1678 1072 coram
1714 1024 1780 1073 ad
1816 1038 1991 1073 manus
2026 1026 2331 1089 typographo
2372 1027 2623 1083 adessem,
2659 1030 2731 1085 ut,
2772 1036 3033 1096 quantum·

285 1096 632 1146 oculafissimo
667 1096 896 1161 possibile
932 1098 1028 1154 sit,
1077 1108 1454 1159 praecaverem,
1505 1109 1569 1144 ue
1619 1096 1792 1145 erratis
1840 1096 1967 1145 liber
1998 1102 2231 1145 scateret.
2304 1096 2489 1145 Verum
2532 1098 2673 1147 video
2714 1100 2849 1161 jam.
2898 1106 3011 1148 utut

283 1174 498 1229 menne
535 1168 880 1224 laboraverim,
927 1166 1056 1233 quod
1091 1166 1330 1217 nonnulla
1363 1172 1533 1217 tamen
1569 1172 1735 1217 errata
1767 1180 1904 1218 meos
1940 1166 2105 1218 oculos
2144 1174 2197 1217 et
2228 1168 2525 1218 indefessum
2564 1168 2781 1219 laborem
2814 1169 3001 1219 fefelle-

283 1244 418 1292 runt.
505 1237 742 1305 Singula,
779 1244 1040 1303 postquam
1077 1252 1262 1289 excusa
1295 1237 1517 1289 fuerunt.
1557 1238 1816 1304 diligentia.
1851 1239 1961 1303 pari
1995 1239 2214 1303 relegere
2250 1246 2303 1287 et
2338 1245 2502 1289 errata
2536 1239 2727 1304 reliqua
2762 1240 3009 1306 colligere,

285 1323 380 1375 ego
417 1310 648 1375 profecto
682 1317 880 1375 propter
919 1310 1043 1360 alias
1081 1309 1430 1373 occupationes
1465 1323 1564 1357 nou
1599 1310 1751 1373 potui.
1817 1308 1943 1358 Cum
1976 1316 2067 1359 tua
2103 1310 2311 1373 epistola
2347 1308 2414 1371 (v.
2442 1306 2507 1371 s.)
2545 1321 2611 1360 ea
2646 1312 2856 1361 collecta
2888 1312 3005 1361 mihi

287 1382 522 1443 offerret,
563 1395 628 1432 ea
664 1381 781 1433 addi
818 1382 1025 1445 amplius
1061 1396 1162 1431 non
1195 1386 1476 1445 potuerunt,
1515 1394 1634 1429 nam
1669 1380 1815 1429 nimis
1852 1394 1960 1430 sero
1996 1394 2061 1430 ea
2094 1380 2405 1431 adveniebat.

431 1453 585 1515 Quod
620 1450 816 1503 Rheti
829 1454 884 1502 ci
920 1453 1253 1503 narrationem
1290 1451 1619 1514 adjiciendam
1655 1452 1855 1513 censui,
1902 1452 2049 1503 facile
2092 1452 2229 1515 potui
2276 1454 2544 1515 conjicere,
2588 1459 2785 1517 propter
2818 1460 3005 1503 sumtus

283 1526 510 1587 maon-es
547 1526 602 1575 id
635 1525 728 1575 tibi
763 1538 1022 1578 onerosum
1055 1525 1175 1573 fore.
1248 1521 1436 1573 Verum
1473 1522 1616 1573 crede
1651 1522 1798 1583 milii,
1838 1523 1985 1573 crede
2018 1524 2103 1577 iis.
2156 1524 2235 1588 qui
2273 1524 2443 1573 dextre
2479 1530 2531 1575 et
2564 1526 2671 1574 sine
2704 1524 3005 1587 praeiudicio

283 1595 344 1647 de
381 1604 438 1647 te
479 1604 668 1661 tuoque
703 1598 883 1659 scripto
913 1596 1160 1659 judicant.
1199 1610 1298 1645 non
1334 1596 1440 1657 ejus
1474 1594 1758 1657 poenitebit,
1796 1609 1891 1643 nec
1927 1596 2181 1659 poeniteat
2202 1602 2273 1650 te,
2309 1595 2425 1659 quia
2446 1595 2703 1659 plui-imum
2733 1596 2856 1645 lucis
2890 1596 3005 1647 inde

286 1665 352 1716 ad
389 1676 542 1719 tuum
578 1668 812 1731 scriptum
849 1666 989 1717 redit.
1051 1664 1204 1730 quue
1236 1671 1378 1715 tanto
1415 1666 1572 1731 magis
1608 1672 1803 1731 gratum
1840 1666 1981 1721 foret,
2008 1680 2133 1717 ‘cum
2167 1680 2281 1731 pag.
2324 1663 2382 1714 11
2428 1682 2487 1716 ex
2521 1667 2737 1730 professo
2772 1667 3004 1717 lectorem

285 1740 350 1789 ad
388 1753 511 1790 eam
547 1740 883 1789 narrationem
921 1738 1137 1803 ableges.
1215 1736 1402 1796 Quodsi
1439 1750 1501 1787 ea
1538 1743 1724 1793 careat,
1761 1737 1953 1786 videtur
1976 1738 2037 1789 in
2074 1736 2306 1800 Utopiam
2344 1737 2603 1802 ablegatus
2630 1774 2643 1787 .
2670 1774 2682 1785 .
2713 1774 2725 1786 .
2756 1775 2767 1787 .

422 1809 596 1861 Nunc.
618 1817 802 1863 cetera.
875 1808 1152 1859 Tabellario
1188 1814 1274 1857 tuo
1291 1843 1305 1865 ,
1349 1814 1608 1872 postquam
1646 1823 1709 1858 ex
1741 1808 1939 1857 Alsatia
1980 1808 2151 1865 rediit,
2204 1808 2389 1873 aliquot
2422 1810 2722 1873 exemplaria
2753 1811 3003 1873 imponere

265 1881 529 1933 'volebam
593 1880 782 1933 Verum
819 1882 937 1945 quis
971 1881 1076 1944 typi
1111 1880 1254 1931 aenei
1292 1880 1466 1930 tabula
1503 1879 1719 1935 nondum
1757 1878 1985 1929 absoluta
2017 1880 2199 1937 marat,
2237 1886 2289 1931 et
2322 1881 2439 1943 quia.
2475 1879 2549 1931 St.
2584 1879 2855 1931 Steinlinus
2890 1896 3000 1945 pro·

282 1954 484 2017 pediem
519 1952 638 2003 hinc
673 1953 981 2018 profecturus
1019 1958 1142 2013 erat,
1181 1950 1466 2001 tabellarius
1498 1956 1612 1999 tuus
1637 1957 1828 2000 mutato
1854 1951 2055 2001 consilio
2082 1951 2381 2015 exemplaria
2415 1951 2494 2002 hic
2530 1952 2726 2019 reliquit
2761 1954 3000 2003 animum·
3060 1960 3065 1964 ’

282 2039 378 2091 que
414 2025 633 2082 induxit,
672 2040 773 2074 non
811 2038 952 2090 equo,
991 2038 1137 2087 quem
1173 2028 1390 2071 emturus
1425 2022 1603 2079 fuerat,
1644 2022 1730 2071 sed
1766 2021 1973 2084 pedibus
2010 2022 2205 2071 domum
2241 2024 2417 2071 reverti
2452 2023 2595 2073 velle.
2668 2022 2853 2073 Verum
2892 2039 3003 2072 cum

285 2110 377 2161 ego
416 2096 656 2146 Steinlini
691 2096 961 2145 discessum
997 2101 1228 2158 expecto.
1282 2106 1400 2143 ecce
1441 2095 1546 2154 jam
1594 2096 1710 2143 ante
1757 2092 1942 2157 aliquot
1984 2092 2089 2143 dies
2125 2108 2273 2158 quam
2310 2108 2403 2159 ego
2441 2095 2653 2158 comperi
2691 2094 2999 2149 discesserat,

281 2181 571 2233 quanquam
615 2168 832 2217 noudum
868 2167 1088 2229 perfecto
1121 2172 1242 2229 typo
1279 2178 1453 2215 aeneo.
1516 2163 1632 2215 Jam
1667 2178 1782 2214 vero
1817 2162 1885 2213 D.
1922 2164 1987 2214 N.
2025 2164 2221 2215 Veneto
2259 2165 2695 2227 Gruppenbachius
2733 2164 2799 2214 25
2836 2180 2999 2215 exem-

279 2240 443 2302 plaria
495 2240 742 2289 commisit
761 2274 774 2292 .
831 2252 960 2303 quae
1003 2250 1109 2287 uua
1151 2250 1264 2287 cum
1307 2236 1439 2285 libris
1482 2235 1673 2285 inclusa
1709 2235 1965 2287 Graetium
2000 2237 2137 2287 feret.
2213 2236 2491 2287 Tabellario
2527 2252 2717 2301 quoque
2751 2238 3001 2301 praesenti

283 2312 510 2369 commisi
547 2308 584 2357 7
619 2310 920 2373 exemplaria
956 2308 1021 2358 ad
1057 2314 1108 2357 te
1147 2307 1479 2371 deportanda,
1517 2306 1690 2370 quibus
1729 2306 1975 2356 residuum
2012 2310 2117 2369 ejus
2153 2307 2319 2357 addidi
2333 2342 2346 2360 .
2392 2310 2531 2370 cuius
2566 2314 2757 2371 partem
2794 2308 3001 2372 priorem

281 2382 468 2433 dudum
503 2382 635 2433 misi.
707 2380 922 2447 Reliqua
956 2394 1045 2443 per
1080 2380 1358 2445 Augustam
1393 2378 1648 2427 mittentur
1662 2412 1676 2429 .
1716 2378 1847 2427 sicut
1882 2391 1939 2425 ex
1979 2378 2371 2441 Gruppenbacliii
2407 2379 2561 2429 literis
2596 2378 2857 2443 intelliges.

423 2452 554 2503 Cum
593 2451 1002 2516 Gruppenbacliio
1038 2456 1123 2500 tuo
1161 2451 1358 2499 nomine
1392 2450 1464 2497 sic
1499 2454 1677 2511 pactus
1723 2464 1861 2497 sum:
1916 2450 2163 2513 exemplar
2210 2448 2460 2513 quodlibet
2502 2463 2589 2513 pro
2629 2447 2697 2497 10
2734 2451 2997 2516 crucigen‘s

285 2526 560 2575 concedere
595 2525 726 2582 vult,
761 2522 856 2572 boc
895 2530 973 2572 est
1005 2536 1092 2585 pro
1130 2518 1198 2569 28
1233 2520 1495 2569 nummulis
1531 2519 1975 2585 wirtembergicis,
2015 2524 2139 2575 ,sunt
2172 2522 2303 2569 enim
2340 2517 2409 2568 28
2442 2520 2694 2585 plagulae.
2767 2522 2812 2569 Δ
2848 2528 2999 2585 pacto

282 2604 450 2647 autem
489 2592 600 2645 200
633 2595 984 2658 exemplarium
1021 2606 1174 2660 aegre
1207 2590 1408 2642 recedit.
1481 2590 1591 2641 Hoc
1629 2604 1744 2655 ergo
1779 2591 1995 2641 medium
2028 2592 2147 2641 inii:
2191 2606 2284 2657 ego
2322 2590 2495 2643 eodem
2528 2594 2687 2656 pretio
2727 2590 2798 2643 50<
2832 2608 2995 2645 exem-

279 2666 438 2730 plaria
471 2680 670 2719 sumam
687 2702 702 2725 ,
717 2716 722 2721 ,
737 2674 800 2717 ut
830 2666 920 2716 tibi
959 2661 1062 2713 150
1097 2670 1295 2714 tantum
1331 2664 1590 2727 supersint.

424 2738 621 2801 Quibus
661 2744 713 2790 et
748 2736 988 2804 quomodo
1027 2734 1327 2800 exemplaria
1359 2740 1444 2782 tuo
1481 2734 1678 2783 nomine
1703 2733 1992 2783 distribuere
2018 2734 2295 2790 conveniat,
2332 2732 2451 2783 mihi
2479 2735 2675 2800 quidem
2708 2748 2797 2803 per
2830 2736 2999 2787 literas

283 2813 563 2861 conmittis.
637 2809 842 2860 Mallem
880 2816 1048 2858 autem
1085 2809 1310 2858 disertius
1345 2819 1578 2870 personas
1613 2805 1734 2854 milii
1769 2805 2103 2863 nominasses,
2140 2821 2251 2858 meo
2289 2809 2419 2856 enim
2456 2808 2695 2858 arbitratu
2729 2809 2811 2858 hic
2848 2821 2997 2876 agere

285 2882 548 2934 admodum
587 2881 782 2932 difficile
818 2879 938 2931 milii
977 2885 1069 2931 est.
1141 2878 1256 2930 Non
1292 2877 1460 2927 dubito
1495 2879 1611 2942 quin
1646 2877 1716 2926 ill.
1753 2883 1921 2926 nostro
1957 2878 2161 2941 principi
2198 2880 2399 2944 ejusque
2435 2879 2552 2928 cels.
2590 2879 2691 2928 filio
2706 2916 2721 2939 ,
2767 2895 2862 2930 nec
2896 2893 2995 2930 non

285 2951 392 3004 duci
428 2954 814 3018 Luneburgensi
845 2953 1026 3002 rectori
1069 2957 1236 3001 nostro
1279 2964 1449 3014 magn.
1499 2948 1700 3013 singulis
1749 2949 1949 3014 singula
1994 2949 2295 3013 exemplaria
2344 2950 2514 3002 donari
2550 2951 2629 3000 vel
2665 2949 2825 3001 offen-i
2860 2951 2995 3002 velis.

291 3023 406 3076 Ideo
442 3027 546 3076 tria
582 3025 882 3088 exemplaria
915 3021 1227 3072 mediocriter
1262 3019 1522 3084 splendida
1555 3020 1698 3084 ligari
1735 3033 1869 3076 curo,
1907 3020 2079 3084 quibus
2114 3025 2253 3070 tuum
2276 3037 2454 3073 nomen
2479 3036 2632 3074 mauu
2665 3029 2759 3072 tua
2791 3023 2992 3088 inscrip-

283 3101 386 3146 tuui'
421 3111 534 3148 esse
575 3096 915 3146 conveniebat.
990 3093 1175 3144 Verum
1213 3093 1328 3157 quia
1364 3091 1413 3140 id
1447 3092 1630 3140 frustra
1665 3097 1796 3154 opto,
1839 3089 1967 3140 dabo
2004 3106 2231 3156 operam,
2268 3101 2327 3143 ut
2358 3095 2557 3143 nomine
2590 3100 2677 3143 tuo
2713 3095 2989 3145 tradantur.

284 3165 380 3217 Sed
417 3169 597 3234 quibus
636 3167 744 3218 aliis
782 3167 889 3217 dari
924 3165 1074 3226 velis,
1125 3179 1217 3230 ego
1251 3164 1470 3227 profecto
1505 3163 1702 3221 nescio,
1747 3176 1844 3212 nec
1888 3169 2033 3226 puto,
2085 3165 2214 3228 quod
2246 3165 2469 3214 omnibus
2501 3165 2849 3229 professoribus
2888 3165 2994 3216 dari

287 3245 527 3326 oporteat,
567 3239 742 3304 quibus
779 3235 986 3289 autem⁹
1047 3236 1274 3287 Profecto
1301 3249 1396 3299 ego
1419 3235 1624 3284 nomina
1645 3247 1812 3284 eorum
1834 3233 1954 3284 milii
1990 3235 2255 3300 designata
2288 3237 2583 3286 maluissem.
2647 3237 2783 3297 Quos
2807 3239 2992 3287 amicos

286 3315 392 3361 tuos
426 3313 482 3364 iii
515 3310 766 3378 stipendio
797 3309 1112 3360 honorandos
1144 3313 1317 3374 putes,
1354 3307 1526 3357 itidem
1561 3307 1753 3361 nescio,
1797 3320 1893 3356 nec
1931 3305 2123 3364 dubito,
2172 3309 2245 3356 in.
2259 3307 2601 3358 distribuendis
2638 3309 2990 3373 exemplaribus

283 3382 458 3434 multos
495 3397 556 3434 se
591 3396 794 3434 numero
831 3381 878 3432 ei
915 3385 1337 3430 annumeraturos.
1414 3376 1560 3438 Quod
1594 3378 1638 3426 si
1671 3377 1804 3426 brevi
1840 3379 2149 3428 occasionem
2186 3380 2402 3442 responsi
2438 3380 2511 3428 tui
2544 3393 2741 3443 sperare
2776 3396 2985 3444 possem,

287 3467 538 3506 censerem
575 3465 678 3504 rein
715 3467 830 3504 eam
865 3452 1204 3502 dilatationem
1242 3451 1368 3500 ferre
1403 3463 1576 3512 posse;
1624 3447 1713 3497 sed
1747 3445 1972 3511 prolixior
2007 3463 2145 3506 sum,
2195 3463 2343 3514 quam
2381 3451 2573 3500 animus
2609 3456 2719 3500 erat
2754 3458 2807 3501 et
2840 3464 2988 3517 quam

285 3523 408 3576 aliae
444 3527 798 3590 occupationes
834 3529 1122 3587 praesentes
1157 3522 1283 3572 ferre
1309 3525 1540 3585 possunt.
1597 3517 1839 3568 Dominus
1863 3517 2002 3568 Deus
2040 3525 2107 3576 te,
2145 3525 2235 3570 tua
2269 3520 2433 3570 studia
2470 3527 2522 3570 et
2553 3537 2644 3592 nos
2683 3537 2850 3572 omnes
2888 3524 2986 3573 cle-

283 3602 468 3647 menter
494 3601 767 3648 conservet.
823 3593 1090 3644 Plurimum
1125 3593 1336 3644 salutem
1369 3605 1488 3657 rogo
1525 3590 1663 3639 dicas
1699 3603 1810 3639 meo
1846 3591 2045 3640 nomine
2070 3590 2132 3640 cl.
2164 3593 2265 3642 viro
2289 3591 2484 3641 domino
2507 3587 2619 3642 meo
2643 3600 2877 3658 perpetuo
2904 3609 2985 3644 co·

284 3665 560 3720 lendissimo
594 3668 662 3718 D.
699 3667 768 3718 D.
805 3665 952 3716 wilh.
991 3665 1408 3716 Zimmermaiino.
1479 3661 1609 3711 Vale
1645 3661 1870 3712 feliciter.

415 3811 664 3877 Keplerus
699 3808 956 3872 respondit
991 3809 1038 3858 d.
1081 3806 1129 3858 9.
1171 3803 1288 3872 (19)
1327 3805 1506 3868 Aprilis
1548 3799 1714 3852 1597:

453 3901 734 3964 Salutem
779 3899 1112 4002 plurimam.
1191 3895 1370 3968 Quod
1413 3894 1658 3956 tandein
1704 3893 2023 3974 aliquando
2072 3893 2319 3972 elephas
2366 3913 2531 3957 meus
2574 3894 2827 3976 peperit,
2878 3916 2984 3958 nec

288 3987 512 4056 interea
559 3989 846 4072 temporis
893 3990 1020 4051 ulla
1065 3987 1268 4050 libello
1315 4003 1447 4046 meo
1496 3983 1818 4048 difficultas
1868 4003 1905 4043 a
1944 3980 2273 4062 scripturae
2306 4003 2514 4048 sacrae
2555 3983 2981 4060 defensoribuS,

287 4080 433 4157 quod
498 4081 865 4148 metuebam,
924 4077 1167 4158 objecta
1221 4074 1364 4149 fuit,
1430 4071 1701 4153 equidem
1747 4071 1879 4133 Deo
1928 4070 2220 4134 conditori
2276 4072 2490 4135 devote
2555 4073 2786 4154 gratias
2845 4093 2980 4154 ago,

287 4165 458 4232 Fuit
501 4170 576 4244 is,
625 4176 712 4244 ut,
760 4168 914 4248 qnod
962 4185 1074 4246 ego
1102 4165 1338 4246 publice
1369 4180 1606 4242 quaero,
1655 4161 1883 4240 passim
1928 4159 2087 4240 apud
2135 4180 2317 4224 sanos
2366 4171 2429 4224 et
2474 4161 2711 4242 copiose
2761 4181 2979 4242 sequa-

290 4261 378 4318 tur
422 4279 498 4321 ex
537 4256 975 4339 jucundissima
1033 4252 1478 4336 speculatione3
1537 4249 1770 4312 scilicet
1826 4256 1893 4312 ut
1946 4249 2094 4310 fides
2150 4250 2224 4312 de
2280 4269 2475 4316 rerum
2522 4251 2823 4314 creatione
2872 4252 2981 4314 hoc

290 4355 526 4412 externo
571 4345 926 4410 adminiculo
967 4345 1364 4416 confirmetur,
1415 4339 1760 4402 conditricis
1795 4338 2013 4400 mentis
2044 4345 2260 4400 natura
2289 4351 2705 4421 cognoscatur,
2753 4339 2978 4422 major—

292 4451 393 4513 que
427 4437 602 4500 nobis
635 4435 899 4517 quotidie
929 4435 1038 4498 fiat
1072 4431 1432 4496 inexhausta
1466 4428 1626 4492 illius
1673 4428 2005 4508 sapientia.
2056 4435 2236 4509 atque
2286 4431 2435 4492 adeo
2484 4438 2550 4491 ut
2593 4429 2691 4490 vel
2739 4430 2980 4492 tandem

291 4521 452 4589 homo
491 4545 638 4590 suae
675 4525 896 4588 mentis
925 4525 1084 4587 vires
1124 4523 1289 4604 justo
1336 4517 1574 4581 modulo
1619 4517 1904 4579 metiatur
1949 4523 2013 4578 et
2059 4517 2381 4598 intelligat,
2432 4535 2562 4580 cum
2590 4517 2756 4581 Deus
2784 4519 2980 4582 omnia

295 4612 364 4674 ad
407 4615 762 4696 quantitatis
809 4633 1048 4676 normas
1096 4607 1432 4673 condiderit
1479 4607 1536 4668 in
1584 4615 1714 4669 toto
1760 4606 2011 4676 mundo,
2059 4616 2319 4668 mentem
2366 4608 2548 4670 etiam
2591 4607 2813 4670 homini
2859 4608 2974 4671 da-

293 4707 424 4780 tam,
473 4723 623 4785 quae
669 4705 864 4766 talia
910 4699 1392 4784 comprehendat.
1466 4697 1627 4760 Nam
1673 4704 1740 4759 ut
1785 4695 1990 4757 oculus
2027 4695 2107 4755 ad
2144 4696 2393 4766 colores,
2442 4695 2601 4759 auris
2651 4697 2727 4759 ad
2776 4717 2975 4773 conoe,

293 4789 374 4852 ita
413 4813 578 4858 mens
625 4793 884 4858 hominis
929 4813 1046 4855 non
1095 4791 1177 4852 ad
1221 4786 1488 4870 quamde,
1539 4787 1650 4848 sed
1695 4785 1771 4846 ad
1821 4791 2090 4864 quanta
2135 4784 2527 4866 intelligenda
2571 4787 2815 4853 condita
2860 4795 2973 4861 est,

295 4897 518 4966 remque
549 4881 880 4966 quamlibet
915 4890 1088 4946 tanto
1124 4877 1349 4944 rectius
1397 4875 1674 4959 percipit,
1721 4881 1942 4955 quanto
1988 4872 2096 4935 illa
2138 4875 2380 4954 propior
2423 4883 2521 4938 est
2563 4875 2735 4940 nudis
2783 4881 2975 4958 quan-

3556 3675 3575 4148 ...—„...-*.-x———‘--.
3572 3557 3574 3564 .
3558 3424 3575 3448 t

3558 4599 3575 4786 ““ἸΙ-“·’.ιΔ
3562 4487 3574 4580 1-
3572 4459 3574 4470 -
