<?xml version="1.0" encoding="UTF-8"?>
<!DOCTYPE html PUBLIC "-//W3C//DTD XHTML 1.0 Transitional//EN"
    "http://www.w3.org/TR/xhtml1/DTD/xhtml1-transitional.dtd">
<html xmlns="http://www.w3.org/1999/xhtml" xml:lang="en" lang="en">
 <head>
  <title>
</title>
<meta http-equiv="Content-Type" content="text/html;charset=utf-8" />
  <meta name='ocr-system' content='tesseract 3.04.00' />
  <meta name='ocr-capabilities' content='ocr_page ocr_carea ocr_par ocr_line ocrx_word'/>
</head>
<body>
  <div class='ocr_page' id='page_1' title='image "./joanniskepleria30frisgoog_0245.png"; bbox 0 0 3634 5575; ppageno 0'>
   <div class='ocr_carea' id='block_1_1' title="bbox 576 358 2099 441">
    <p class='ocr_par' dir='ltr' id='par_1_1' title="bbox 576 358 2099 441">
     <span class='ocr_line' id='line_1_1' title="bbox 576 358 2099 441; baseline -0.014 -11"><span class='ocrx_word' id='word_1_1' title='bbox 576 361 710 441; x_wconf 70' lang='lat'><strong>226</strong></span> <span class='ocrx_word' id='word_1_2' title='bbox 1775 358 2099 416; x_wconf 70' lang='lat' dir='ltr'><strong>Prooemium.</strong></span> 
     </span>
    </p>
   </div>
   <div class='ocr_carea' id='block_1_2' title="bbox 573 511 3307 1156">
    <p class='ocr_par' dir='ltr' id='par_1_2' title="bbox 573 511 3307 1156">
     <span class='ocr_line' id='line_1_2' title="bbox 573 511 3295 593; baseline -0.007 -10"><span class='ocrx_word' id='word_1_3' title='bbox 573 524 759 593; x_wconf 61' lang='lat' dir='ltr'><strong>cani-5⁸,</strong></span> <span class='ocrx_word' id='word_1_4' title='bbox 793 519 879 591; x_wconf 79' lang='lat' dir='ltr'><strong>qui</strong></span> <span class='ocrx_word' id='word_1_5' title='bbox 913 520 1036 573; x_wconf 86' lang='lat' dir='ltr'><strong>mihi</strong></span> <span class='ocrx_word' id='word_1_6' title='bbox 1071 525 1182 577; x_wconf 79' lang='lat' dir='ltr'><strong>erat</strong></span> <span class='ocrx_word' id='word_1_7' title='bbox 1224 519 1540 577; x_wconf 80' lang='lat' dir='ltr'><strong>domesticus,</strong></span> <span class='ocrx_word' id='word_1_8' title='bbox 1579 532 1692 579; x_wconf 80' lang='lat' dir='ltr'><strong>cum</strong></span> <span class='ocrx_word' id='word_1_9' title='bbox 1727 518 1851 571; x_wconf 84' lang='lat' dir='ltr'><strong>liber</strong></span> <span class='ocrx_word' id='word_1_10' title='bbox 1886 520 2074 569; x_wconf 67' lang='lat' dir='ltr'><strong>noster·</strong></span> <span class='ocrx_word' id='word_1_11' title='bbox 2092 516 2173 585; x_wconf 51' lang='lat' dir='ltr'><strong>de„</strong></span> <span class='ocrx_word' id='word_1_12' title='bbox 2192 515 2405 569; x_wconf 79' lang='lat' dir='ltr'><strong>Cometa</strong></span> <span class='ocrx_word' id='word_1_13' title='bbox 2440 516 2559 573; x_wconf 77' lang='lat' dir='ltr'><strong>anni</strong></span> <span class='ocrx_word' id='word_1_14' title='bbox 2596 512 2681 565; x_wconf 82' lang='grc'><strong>77.</strong></span> <span class='ocrx_word' id='word_1_15' title='bbox 2710 512 3009 578; x_wconf 67' lang='lat' dir='ltr'><strong>Uranfflurgi</strong></span> <span class='ocrx_word' id='word_1_16' title='bbox 3044 511 3295 577; x_wconf 67' lang='lat' dir='ltr'><strong>imprima-</strong></span> 
     </span>
     <span class='ocr_line' id='line_1_3' title="bbox 576 582 3305 659; baseline -0.005 -13"><span class='ocrx_word' id='word_1_17' title='bbox 576 602 712 654; x_wconf 79' lang='lat' dir='ltr'><strong>retur</strong></span> <span class='ocrx_word' id='word_1_18' title='bbox 728 630 743 653; x_wconf 88' lang='lat'><strong>,</strong></span> <span class='ocrx_word' id='word_1_19' title='bbox 799 600 852 651; x_wconf 83' lang='lat' dir='ltr'><strong>et</strong></span> <span class='ocrx_word' id='word_1_20' title='bbox 887 592 1034 659; x_wconf 83' lang='lat' dir='ltr'><strong>paulo</strong></span> <span class='ocrx_word' id='word_1_21' title='bbox 1070 598 1184 655; x_wconf 89' lang='lat' dir='ltr'><strong>post</strong></span> <span class='ocrx_word' id='word_1_22' title='bbox 1219 605 1370 656; x_wconf 86' lang='lat' dir='ltr'><strong>quam</strong></span> <span class='ocrx_word' id='word_1_23' title='bbox 1405 589 1602 641; x_wconf 86' lang='lat' dir='ltr'><strong>Ursus</strong></span> <span class='ocrx_word' id='word_1_24' title='bbox 1637 592 1732 641; x_wconf 83' lang='lat' dir='ltr'><strong>iste</strong></span> <span class='ocrx_word' id='word_1_25' title='bbox 1771 590 1903 653; x_wconf 88' lang='lat' dir='ltr'><strong>apud</strong></span> <span class='ocrx_word' id='word_1_26' title='bbox 1938 604 2020 642; x_wconf 90' lang='lat' dir='ltr'><strong>me</strong></span> <span class='ocrx_word' id='word_1_27' title='bbox 2055 589 2221 644; x_wconf 80' lang='lat' dir='ltr'><strong>fuerat</strong></span> <span class='ocrx_word' id='word_1_28' title='bbox 2257 588 2495 644; x_wconf 85' lang='lat' dir='ltr'><strong>accessit,</strong></span> <span class='ocrx_word' id='word_1_29' title='bbox 2532 586 2740 651; x_wconf 88' lang='lat' dir='ltr'><strong>ideoque</strong></span> <span class='ocrx_word' id='word_1_30' title='bbox 2776 599 2925 650; x_wconf 75' lang='lat' dir='ltr'><strong>quam</strong></span> <span class='ocrx_word' id='word_1_31' title='bbox 2958 582 3305 639; x_wconf 76' lang='lat' dir='ltr'><strong>fraudulenter</strong></span> 
     </span>
     <span class='ocr_line' id='line_1_4' title="bbox 577 652 3301 733; baseline -0.003 -16"><span class='ocrx_word' id='word_1_32' title='bbox 577 671 752 733; x_wconf 82' lang='lat' dir='ltr'><strong>egerat</strong></span> <span class='ocrx_word' id='word_1_33' title='bbox 765 702 782 725; x_wconf 90' lang='lat'><strong>,</strong></span> <span class='ocrx_word' id='word_1_34' title='bbox 835 678 894 713; x_wconf 86' lang='lat' dir='ltr'><strong>ex</strong></span> <span class='ocrx_word' id='word_1_35' title='bbox 945 664 1122 713; x_wconf 87' lang='lat' dir='ltr'><strong>ceteris</strong></span> <span class='ocrx_word' id='word_1_36' title='bbox 1158 664 1282 713; x_wconf 88' lang='lat' dir='ltr'><strong>meis</strong></span> <span class='ocrx_word' id='word_1_37' title='bbox 1333 661 1565 711; x_wconf 78' lang='lat' dir='ltr'><strong>studiosis</strong></span> <span class='ocrx_word' id='word_1_38' title='bbox 1603 662 1855 727; x_wconf 85' lang='lat' dir='ltr'><strong>cognitum</strong></span> <span class='ocrx_word' id='word_1_39' title='bbox 1891 660 2083 710; x_wconf 88' lang='lat' dir='ltr'><strong>habuit.</strong></span> <span class='ocrx_word' id='word_1_40' title='bbox 2160 658 2342 712; x_wconf 80' lang='lat' dir='ltr'>Addidi</span> <span class='ocrx_word' id='word_1_41' title='bbox 2381 660 2533 717; x_wconf 78' lang='lat' dir='ltr'><strong>etiam</strong></span> <span class='ocrx_word' id='word_1_42' title='bbox 2569 658 2909 707; x_wconf 84' lang='lat' dir='ltr'><strong>testimonium</strong></span> <span class='ocrx_word' id='word_1_43' title='bbox 2942 656 3135 705; x_wconf 82' lang='lat' dir='ltr'><strong>scribae</strong></span> <span class='ocrx_word' id='word_1_44' title='bbox 3170 652 3301 709; x_wconf 73' lang='lat' dir='ltr'><strong>Nol».</strong></span> 
     </span>
     <span class='ocr_line' id='line_1_5' title="bbox 575 724 3305 799; baseline -0.004 -12"><span class='ocrx_word' id='word_1_45' title='bbox 575 734 686 793; x_wconf 79' lang='lat' dir='ltr'><strong>Viri</strong></span> <span class='ocrx_word' id='word_1_46' title='bbox 721 736 855 787; x_wconf 86' lang='lat' dir='ltr'><strong>Erici</strong></span> <span class='ocrx_word' id='word_1_47' title='bbox 889 732 1154 799; x_wconf 83' lang='lat' dir='ltr'><strong>Langii‚</strong></span> <span class='ocrx_word' id='word_1_48' title='bbox 1194 735 1273 788; x_wconf 86' lang='lat' dir='ltr'><strong>cui</strong></span> <span class='ocrx_word' id='word_1_49' title='bbox 1311 730 1464 781; x_wconf 88' lang='lat' dir='ltr'><strong>Ursus</strong></span> <span class='ocrx_word' id='word_1_50' title='bbox 1501 738 1620 781; x_wconf 85' lang='lat' dir='ltr'><strong>tunc</strong></span> <span class='ocrx_word' id='word_1_51' title='bbox 1655 733 1904 789; x_wconf 81' lang='lat' dir='ltr'><strong>inserviit,</strong></span> <span class='ocrx_word' id='word_1_52' title='bbox 1944 732 2025 795; x_wconf 86' lang='lat' dir='ltr'><strong>qni</strong></span> <span class='ocrx_word' id='word_1_53' title='bbox 2064 731 2217 781; x_wconf 84' lang='lat' dir='ltr'><strong>etiam</strong></span> <span class='ocrx_word' id='word_1_54' title='bbox 2252 735 2449 793; x_wconf 76' lang='lat' dir='ltr'><strong>praesto</strong></span> <span class='ocrx_word' id='word_1_55' title='bbox 2488 736 2627 786; x_wconf 87' lang='lat' dir='ltr'><strong>erat,</strong></span> <span class='ocrx_word' id='word_1_56' title='bbox 2670 743 2785 779; x_wconf 84' lang='lat' dir='ltr'><strong>cum</strong></span> <span class='ocrx_word' id='word_1_57' title='bbox 2818 729 2915 778; x_wconf 87' lang='lat' dir='ltr'><strong>iste</strong></span> <span class='ocrx_word' id='word_1_58' title='bbox 2948 740 3093 775; x_wconf 87' lang='lat' dir='ltr'><strong>sunm</strong></span> <span class='ocrx_word' id='word_1_59' title='bbox 3127 724 3305 777; x_wconf 84' lang='lat' dir='ltr'><strong>herum</strong></span> 
     </span>
     <span class='ocr_line' id='line_1_6' title="bbox 577 798 3306 869; baseline -0.004 -12"><span class='ocrx_word' id='word_1_60' title='bbox 577 808 842 857; x_wconf 75' lang='lat' dir='ltr'><strong>comitatus</strong></span> <span class='ocrx_word' id='word_1_61' title='bbox 879 820 1075 858; x_wconf 87' lang='lat' dir='ltr'><strong>mecum</strong></span> <span class='ocrx_word' id='word_1_62' title='bbox 1111 804 1221 855; x_wconf 77' lang='lat' dir='ltr'><strong>fuit.</strong></span> <span class='ocrx_word' id='word_1_63' title='bbox 1279 801 1444 863; x_wconf 77' lang='lat' dir='ltr'><strong>Quam</strong></span> <span class='ocrx_word' id='word_1_64' title='bbox 1481 802 1884 853; x_wconf 84' lang='lat' dir='ltr'><strong>testificationem</strong></span> <span class='ocrx_word' id='word_1_65' title='bbox 1920 804 2131 865; x_wconf 76' lang='lat' dir='ltr'><strong>ipsemet</strong></span> <span class='ocrx_word' id='word_1_66' title='bbox 2155 801 2327 851; x_wconf 83' lang='lat' dir='ltr'><strong>Ericus</strong></span> <span class='ocrx_word' id='word_1_67' title='bbox 2364 808 2542 869; x_wconf 79' lang='lat' dir='ltr'><strong>postea</strong></span> <span class='ocrx_word' id='word_1_68' title='bbox 2563 799 2893 865; x_wconf 80' lang='lat' dir='ltr'><strong>Magdeburgi</strong></span> <span class='ocrx_word' id='word_1_69' title='bbox 2928 798 2979 846; x_wconf 91' lang='lat' dir='ltr'><strong>in</strong></span> <span class='ocrx_word' id='word_1_70' title='bbox 3016 798 3306 861; x_wconf 82' lang='lat' dir='ltr'><strong>praeseutia</strong></span> 
     </span>
     <span class='ocr_line' id='line_1_7' title="bbox 575 868 3305 945; baseline -0.005 -16"><span class='ocrx_word' id='word_1_71' title='bbox 575 879 758 945; x_wconf 75' lang='lat' dir='ltr'><strong>publici</strong></span> <span class='ocrx_word' id='word_1_72' title='bbox 792 877 973 927; x_wconf 84' lang='lat' dir='ltr'><strong>notarii</strong></span> <span class='ocrx_word' id='word_1_73' title='bbox 1011 874 1334 931; x_wconf 78' lang='lat' dir='ltr'><strong>confirmavit.</strong></span> <span class='ocrx_word' id='word_1_74' title='bbox 1373 881 1426 925; x_wconf 90' lang='lat' dir='ltr'><strong>et</strong></span> <span class='ocrx_word' id='word_1_75' title='bbox 1461 887 1786 937; x_wconf 85' lang='lat' dir='ltr'><strong>quaecunque</strong></span> <span class='ocrx_word' id='word_1_76' title='bbox 1824 874 1951 923; x_wconf 71' lang='lat' dir='ltr'><strong>alias</strong></span> <span class='ocrx_word' id='word_1_77' title='bbox 1987 872 2141 933; x_wconf 74' lang='lat' dir='ltr'><strong>Ursus</strong></span> <span class='ocrx_word' id='word_1_78' title='bbox 2179 873 2229 923; x_wconf 89' lang='lat' dir='ltr'><strong>in</strong></span> <span class='ocrx_word' id='word_1_79' title='bbox 2266 870 2453 921; x_wconf 75' lang='lat' dir='ltr'><strong>famoso</strong></span> <span class='ocrx_word' id='word_1_80' title='bbox 2488 873 2584 921; x_wconf 78' lang='lat' dir='ltr'><strong>istc</strong></span> <span class='ocrx_word' id='word_1_81' title='bbox 2620 871 2803 934; x_wconf 86' lang='lat' dir='ltr'><strong>scripto</strong></span> <span class='ocrx_word' id='word_1_82' title='bbox 2836 868 3019 925; x_wconf 83' lang='lat' dir='ltr'><strong>babet,</strong></span> <span class='ocrx_word' id='word_1_83' title='bbox 3057 875 3305 933; x_wconf 85' lang='lat' dir='ltr'><strong>quatenus</strong></span> 
     </span>
     <span class='ocr_line' id='line_1_8' title="bbox 577 939 3303 1013; baseline -0.003 -13"><span class='ocrx_word' id='word_1_84' title='bbox 577 950 670 1001; x_wconf 83' lang='lat' dir='ltr'><strong>sibi</strong></span> <span class='ocrx_word' id='word_1_85' title='bbox 707 962 772 999; x_wconf 88' lang='lat' dir='ltr'><strong>ea</strong></span> <span class='ocrx_word' id='word_1_86' title='bbox 808 948 868 997; x_wconf 91' lang='lat' dir='ltr'><strong>de</strong></span> <span class='ocrx_word' id='word_1_87' title='bbox 905 962 960 997; x_wconf 90' lang='lat' dir='ltr'><strong>re</strong></span> <span class='ocrx_word' id='word_1_88' title='bbox 995 945 1244 1013; x_wconf 75' lang='lat' dir='ltr'><strong>quippiam</strong></span> <span class='ocrx_word' id='word_1_89' title='bbox 1284 945 1562 1003; x_wconf 83' lang='lat' dir='ltr'><strong>constabat,</strong></span> <span class='ocrx_word' id='word_1_90' title='bbox 1603 944 1871 996; x_wconf 78' lang='lat' dir='ltr'><strong>falsissima</strong></span> <span class='ocrx_word' id='word_1_91' title='bbox 1908 959 2017 995; x_wconf 83' lang='lat' dir='ltr'><strong>esse</strong></span> <span class='ocrx_word' id='word_1_92' title='bbox 2054 950 2268 998; x_wconf 78' lang='lat' dir='ltr'><strong>testatus</strong></span> <span class='ocrx_word' id='word_1_93' title='bbox 2306 950 2399 999; x_wconf 87' lang='lat' dir='ltr'><strong>est,</strong></span> <span class='ocrx_word' id='word_1_94' title='bbox 2440 949 2604 993; x_wconf 84' lang='lat' dir='ltr'><strong>erecto</strong></span> <span class='ocrx_word' id='word_1_95' title='bbox 2642 942 2705 993; x_wconf 90' lang='lat' dir='ltr'><strong>de</strong></span> <span class='ocrx_word' id='word_1_96' title='bbox 2749 939 2813 988; x_wconf 81' lang='lat'><strong>¹2</strong></span> <span class='ocrx_word' id='word_1_97' title='bbox 2838 940 3137 1002; x_wconf 72' lang='lat' dir='ltr'><strong>ejmcemodi</strong></span> <span class='ocrx_word' id='word_1_98' title='bbox 3174 954 3303 1004; x_wconf 82' lang='lat' dir='ltr'><strong>pun·</strong></span> 
     </span>
     <span class='ocr_line' id='line_1_9' title="bbox 579 1012 3307 1083; baseline -0.004 -12"><span class='ocrx_word' id='word_1_99' title='bbox 579 1022 691 1075; x_wconf 83' lang='lat' dir='ltr'><strong>ctis,</strong></span> <span class='ocrx_word' id='word_1_100' title='bbox 726 1032 854 1083; x_wconf 88' lang='lat' dir='ltr'><strong>quae</strong></span> <span class='ocrx_word' id='word_1_101' title='bbox 891 1018 962 1067; x_wconf 86' lang='lat' dir='ltr'><strong>illi</strong></span> <span class='ocrx_word' id='word_1_102' title='bbox 995 1017 1410 1081; x_wconf 82' lang='lat' dir='ltr'><strong>proponebantur,</strong></span> <span class='ocrx_word' id='word_1_103' title='bbox 1451 1030 1478 1063; x_wconf 90' lang='lat' dir='ltr'><strong>e</strong></span> <span class='ocrx_word' id='word_1_104' title='bbox 1517 1016 1638 1064; x_wconf 89' lang='lat' dir='ltr'><strong>libro</strong></span> <span class='ocrx_word' id='word_1_105' title='bbox 1673 1016 1756 1067; x_wconf 89' lang='lat' dir='ltr'><strong>illo</strong></span> <span class='ocrx_word' id='word_1_106' title='bbox 1794 1015 1987 1070; x_wconf 77' lang='lat' dir='ltr'><strong>famoso</strong></span> <span class='ocrx_word' id='word_1_107' title='bbox 2026 1016 2267 1077; x_wconf 75' lang='lat' dir='ltr'><strong>excerptis</strong></span> <span class='ocrx_word' id='word_1_108' title='bbox 2286 1050 2299 1073; x_wconf 86' lang='lat'><strong>‚</strong></span> <span class='ocrx_word' id='word_1_109' title='bbox 2337 1014 2531 1077; x_wconf 87' lang='lat' dir='ltr'><strong>publico</strong></span> <span class='ocrx_word' id='word_1_110' title='bbox 2548 1048 2565 1071; x_wconf 85' lang='lat'><strong>,</strong></span> <span class='ocrx_word' id='word_1_111' title='bbox 2602 1014 2673 1063; x_wconf 89' lang='lat' dir='ltr'><strong>uti</strong></span> <span class='ocrx_word' id='word_1_112' title='bbox 2710 1018 2921 1069; x_wconf 80' lang='lat' dir='ltr'><strong>vocant,</strong></span> <span class='ocrx_word' id='word_1_113' title='bbox 2958 1012 3307 1068; x_wconf 81' lang='lat' dir='ltr'><strong>instrumento,</strong></span> 
     </span>
     <span class='ocr_line' id='line_1_10' title="bbox 577 1082 3124 1156; baseline -0.004 -15"><span class='ocrx_word' id='word_1_114' title='bbox 577 1092 707 1156; x_wconf 88' lang='lat' dir='ltr'><strong>quod</strong></span> <span class='ocrx_word' id='word_1_115' title='bbox 744 1090 868 1143; x_wconf 72' lang='lat' dir='ltr'><strong>alits</strong></span> <span class='ocrx_word' id='word_1_116' title='bbox 901 1084 1119 1144; x_wconf 74' lang='lat' dir='ltr'><strong>videbis3</strong></span> <span class='ocrx_word' id='word_1_117' title='bbox 1156 1087 1273 1137; x_wconf 86' lang='lat' dir='ltr'><strong>hinc</strong></span> <span class='ocrx_word' id='word_1_118' title='bbox 1308 1092 1480 1137; x_wconf 88' lang='lat' dir='ltr'><strong>cetera</strong></span> <span class='ocrx_word' id='word_1_119' title='bbox 1515 1087 1818 1137; x_wconf 72' lang='lat' dir='ltr'><strong>aestimabis.</strong></span> <span class='ocrx_word' id='word_1_120' title='bbox 2798 1083 2858 1131; x_wconf 90' lang='grc' dir='ltr'><strong>Τ.</strong></span> <span class='ocrx_word' id='word_1_121' title='bbox 2894 1082 3124 1134; x_wconf 86' lang='lat' dir='ltr'><strong>Brabe.</strong></span> 
     </span>
    </p>
   </div>
   <div class='ocr_carea' id='block_1_3' title="bbox 581 1243 3307 1383">
    <p class='ocr_par' dir='ltr' id='par_1_3' title="bbox 581 1243 3307 1383">
     <span class='ocr_line' id='line_1_11' title="bbox 718 1243 3307 1313; baseline -0.003 -14"><span class='ocrx_word' id='word_1_122' title='bbox 718 1249 829 1307; x_wconf 81' lang='lat' dir='ltr'><strong>His,</strong></span> <span class='ocrx_word' id='word_1_123' title='bbox 865 1260 996 1313; x_wconf 88' lang='lat' dir='ltr'><strong>quae</strong></span> <span class='ocrx_word' id='word_1_124' title='bbox 1031 1246 1184 1297; x_wconf 75' lang='lat' dir='ltr'><strong>refert</strong></span> <span class='ocrx_word' id='word_1_125' title='bbox 1219 1244 1388 1307; x_wconf 80' lang='lat' dir='ltr'><strong>Tyeho</strong></span> <span class='ocrx_word' id='word_1_126' title='bbox 1425 1244 1488 1293; x_wconf 90' lang='lat' dir='ltr'><strong>de</strong></span> <span class='ocrx_word' id='word_1_127' title='bbox 1529 1244 1654 1295; x_wconf 88' lang='lat' dir='ltr'><strong>Urso</strong></span> <span class='ocrx_word' id='word_1_128' title='bbox 1691 1244 1916 1309; x_wconf 88' lang='lat' dir='ltr'><strong>aliisque,</strong></span> <span class='ocrx_word' id='word_1_129' title='bbox 1956 1245 2041 1309; x_wconf 90' lang='lat' dir='ltr'><strong>qui</strong></span> <span class='ocrx_word' id='word_1_130' title='bbox 2074 1246 2227 1307; x_wconf 85' lang='lat' dir='ltr'><strong>ipsius</strong></span> <span class='ocrx_word' id='word_1_131' title='bbox 2262 1243 2561 1308; x_wconf 81' lang='lat' dir='ltr'><strong>hypotheses</strong></span> <span class='ocrx_word' id='word_1_132' title='bbox 2598 1244 2691 1293; x_wconf 91' lang='lat' dir='ltr'><strong>sibi</strong></span> <span class='ocrx_word' id='word_1_133' title='bbox 2726 1244 3034 1307; x_wconf 72' lang='lat' dir='ltr'><strong>arrogat-int,</strong></span> <span class='ocrx_word' id='word_1_134' title='bbox 3074 1254 3170 1291; x_wconf 89' lang='lat' dir='ltr'><strong>nec</strong></span> <span class='ocrx_word' id='word_1_135' title='bbox 3206 1254 3307 1290; x_wconf 88' lang='lat' dir='ltr'><strong>non</strong></span> 
     </span>
     <span class='ocr_line' id='line_1_12' title="bbox 581 1315 2737 1383; baseline -0.004 -12"><span class='ocrx_word' id='word_1_136' title='bbox 581 1322 644 1371; x_wconf 85' lang='lat' dir='ltr'><strong>de</strong></span> <span class='ocrx_word' id='word_1_137' title='bbox 679 1320 774 1370; x_wconf 89' lang='lat' dir='ltr'><strong>illis</strong></span> <span class='ocrx_word' id='word_1_138' title='bbox 789 1354 806 1378; x_wconf 87' lang='lat'><strong>,</strong></span> <span class='ocrx_word' id='word_1_139' title='bbox 843 1320 928 1383; x_wconf 89' lang='lat' dir='ltr'><strong>qui</strong></span> <span class='ocrx_word' id='word_1_140' title='bbox 963 1319 1122 1381; x_wconf 88' lang='lat' dir='ltr'><strong>ipsum</strong></span> <span class='ocrx_word' id='word_1_141' title='bbox 1159 1323 1334 1366; x_wconf 88' lang='lat' dir='ltr'><strong>contra</strong></span> <span class='ocrx_word' id='word_1_142' title='bbox 1370 1316 1760 1367; x_wconf 83' lang='lat' dir='ltr'><strong>calumniatores</strong></span> <span class='ocrx_word' id='word_1_143' title='bbox 1800 1316 2138 1373; x_wconf 78' lang='lat' dir='ltr'><strong>defenderint,</strong></span> <span class='ocrx_word' id='word_1_144' title='bbox 2174 1315 2303 1366; x_wconf 89' lang='lat' dir='ltr'><strong>haec</strong></span> <span class='ocrx_word' id='word_1_145' title='bbox 2340 1315 2573 1366; x_wconf 86' lang='lat' dir='ltr'><strong>addenda</strong></span> <span class='ocrx_word' id='word_1_146' title='bbox 2606 1321 2737 1363; x_wconf 88' lang='lat' dir='ltr'><strong>sunt.</strong></span> 
     </span>
    </p>
   </div>
   <div class='ocr_carea' id='block_1_4' title="bbox 579 1452 3381 4937">
    <p class='ocr_par' dir='ltr' id='par_1_4' title="bbox 579 1452 3313 2019">
     <span class='ocr_line' id='line_1_13' title="bbox 719 1452 3311 1521; baseline -0.003 -10"><span class='ocrx_word' id='word_1_147' title='bbox 719 1462 752 1511; x_wconf 85' lang='lat' dir='ltr'>J</span> <span class='ocrx_word' id='word_1_148' title='bbox 765 1461 1000 1512; x_wconf 81' lang='lat' dir='ltr'><strong>acubus</strong></span> <span class='ocrx_word' id='word_1_149' title='bbox 1039 1458 1296 1509; x_wconf 88' lang='lat' dir='ltr'><strong>Curtius</strong></span> <span class='ocrx_word' id='word_1_150' title='bbox 1335 1471 1368 1507; x_wconf 89' lang='lat' dir='ltr'><strong>a</strong></span> <span class='ocrx_word' id='word_1_151' title='bbox 1393 1456 1740 1514; x_wconf 77' lang='lat' dir='ltr'><strong>Senfltenaun,</strong></span> <span class='ocrx_word' id='word_1_152' title='bbox 1777 1458 1969 1521; x_wconf 86' lang='lat' dir='ltr'><strong>imperii</strong></span> <span class='ocrx_word' id='word_1_153' title='bbox 1990 1458 2407 1521; x_wconf 86' lang='lat' dir='ltr'><strong>procancellarius</strong></span> <span class='ocrx_word' id='word_1_154' title='bbox 2444 1453 2503 1518; x_wconf 87' lang='lat'><strong>(†</strong></span> <span class='ocrx_word' id='word_1_155' title='bbox 2528 1452 2709 1515; x_wconf 75' lang='lat'><strong>1594),</strong></span> <span class='ocrx_word' id='word_1_156' title='bbox 2748 1456 3079 1505; x_wconf 74' lang='lat' dir='ltr'><strong>asti-ommiae</strong></span> <span class='ocrx_word' id='word_1_157' title='bbox 3106 1457 3311 1518; x_wconf 75' lang='lat' dir='ltr'><strong>ejusque</strong></span> 
     </span>
     <span class='ocr_line' id='line_1_14' title="bbox 579 1524 3306 1597; baseline -0.004 -13"><span class='ocrx_word' id='word_1_158' title='bbox 579 1534 898 1597; x_wconf 68' lang='lat' dir='ltr'><strong>antesignani</strong></span> <span class='ocrx_word' id='word_1_159' title='bbox 919 1530 1170 1593; x_wconf 84' lang='lat' dir='ltr'><strong>Tychonis</strong></span> <span class='ocrx_word' id='word_1_160' title='bbox 1205 1529 1364 1578; x_wconf 90' lang='lat' dir='ltr'><strong>cultor</strong></span> <span class='ocrx_word' id='word_1_161' title='bbox 1383 1542 1445 1577; x_wconf 88' lang='lat' dir='ltr'><strong>ac</strong></span> <span class='ocrx_word' id='word_1_162' title='bbox 1463 1528 1728 1585; x_wconf 88' lang='lat' dir='ltr'><strong>studiosus,</strong></span> <span class='ocrx_word' id='word_1_163' title='bbox 1774 1529 2049 1579; x_wconf 78' lang='lat' dir='ltr'><strong>transmisit</strong></span> <span class='ocrx_word' id='word_1_164' title='bbox 2072 1528 2293 1591; x_wconf 81' lang='lat' dir='ltr'><strong>Tychsni</strong></span> <span class='ocrx_word' id='word_1_165' title='bbox 2320 1528 2549 1577; x_wconf 88' lang='lat' dir='ltr'><strong>Caesaris</strong></span> <span class='ocrx_word' id='word_1_166' title='bbox 2573 1526 2823 1591; x_wconf 85' lang='lat' dir='ltr'><strong>Rudolphi</strong></span> <span class='ocrx_word' id='word_1_167' title='bbox 2846 1526 2897 1575; x_wconf 90' lang='lat'><strong>11</strong></span> <span class='ocrx_word' id='word_1_168' title='bbox 2938 1524 3306 1590; x_wconf 81' lang='lat' dir='ltr'><strong>„privilegium“</strong></span> 
     </span>
     <span class='ocr_line' id='line_1_15' title="bbox 583 1596 3309 1669; baseline -0.004 -16"><span class='ocrx_word' id='word_1_169' title='bbox 583 1604 714 1669; x_wconf 89' lang='lat' dir='ltr'><strong>quod</strong></span> <span class='ocrx_word' id='word_1_170' title='bbox 731 1604 1056 1667; x_wconf 87' lang='lat' dir='ltr'><strong>praemissum</strong></span> <span class='ocrx_word' id='word_1_171' title='bbox 1093 1606 1170 1649; x_wconf 87' lang='lat' dir='ltr'><strong>est</strong></span> <span class='ocrx_word' id='word_1_172' title='bbox 1195 1600 1328 1661; x_wconf 86' lang='lat' dir='ltr'><strong>operi</strong></span> <span class='ocrx_word' id='word_1_173' title='bbox 1347 1600 1606 1662; x_wconf 85' lang='lat' dir='ltr'><strong>inscripto:</strong></span> <span class='ocrx_word' id='word_1_174' title='bbox 1653 1601 1997 1649; x_wconf 81' lang='lat' dir='ltr'><strong>Astronomiae</strong></span> <span class='ocrx_word' id='word_1_175' title='bbox 2024 1602 2336 1649; x_wconf 70' lang='lat' dir='ltr'><strong>instauratae</strong></span> <span class='ocrx_word' id='word_1_176' title='bbox 2362 1598 2807 1663; x_wconf 83' lang='lat' dir='ltr'><strong>Progymnasmata</strong></span> <span class='ocrx_word' id='word_1_177' title='bbox 2821 1633 2836 1654; x_wconf 87' lang='lat'>‚</span> <span class='ocrx_word' id='word_1_178' title='bbox 2876 1598 3046 1647; x_wconf 86' lang='lat' dir='ltr'><strong>datum</strong></span> <span class='ocrx_word' id='word_1_179' title='bbox 3088 1596 3171 1645; x_wconf 83' lang='lat'><strong>1³.</strong></span> <span class='ocrx_word' id='word_1_180' title='bbox 3190 1596 3309 1646; x_wconf 81' lang='lat' dir='ltr'><strong>Jun.</strong></span> 
     </span>
     <span class='ocr_line' id='line_1_16' title="bbox 587 1666 3313 1734; baseline -0.002 -11"><span class='ocrx_word' id='word_1_181' title='bbox 587 1672 754 1730; x_wconf 75' lang='lat'><strong>1590.</strong></span> <span class='ocrx_word' id='word_1_182' title='bbox 805 1672 980 1723; x_wconf 83' lang='lat' dir='ltr'><strong>addita</strong></span> <span class='ocrx_word' id='word_1_183' title='bbox 1013 1671 1130 1729; x_wconf 87' lang='lat' dir='ltr'><strong>illa,</strong></span> <span class='ocrx_word' id='word_1_184' title='bbox 1179 1684 1326 1733; x_wconf 90' lang='lat' dir='ltr'><strong>quam</strong></span> <span class='ocrx_word' id='word_1_185' title='bbox 1375 1670 1496 1719; x_wconf 89' lang='lat' dir='ltr'><strong>dicit</strong></span> <span class='ocrx_word' id='word_1_186' title='bbox 1539 1684 1692 1733; x_wconf 87' lang='lat' dir='ltr'><strong>supra</strong></span> <span class='ocrx_word' id='word_1_187' title='bbox 1726 1670 1923 1733; x_wconf 77' lang='lat' dir='ltr'><strong>Tycho‚</strong></span> <span class='ocrx_word' id='word_1_188' title='bbox 1972 1670 2182 1734; x_wconf 85' lang='lat' dir='ltr'><strong>epistola</strong></span> <span class='ocrx_word' id='word_1_189' title='bbox 2237 1669 2307 1731; x_wconf 89' lang='lat' dir='ltr'><strong>(d.</strong></span> <span class='ocrx_word' id='word_1_190' title='bbox 2368 1667 2453 1717; x_wconf 75' lang='lat'><strong>28.</strong></span> <span class='ocrx_word' id='word_1_191' title='bbox 2488 1670 2605 1719; x_wconf 85' lang='lat' dir='ltr'><strong>Jun.</strong></span> <span class='ocrx_word' id='word_1_192' title='bbox 2648 1666 2841 1731; x_wconf 76' lang='lat'><strong>1590),</strong></span> <span class='ocrx_word' id='word_1_193' title='bbox 2892 1670 2945 1717; x_wconf 91' lang='lat' dir='ltr'><strong>in</strong></span> <span class='ocrx_word' id='word_1_194' title='bbox 2990 1682 3091 1733; x_wconf 89' lang='lat' dir='ltr'><strong>qua</strong></span> <span class='ocrx_word' id='word_1_195' title='bbox 3141 1668 3313 1723; x_wconf 76' lang='lat' dir='ltr'><strong>refert,</strong></span> 
     </span>
     <span class='ocr_line' id='line_1_17' title="bbox 585 1738 3311 1804; baseline -0.003 -7"><span class='ocrx_word' id='word_1_196' title='bbox 585 1753 810 1797; x_wconf 83' lang='lat' dir='ltr'><strong>autorem</strong></span> <span class='ocrx_word' id='word_1_197' title='bbox 861 1757 918 1793; x_wconf 88' lang='lat' dir='ltr'><strong>se</strong></span> <span class='ocrx_word' id='word_1_198' title='bbox 953 1744 1104 1791; x_wconf 71' lang='lat' dir='ltr'><strong>finisse</strong></span> <span class='ocrx_word' id='word_1_199' title='bbox 1141 1740 1348 1791; x_wconf 77' lang='lat' dir='ltr'><strong>Caesari</strong></span> <span class='ocrx_word' id='word_1_200' title='bbox 1386 1739 1540 1798; x_wconf 82' lang='lat' dir='ltr'><strong>„illud</strong></span> <span class='ocrx_word' id='word_1_201' title='bbox 1571 1742 1648 1789; x_wconf 88' lang='lat' dir='ltr'><strong>ita</strong></span> <span class='ocrx_word' id='word_1_202' title='bbox 1681 1743 1925 1790; x_wconf 86' lang='lat' dir='ltr'><strong>scribendi</strong></span> <span class='ocrx_word' id='word_1_203' title='bbox 1984 1749 2037 1791; x_wconf 91' lang='lat' dir='ltr'><strong>et</strong></span> <span class='ocrx_word' id='word_1_204' title='bbox 2067 1742 2370 1804; x_wconf 83' lang='lat' dir='ltr'><strong>sponsorem,</strong></span> <span class='ocrx_word' id='word_1_205' title='bbox 2428 1755 2545 1790; x_wconf 81' lang='lat' dir='ltr'><strong>vera</strong></span> <span class='ocrx_word' id='word_1_206' title='bbox 2592 1741 2645 1789; x_wconf 90' lang='lat' dir='ltr'><strong>in</strong></span> <span class='ocrx_word' id='word_1_207' title='bbox 2682 1755 2743 1791; x_wconf 91' lang='lat' dir='ltr'><strong>eo</strong></span> <span class='ocrx_word' id='word_1_208' title='bbox 2780 1740 3047 1790; x_wconf 87' lang='lat' dir='ltr'><strong>Caesarem</strong></span> <span class='ocrx_word' id='word_1_209' title='bbox 3083 1738 3311 1789; x_wconf 79' lang='lat' dir='ltr'><strong>testari.“</strong></span> 
     </span>
     <span class='ocr_line' id='line_1_18' title="bbox 585 1810 3311 1877; baseline -0.003 -11"><span class='ocrx_word' id='word_1_210' title='bbox 585 1814 732 1877; x_wconf 77' lang='lat' dir='ltr'><strong>Quae</strong></span> <span class='ocrx_word' id='word_1_211' title='bbox 767 1816 830 1865; x_wconf 87' lang='lat' dir='ltr'><strong>de</strong></span> <span class='ocrx_word' id='word_1_212' title='bbox 864 1813 990 1863; x_wconf 85' lang='lat' dir='ltr'><strong>Urso</strong></span> <span class='ocrx_word' id='word_1_213' title='bbox 1025 1812 1128 1862; x_wconf 78' lang='lat' dir='ltr'><strong>illic</strong></span> <span class='ocrx_word' id='word_1_214' title='bbox 1163 1812 1309 1867; x_wconf 86' lang='lat' dir='ltr'><strong>dicit,</strong></span> <span class='ocrx_word' id='word_1_215' title='bbox 1363 1810 1494 1861; x_wconf 82' lang='lat' dir='ltr'><strong>haec</strong></span> <span class='ocrx_word' id='word_1_216' title='bbox 1548 1816 1745 1861; x_wconf 85' lang='lat' dir='ltr'><strong>tantum</strong></span> <span class='ocrx_word' id='word_1_217' title='bbox 1777 1819 1920 1861; x_wconf 89' lang='lat' dir='ltr'><strong>sunt:</strong></span> <span class='ocrx_word' id='word_1_218' title='bbox 1990 1812 2067 1861; x_wconf 76' lang='lat' dir='ltr'><strong>Ex</strong></span> <span class='ocrx_word' id='word_1_219' title='bbox 2099 1811 2164 1861; x_wconf 78' lang='lat' dir='ltr'><strong>N.</strong></span> <span class='ocrx_word' id='word_1_220' title='bbox 2204 1810 2267 1861; x_wconf 78' lang='lat' dir='ltr'><strong>N.</strong></span> <span class='ocrx_word' id='word_1_221' title='bbox 2308 1813 2537 1876; x_wconf 85' lang='lat' dir='ltr'><strong>plagiarii</strong></span> <span class='ocrx_word' id='word_1_222' title='bbox 2573 1813 2647 1860; x_wconf 86' lang='lat' dir='ltr'><strong>tui</strong></span> <span class='ocrx_word' id='word_1_223' title='bbox 2692 1810 2887 1869; x_wconf 81' lang='lat' dir='ltr'><strong>libello,</strong></span> <span class='ocrx_word' id='word_1_224' title='bbox 2939 1824 3086 1875; x_wconf 82' lang='lat' dir='ltr'><strong>quem</strong></span> <span class='ocrx_word' id='word_1_225' title='bbox 3130 1810 3311 1859; x_wconf 78' lang='lat' dir='ltr'><strong>funda—</strong></span> 
     </span>
     <span class='ocr_line' id='line_1_19' title="bbox 581 1881 3312 1947; baseline -0.003 -10"><span class='ocrx_word' id='word_1_226' title='bbox 581 1893 807 1937; x_wconf 79' lang='lat' dir='ltr'><strong>mentum</strong></span> <span class='ocrx_word' id='word_1_227' title='bbox 843 1884 1223 1935; x_wconf 65' lang='lat' dir='ltr'><strong>amonomicum</strong></span> <span class='ocrx_word' id='word_1_228' title='bbox 1259 1882 1536 1945; x_wconf 86' lang='lat' dir='ltr'><strong>inscripsit,</strong></span> <span class='ocrx_word' id='word_1_229' title='bbox 1573 1883 1815 1947; x_wconf 83' lang='lat' dir='ltr'><strong>unicoque</strong></span> <span class='ocrx_word' id='word_1_230' title='bbox 1852 1886 1959 1945; x_wconf 83' lang='lat' dir='ltr'><strong>ejus</strong></span> <span class='ocrx_word' id='word_1_231' title='bbox 1996 1883 2375 1947; x_wconf 81' lang='lat' dir='ltr'><strong>diagrammate,</strong></span> <span class='ocrx_word' id='word_1_232' title='bbox 2414 1882 2545 1947; x_wconf 88' lang='lat' dir='ltr'><strong>quod</strong></span> <span class='ocrx_word' id='word_1_233' title='bbox 2586 1882 2745 1932; x_wconf 87' lang='lat' dir='ltr'><strong>Paulo</strong></span> <span class='ocrx_word' id='word_1_234' title='bbox 2770 1881 3005 1931; x_wconf 80' lang='lat' dir='ltr'><strong>witichio</strong></span> <span class='ocrx_word' id='word_1_235' title='bbox 3044 1881 3312 1939; x_wconf 74' lang='lat' dir='ltr'><strong>dedicavit,</strong></span> 
     </span>
     <span class='ocr_line' id='line_1_20' title="bbox 585 1952 2446 2019; baseline -0.004 -10"><span class='ocrx_word' id='word_1_236' title='bbox 585 1958 832 2009; x_wconf 67' lang='lat' dir='ltr'><strong>mettun</strong></span> <span class='ocrx_word' id='word_1_237' title='bbox 858 1991 873 2003; x_wconf 83' lang='lat'><strong>.</strong></span> <span class='ocrx_word' id='word_1_238' title='bbox 900 1991 915 2004; x_wconf 91' lang='lat'><strong>.</strong></span> <span class='ocrx_word' id='word_1_239' title='bbox 943 1990 958 2003; x_wconf 86' lang='lat'><strong>.</strong></span> <span class='ocrx_word' id='word_1_240' title='bbox 995 1969 1174 2005; x_wconf 80' lang='lat' dir='ltr'><strong>novam</strong></span> <span class='ocrx_word' id='word_1_241' title='bbox 1211 1953 1574 2017; x_wconf 83' lang='lat' dir='ltr'><strong>sphaericomm</strong></span> <span class='ocrx_word' id='word_1_242' title='bbox 1605 1954 1961 2019; x_wconf 87' lang='lat' dir='ltr'><strong>triangulorum</strong></span> <span class='ocrx_word' id='word_1_243' title='bbox 1996 1956 2317 2019; x_wconf 76' lang='lat' dir='ltr'><strong>geometriam</strong></span> <span class='ocrx_word' id='word_1_244' title='bbox 2356 1952 2446 2004; x_wconf 70' lang='lat' dir='ltr'><strong>dvc.</strong></span> 
     </span>
    </p>

    <p class='ocr_par' dir='ltr' id='par_1_5' title="bbox 585 2020 3319 2449">
     <span class='ocr_line' id='line_1_21' title="bbox 723 2020 3313 2089; baseline -0.003 -11"><span class='ocrx_word' id='word_1_245' title='bbox 723 2026 1109 2079; x_wconf 78' lang='lat' dir='ltr'><strong>Rothmanni</strong></span> <span class='ocrx_word' id='word_1_246' title='bbox 1145 2025 1322 2074; x_wconf 81' lang='lat' dir='ltr'><strong>literae</strong></span> <span class='ocrx_word' id='word_1_247' title='bbox 1339 2058 1352 2082; x_wconf 89' lang='lat'><strong><em>‚</em></strong></span> <span class='ocrx_word' id='word_1_248' title='bbox 1405 2025 1455 2073; x_wconf 90' lang='lat' dir='ltr'><strong>in</strong></span> <span class='ocrx_word' id='word_1_249' title='bbox 1503 2025 1676 2089; x_wconf 87' lang='lat' dir='ltr'><strong>quibus</strong></span> <span class='ocrx_word' id='word_1_250' title='bbox 1713 2031 1859 2075; x_wconf 81' lang='lat' dir='ltr'><strong>taxat</strong></span> <span class='ocrx_word' id='word_1_251' title='bbox 1894 2025 2072 2075; x_wconf 89' lang='lat' dir='ltr'><strong>Ursum</strong></span> <span class='ocrx_word' id='word_1_252' title='bbox 2118 2041 2205 2088; x_wconf 87' lang='lat' dir='ltr'><strong>pro</strong></span> <span class='ocrx_word' id='word_1_253' title='bbox 2250 2026 2466 2079; x_wconf 71' lang='lat' dir='ltr'><strong>meritis,</strong></span> <span class='ocrx_word' id='word_1_254' title='bbox 2520 2025 2671 2075; x_wconf 86' lang='lat' dir='ltr'><strong>datae</strong></span> <span class='ocrx_word' id='word_1_255' title='bbox 2708 2032 2827 2075; x_wconf 88' lang='lat' dir='ltr'><strong>sunt</strong></span> <span class='ocrx_word' id='word_1_256' title='bbox 2862 2022 3073 2074; x_wconf 86' lang='lat' dir='ltr'><strong>Oasellis</strong></span> <span class='ocrx_word' id='word_1_257' title='bbox 3108 2020 3160 2072; x_wconf 75' lang='lat'><strong>⁷.</strong></span> <span class='ocrx_word' id='word_1_258' title='bbox 3200 2020 3313 2071; x_wconf 72' lang='lat' dir='ltr'><strong>cni.</strong></span> 
     </span>
     <span class='ocr_line' id='line_1_22' title="bbox 585 2092 3319 2164; baseline -0.003 -13"><span class='ocrx_word' id='word_1_259' title='bbox 585 2098 724 2164; x_wconf 80' lang='lat' dir='ltr'><strong>Sept.</strong></span> <span class='ocrx_word' id='word_1_260' title='bbox 769 2094 904 2149; x_wconf 73' lang='lat'>1586</span> <span class='ocrx_word' id='word_1_261' title='bbox 942 2095 1016 2159; x_wconf 90' lang='lat' dir='ltr'><strong>(in</strong></span> <span class='ocrx_word' id='word_1_262' title='bbox 1059 2095 1340 2158; x_wconf 79' lang='lat' dir='ltr'><strong>„Tychonis</strong></span> <span class='ocrx_word' id='word_1_263' title='bbox 1375 2095 1562 2145; x_wconf 84' lang='lat' dir='ltr'><strong>Brabei</strong></span> <span class='ocrx_word' id='word_1_264' title='bbox 1597 2094 1734 2147; x_wconf 86' lang='lat' dir='ltr'><strong>Dani</strong></span> <span class='ocrx_word' id='word_1_265' title='bbox 1771 2096 2104 2160; x_wconf 76' lang='lat' dir='ltr'><strong>Epistularum</strong></span> <span class='ocrx_word' id='word_1_266' title='bbox 2132 2096 2365 2146; x_wconf 78' lang='lat' dir='ltr'><strong>Astron.“</strong></span> <span class='ocrx_word' id='word_1_267' title='bbox 2406 2096 2489 2145; x_wconf 86' lang='lat' dir='ltr'><strong>lib.</strong></span> <span class='ocrx_word' id='word_1_268' title='bbox 2526 2096 2569 2145; x_wconf 90' lang='lat'><strong>1.</strong></span> <span class='ocrx_word' id='word_1_269' title='bbox 2606 2112 2655 2160; x_wconf 88' lang='lat' dir='ltr'><strong>p.</strong></span> <span class='ocrx_word' id='word_1_270' title='bbox 2700 2092 2795 2157; x_wconf 78' lang='lat'><strong>33)</strong></span> <span class='ocrx_word' id='word_1_271' title='bbox 2815 2131 2828 2150; x_wconf 80' lang='grc'>,</span> <span class='ocrx_word' id='word_1_272' title='bbox 2878 2096 3129 2159; x_wconf 70' lang='lat' dir='ltr'><strong>ipsiusque</strong></span> <span class='ocrx_word' id='word_1_273' title='bbox 3164 2094 3319 2143; x_wconf 77' lang='lat' dir='ltr'><strong>verba</strong></span> 
     </span>
     <span class='ocr_line' id='line_1_23' title="bbox 585 2165 3319 2232; baseline -0.003 -11"><span class='ocrx_word' id='word_1_274' title='bbox 585 2176 732 2221; x_wconf 86' lang='lat' dir='ltr'><strong>sunt:</strong></span> <span class='ocrx_word' id='word_1_275' title='bbox 787 2169 940 2219; x_wconf 82' lang='lat' dir='ltr'><strong>Plura</strong></span> <span class='ocrx_word' id='word_1_276' title='bbox 973 2168 1266 2223; x_wconf 85' lang='lat' dir='ltr'><strong>scriberem,</strong></span> <span class='ocrx_word' id='word_1_277' title='bbox 1319 2168 1610 2229; x_wconf 85' lang='lat' dir='ltr'><strong>praesertim</strong></span> <span class='ocrx_word' id='word_1_278' title='bbox 1647 2167 1708 2217; x_wconf 90' lang='lat' dir='ltr'><strong>de</strong></span> <span class='ocrx_word' id='word_1_279' title='bbox 1745 2167 1934 2231; x_wconf 81' lang='lat' dir='ltr'><strong>impuro</strong></span> <span class='ocrx_word' id='word_1_280' title='bbox 1969 2168 2053 2216; x_wconf 91' lang='lat' dir='ltr'><strong>illo</strong></span> <span class='ocrx_word' id='word_1_281' title='bbox 2087 2167 2333 2217; x_wconf 80' lang='lat' dir='ltr'><strong>nebulone</strong></span> <span class='ocrx_word' id='word_1_282' title='bbox 2368 2166 2433 2215; x_wconf 75' lang='lat' dir='ltr'><strong>N.</strong></span> <span class='ocrx_word' id='word_1_283' title='bbox 2470 2167 2536 2217; x_wconf 79' lang='lat' dir='ltr'><strong>R.</strong></span> <span class='ocrx_word' id='word_1_284' title='bbox 2574 2168 2729 2226; x_wconf 85' lang='lat' dir='ltr'><strong>Urso,</strong></span> <span class='ocrx_word' id='word_1_285' title='bbox 2764 2168 2848 2232; x_wconf 87' lang='lat' dir='ltr'><strong>qui</strong></span> <span class='ocrx_word' id='word_1_286' title='bbox 2882 2167 3121 2231; x_wconf 72' lang='lat' dir='ltr'><strong>superiori</strong></span> <span class='ocrx_word' id='word_1_287' title='bbox 3154 2165 3319 2215; x_wconf 79' lang='lat' dir='ltr'><strong>hieme</strong></span> 
     </span>
     <span class='ocr_line' id='line_1_24' title="bbox 587 2237 3317 2306; baseline -0.001 -15"><span class='ocrx_word' id='word_1_288' title='bbox 587 2242 722 2306; x_wconf 80' lang='lat' dir='ltr'><strong>apud</strong></span> <span class='ocrx_word' id='word_1_289' title='bbox 745 2241 904 2290; x_wconf 83' lang='lat' dir='ltr'><strong>Tuam</strong></span> <span class='ocrx_word' id='word_1_290' title='bbox 927 2237 1114 2289; x_wconf 85' lang='lat' dir='ltr'><strong>Excell.</strong></span> <span class='ocrx_word' id='word_1_291' title='bbox 1151 2237 1562 2302; x_wconf 67' lang='lat' dir='ltr'><strong>typographicam</strong></span> <span class='ocrx_word' id='word_1_292' title='bbox 1596 2238 1855 2289; x_wconf 87' lang='lat' dir='ltr'><strong>literarum</strong></span> <span class='ocrx_word' id='word_1_293' title='bbox 1894 2238 2235 2289; x_wconf 81' lang='lat' dir='ltr'><strong>collectionem</strong></span> <span class='ocrx_word' id='word_1_294' title='bbox 2274 2247 2327 2288; x_wconf 90' lang='lat' dir='ltr'><strong>et</strong></span> <span class='ocrx_word' id='word_1_295' title='bbox 2358 2238 2735 2297; x_wconf 87' lang='lat' dir='ltr'><strong>ordinationem,</strong></span> <span class='ocrx_word' id='word_1_296' title='bbox 2772 2244 2831 2287; x_wconf 89' lang='lat' dir='ltr'><strong>ut</strong></span> <span class='ocrx_word' id='word_1_297' title='bbox 2853 2238 3039 2301; x_wconf 87' lang='lat' dir='ltr'><strong>opinor,</strong></span> <span class='ocrx_word' id='word_1_298' title='bbox 3078 2237 3317 2289; x_wconf 63' lang='lat' dir='ltr'><strong>exercuit,</strong></span> 
     </span>
     <span class='ocr_line' id='line_1_25' title="bbox 585 2307 3319 2377; baseline -0.002 -14"><span class='ocrx_word' id='word_1_299' title='bbox 585 2311 828 2377; x_wconf 85' lang='lat' dir='ltr'><strong>quomodo</strong></span> <span class='ocrx_word' id='word_1_300' title='bbox 863 2311 1057 2360; x_wconf 78' lang='lat' dir='ltr'><strong>scilicet</strong></span> <span class='ocrx_word' id='word_1_301' title='bbox 1091 2310 1174 2359; x_wconf 85' lang='lat' dir='ltr'><strong>hic</strong></span> <span class='ocrx_word' id='word_1_302' title='bbox 1209 2315 1260 2357; x_wconf 90' lang='lat' dir='ltr'><strong>te</strong></span> <span class='ocrx_word' id='word_1_303' title='bbox 1298 2309 1526 2359; x_wconf 76' lang='lat' dir='ltr'><strong>conviciis</strong></span> <span class='ocrx_word' id='word_1_304' title='bbox 1563 2310 1879 2372; x_wconf 81' lang='lat' dir='ltr'><strong>proscindere</strong></span> <span class='ocrx_word' id='word_1_305' title='bbox 1930 2324 2029 2359; x_wconf 83' lang='lat' dir='ltr'><strong>nen</strong></span> <span class='ocrx_word' id='word_1_306' title='bbox 2066 2310 2271 2359; x_wconf 78' lang='lat' dir='ltr'><strong>desierit</strong></span> <span class='ocrx_word' id='word_1_307' title='bbox 2286 2345 2300 2368; x_wconf 91' lang='lat'><strong>,</strong></span> <span class='ocrx_word' id='word_1_308' title='bbox 2352 2315 2405 2359; x_wconf 88' lang='lat' dir='ltr'><strong>et</strong></span> <span class='ocrx_word' id='word_1_309' title='bbox 2450 2311 2689 2374; x_wconf 90' lang='lat' dir='ltr'><strong>quomodo</strong></span> <span class='ocrx_word' id='word_1_310' title='bbox 2735 2316 2789 2359; x_wconf 87' lang='lat' dir='ltr'><strong>te</strong></span> <span class='ocrx_word' id='word_1_311' title='bbox 2836 2308 3168 2368; x_wconf 78' lang='lat' dir='ltr'><strong>defenderim,</strong></span> <span class='ocrx_word' id='word_1_312' title='bbox 3218 2307 3319 2357; x_wconf 86' lang='lat' dir='ltr'><strong>nisi</strong></span> 
     </span>
     <span class='ocr_line' id='line_1_26' title="bbox 585 2380 1516 2449; baseline -0.008 -14"><span class='ocrx_word' id='word_1_313' title='bbox 585 2384 824 2449; x_wconf 82' lang='lat' dir='ltr'><strong>angustia</strong></span> <span class='ocrx_word' id='word_1_314' title='bbox 859 2382 1088 2445; x_wconf 86' lang='lat' dir='ltr'><strong>temporis</strong></span> <span class='ocrx_word' id='word_1_315' title='bbox 1123 2394 1206 2429; x_wconf 89' lang='lat' dir='ltr'><strong>me</strong></span> <span class='ocrx_word' id='word_1_316' title='bbox 1241 2380 1516 2443; x_wconf 88' lang='lat' dir='ltr'><strong>impediret.</strong></span> 
     </span>
    </p>

    <p class='ocr_par' dir='ltr' id='par_1_6' title="bbox 584 2450 3381 4502">
     <span class='ocr_line' id='line_1_27' title="bbox 728 2450 3317 2517; baseline -0.002 -14"><span class='ocrx_word' id='word_1_317' title='bbox 728 2453 898 2517; x_wconf 76' lang='lat' dir='ltr'><strong>Tycho</strong></span> <span class='ocrx_word' id='word_1_318' title='bbox 954 2454 1008 2502; x_wconf 92' lang='lat' dir='ltr'><strong>in</strong></span> <span class='ocrx_word' id='word_1_319' title='bbox 1059 2451 1216 2501; x_wconf 88' lang='lat' dir='ltr'><strong>literis</strong></span> <span class='ocrx_word' id='word_1_320' title='bbox 1267 2452 1368 2499; x_wconf 89' lang='lat' dir='ltr'><strong>suis</strong></span> <span class='ocrx_word' id='word_1_321' title='bbox 1422 2452 1636 2513; x_wconf 82' lang='lat' dir='ltr'><strong>proxime</strong></span> <span class='ocrx_word' id='word_1_322' title='bbox 1685 2452 2003 2515; x_wconf 84' lang='lat' dir='ltr'><strong>sequentibus</strong></span> <span class='ocrx_word' id='word_1_323' title='bbox 2048 2450 2225 2500; x_wconf 81' lang='lat' dir='ltr'><strong>Ursum</strong></span> <span class='ocrx_word' id='word_1_324' title='bbox 2280 2466 2379 2500; x_wconf 90' lang='lat' dir='ltr'><strong>non</strong></span> <span class='ocrx_word' id='word_1_325' title='bbox 2432 2458 2648 2517; x_wconf 85' lang='lat' dir='ltr'><strong>tangens</strong></span> <span class='ocrx_word' id='word_1_326' title='bbox 2662 2486 2677 2508; x_wconf 86' lang='lat'><strong>.</strong></span> <span class='ocrx_word' id='word_1_327' title='bbox 2732 2453 2784 2501; x_wconf 91' lang='lat' dir='ltr'><strong>in</strong></span> <span class='ocrx_word' id='word_1_328' title='bbox 2839 2450 3211 2516; x_wconf 78' lang='lat' dir='ltr'><strong>posterioribus,</strong></span> <span class='ocrx_word' id='word_1_329' title='bbox 3264 2451 3317 2499; x_wconf 87' lang='lat' dir='ltr'><strong>in</strong></span> 
     </span>
     <span class='ocr_line' id='line_1_28' title="bbox 586 2518 3319 2591; baseline -0.002 -16"><span class='ocrx_word' id='word_1_330' title='bbox 586 2525 764 2591; x_wconf 65' lang='lat' dir='ltr'><strong>quibus</strong></span> <span class='ocrx_word' id='word_1_331' title='bbox 797 2524 1096 2588; x_wconf 81' lang='lat' dir='ltr'><strong>hypothesin</strong></span> <span class='ocrx_word' id='word_1_332' title='bbox 1129 2536 1276 2572; x_wconf 87' lang='lat' dir='ltr'><strong>suam</strong></span> <span class='ocrx_word' id='word_1_333' title='bbox 1311 2521 1528 2585; x_wconf 83' lang='lat' dir='ltr'><strong>explicat</strong></span> <span class='ocrx_word' id='word_1_334' title='bbox 1575 2520 1648 2583; x_wconf 91' lang='lat' dir='ltr'><strong>(d.</strong></span> <span class='ocrx_word' id='word_1_335' title='bbox 1689 2521 1895 2572; x_wconf 89' lang='lat' dir='ltr'><strong>Uranib.</strong></span> <span class='ocrx_word' id='word_1_336' title='bbox 1934 2520 2019 2570; x_wconf 83' lang='lat'><strong>21.</strong></span> <span class='ocrx_word' id='word_1_337' title='bbox 2056 2522 2197 2572; x_wconf 83' lang='lat' dir='ltr'><strong>Febr.</strong></span> <span class='ocrx_word' id='word_1_338' title='bbox 2241 2520 2432 2585; x_wconf 78' lang='lat'><strong>1589),</strong></span> <span class='ocrx_word' id='word_1_339' title='bbox 2484 2524 2561 2573; x_wconf 88' lang='lat' dir='ltr'><strong>his</strong></span> <span class='ocrx_word' id='word_1_340' title='bbox 2608 2524 2673 2572; x_wconf 88' lang='lat' dir='ltr'><strong>ad</strong></span> <span class='ocrx_word' id='word_1_341' title='bbox 2708 2523 2845 2573; x_wconf 89' lang='lat' dir='ltr'><strong>illum</strong></span> <span class='ocrx_word' id='word_1_342' title='bbox 2880 2523 3039 2573; x_wconf 84' lang='lat' dir='ltr'><strong>redit:</strong></span> <span class='ocrx_word' id='word_1_343' title='bbox 3092 2518 3319 2571; x_wconf 75' lang='lat' dir='ltr'><strong>Mirabar</strong></span> 
     </span>
     <span class='ocr_line' id='line_1_29' title="bbox 585 2592 3319 2657; baseline -0.003 -9"><span class='ocrx_word' id='word_1_344' title='bbox 585 2595 732 2647; x_wconf 78' lang='lat' dir='ltr'><strong>valde</strong></span> <span class='ocrx_word' id='word_1_345' title='bbox 768 2596 834 2648; x_wconf 88' lang='lat' dir='ltr'><strong>ab</strong></span> <span class='ocrx_word' id='word_1_346' title='bbox 869 2596 1027 2651; x_wconf 77' lang='lat' dir='ltr'><strong>initio,</strong></span> <span class='ocrx_word' id='word_1_347' title='bbox 1065 2608 1180 2643; x_wconf 85' lang='lat' dir='ltr'><strong>cum</strong></span> <span class='ocrx_word' id='word_1_348' title='bbox 1213 2592 1431 2657; x_wconf 84' lang='lat' dir='ltr'><strong>legerem</strong></span> <span class='ocrx_word' id='word_1_349' title='bbox 1467 2594 1520 2641; x_wconf 89' lang='lat' dir='ltr'><strong>in</strong></span> <span class='ocrx_word' id='word_1_350' title='bbox 1555 2593 1656 2643; x_wconf 87' lang='lat' dir='ltr'><strong>tuis</strong></span> <span class='ocrx_word' id='word_1_351' title='bbox 1691 2593 1865 2653; x_wconf 85' lang='lat' dir='ltr'><strong>literis,</strong></span> <span class='ocrx_word' id='word_1_352' title='bbox 1902 2592 1979 2642; x_wconf 89' lang='lat' dir='ltr'><strong>Ill.</strong></span> <span class='ocrx_word' id='word_1_353' title='bbox 2007 2592 2221 2657; x_wconf 88' lang='lat' dir='ltr'><strong>Principi</strong></span> <span class='ocrx_word' id='word_1_354' title='bbox 2244 2594 2399 2645; x_wconf 85' lang='lat' dir='ltr'><strong>hasce</strong></span> <span class='ocrx_word' id='word_1_355' title='bbox 2422 2608 2563 2645; x_wconf 80' lang='lat' dir='ltr'><strong>meae</strong></span> <span class='ocrx_word' id='word_1_356' title='bbox 2584 2594 2883 2657; x_wconf 69' lang='lat' dir='ltr'><strong>hypotheses</strong></span> <span class='ocrx_word' id='word_1_357' title='bbox 2918 2595 3051 2657; x_wconf 85' lang='lat' dir='ltr'><strong>prius</strong></span> <span class='ocrx_word' id='word_1_358' title='bbox 3088 2594 3319 2657; x_wconf 81' lang='lat' dir='ltr'><strong>cognitas</strong></span> 
     </span>
     <span class='ocr_line' id='line_1_30' title="bbox 588 2664 3381 2730; baseline -0.001 -13"><span class='ocrx_word' id='word_1_359' title='bbox 588 2667 770 2724; x_wconf 70' lang='lat' dir='ltr'><strong>fuisse,</strong></span> <span class='ocrx_word' id='word_1_360' title='bbox 825 2670 996 2729; x_wconf 85' lang='lat' dir='ltr'><strong>utpote</strong></span> <span class='ocrx_word' id='word_1_361' title='bbox 1047 2665 1128 2729; x_wconf 90' lang='lat' dir='ltr'><strong>qui</strong></span> <span class='ocrx_word' id='word_1_362' title='bbox 1177 2678 1267 2713; x_wconf 85' lang='lat' dir='ltr'><strong>eas</strong></span> <span class='ocrx_word' id='word_1_363' title='bbox 1311 2664 1362 2712; x_wconf 90' lang='lat' dir='ltr'><strong>in</strong></span> <span class='ocrx_word' id='word_1_364' title='bbox 1402 2670 1656 2715; x_wconf 83' lang='lat' dir='ltr'><strong>autumate</strong></span> <span class='ocrx_word' id='word_1_365' title='bbox 1693 2664 1908 2728; x_wconf 85' lang='lat' dir='ltr'><strong>quodam</strong></span> <span class='ocrx_word' id='word_1_366' title='bbox 1944 2678 2201 2727; x_wconf 84' lang='lat' dir='ltr'><strong>expressas</strong></span> <span class='ocrx_word' id='word_1_367' title='bbox 2237 2664 2460 2715; x_wconf 83' lang='lat' dir='ltr'><strong>haberet.</strong></span> <span class='ocrx_word' id='word_1_368' title='bbox 2533 2664 2710 2730; x_wconf 84' lang='lat' dir='ltr'><strong>Neque</strong></span> <span class='ocrx_word' id='word_1_369' title='bbox 2745 2667 2869 2715; x_wconf 89' lang='lat' dir='ltr'><strong>satis</strong></span> <span class='ocrx_word' id='word_1_370' title='bbox 2906 2667 3127 2730; x_wconf 84' lang='lat' dir='ltr'><strong>cogitare</strong></span> <span class='ocrx_word' id='word_1_371' title='bbox 3160 2666 3319 2728; x_wconf 79' lang='lat' dir='ltr'><strong>pomi.</strong></span> <span class='ocrx_word' id='word_1_372' title='bbox 3362 2703 3381 2713; x_wconf 76' lang='grc'>,</span> 
     </span>
     <span class='ocr_line' id='line_1_31' title="bbox 588 2734 3317 2804; baseline -0.002 -15"><span class='ocrx_word' id='word_1_373' title='bbox 588 2739 672 2804; x_wconf 87' lang='lat' dir='ltr'><strong>qui</strong></span> <span class='ocrx_word' id='word_1_374' title='bbox 707 2738 760 2787; x_wconf 89' lang='lat' dir='ltr'><strong>id</strong></span> <span class='ocrx_word' id='word_1_375' title='bbox 793 2738 900 2786; x_wconf 80' lang='lat' dir='ltr'><strong>fieri</strong></span> <span class='ocrx_word' id='word_1_376' title='bbox 935 2739 1136 2800; x_wconf 86' lang='lat' dir='ltr'><strong>posset,</strong></span> <span class='ocrx_word' id='word_1_377' title='bbox 1185 2734 1427 2799; x_wconf 80' lang='lat' dir='ltr'><strong>siquidem</strong></span> <span class='ocrx_word' id='word_1_378' title='bbox 1461 2736 1645 2798; x_wconf 81' lang='lat' dir='ltr'><strong>optime</strong></span> <span class='ocrx_word' id='word_1_379' title='bbox 1681 2735 1800 2783; x_wconf 88' lang='lat' dir='ltr'><strong>mihi</strong></span> <span class='ocrx_word' id='word_1_380' title='bbox 1838 2737 2065 2785; x_wconf 86' lang='lat' dir='ltr'><strong>conscius</strong></span> <span class='ocrx_word' id='word_1_381' title='bbox 2102 2750 2259 2785; x_wconf 87' lang='lat' dir='ltr'><strong>essem</strong></span> <span class='ocrx_word' id='word_1_382' title='bbox 2278 2768 2295 2800; x_wconf 86' lang='lat'><strong>,</strong></span> <span class='ocrx_word' id='word_1_383' title='bbox 2331 2752 2411 2787; x_wconf 89' lang='lat' dir='ltr'><strong>me</strong></span> <span class='ocrx_word' id='word_1_384' title='bbox 2450 2750 2483 2785; x_wconf 86' lang='lat' dir='ltr'><strong>a</strong></span> <span class='ocrx_word' id='word_1_385' title='bbox 2516 2736 2651 2786; x_wconf 88' lang='lat' dir='ltr'><strong>nullo</strong></span> <span class='ocrx_word' id='word_1_386' title='bbox 2688 2737 2969 2787; x_wconf 77' lang='lat' dir='ltr'><strong>mortalium</strong></span> <span class='ocrx_word' id='word_1_387' title='bbox 3004 2736 3097 2785; x_wconf 86' lang='lat' dir='ltr'><strong>has</strong></span> <span class='ocrx_word' id='word_1_388' title='bbox 3133 2750 3317 2801; x_wconf 87' lang='lat' dir='ltr'><strong>cogno-</strong></span> 
     </span>
     <span class='ocr_line' id='line_1_32' title="bbox 588 2806 3322 2873; baseline -0.001 -15"><span class='ocrx_word' id='word_1_389' title='bbox 588 2811 736 2867; x_wconf 72' lang='lat' dir='ltr'><strong>visse,</strong></span> <span class='ocrx_word' id='word_1_390' title='bbox 773 2810 1057 2873; x_wconf 85' lang='lat' dir='ltr'><strong>priusquam</strong></span> <span class='ocrx_word' id='word_1_391' title='bbox 1093 2808 1302 2868; x_wconf 87' lang='lat' dir='ltr'><strong>ipsemet</strong></span> <span class='ocrx_word' id='word_1_392' title='bbox 1337 2821 1400 2854; x_wconf 84' lang='lat' dir='ltr'><strong>ex</strong></span> <span class='ocrx_word' id='word_1_393' title='bbox 1437 2806 1857 2856; x_wconf 75' lang='lat' dir='ltr'><strong>observationibus</strong></span> <span class='ocrx_word' id='word_1_394' title='bbox 1894 2822 1955 2856; x_wconf 91' lang='lat' dir='ltr'><strong>eo</strong></span> <span class='ocrx_word' id='word_1_395' title='bbox 1988 2807 2297 2870; x_wconf 75' lang='lat' dir='ltr'><strong>pei-ducebar</strong></span> <span class='ocrx_word' id='word_1_396' title='bbox 2312 2844 2325 2865; x_wconf 85' lang='lat'><strong>,</strong></span> <span class='ocrx_word' id='word_1_397' title='bbox 2362 2809 2589 2873; x_wconf 87' lang='lat' dir='ltr'><strong>quodque</strong></span> <span class='ocrx_word' id='word_1_398' title='bbox 2624 2810 2819 2858; x_wconf 89' lang='lat' dir='ltr'><strong>interea</strong></span> <span class='ocrx_word' id='word_1_399' title='bbox 2852 2823 3047 2858; x_wconf 86' lang='lat' dir='ltr'><strong>mecum</strong></span> <span class='ocrx_word' id='word_1_400' title='bbox 3084 2807 3322 2856; x_wconf 86' lang='lat' dir='ltr'><strong>latuerint</strong></span> 
     </span>
     <span class='ocr_line' id='line_1_33' title="bbox 591 2875 3321 2945; baseline -0.001 -15"><span class='ocrx_word' id='word_1_401' title='bbox 591 2886 748 2930; x_wconf 82' lang='lat' dir='ltr'><strong>antea</strong></span> <span class='ocrx_word' id='word_1_402' title='bbox 782 2894 883 2928; x_wconf 87' lang='lat' dir='ltr'><strong>non</strong></span> <span class='ocrx_word' id='word_1_403' title='bbox 922 2877 1222 2941; x_wconf 85' lang='lat' dir='ltr'><strong>publicatae.</strong></span> <span class='ocrx_word' id='word_1_404' title='bbox 1295 2875 1483 2926; x_wconf 84' lang='lat' dir='ltr'><strong>Verum</strong></span> <span class='ocrx_word' id='word_1_405' title='bbox 1518 2883 1778 2942; x_wconf 83' lang='lat' dir='ltr'><strong>postquam</strong></span> <span class='ocrx_word' id='word_1_406' title='bbox 1813 2877 2007 2926; x_wconf 88' lang='lat' dir='ltr'><strong>libellus</strong></span> <span class='ocrx_word' id='word_1_407' title='bbox 2056 2879 2199 2928; x_wconf 89' lang='lat' dir='ltr'><strong>istius</strong></span> <span class='ocrx_word' id='word_1_408' title='bbox 2237 2879 2350 2929; x_wconf 86' lang='lat' dir='ltr'><strong>Ursi</strong></span> <span class='ocrx_word' id='word_1_409' title='bbox 2384 2879 2707 2930; x_wconf 87' lang='lat' dir='ltr'><strong>Dithmarsici</strong></span> <span class='ocrx_word' id='word_1_410' title='bbox 2722 2915 2736 2936; x_wconf 90' lang='lat'>‚</span> <span class='ocrx_word' id='word_1_411' title='bbox 2780 2893 2929 2945; x_wconf 89' lang='lat' dir='ltr'><strong>quem</strong></span> <span class='ocrx_word' id='word_1_412' title='bbox 2964 2878 3229 2944; x_wconf 85' lang='lat' dir='ltr'><strong>aliquando</strong></span> <span class='ocrx_word' id='word_1_413' title='bbox 3266 2879 3321 2927; x_wconf 87' lang='lat' dir='ltr'><strong>in</strong></span> 
     </span>
     <span class='ocr_line' id='line_1_34' title="bbox 593 2947 3321 3014; baseline -0.001 -14"><span class='ocrx_word' id='word_1_414' title='bbox 593 2950 888 3014; x_wconf 84' lang='lat' dir='ltr'><strong>quibusdam</strong></span> <span class='ocrx_word' id='word_1_415' title='bbox 928 2948 996 2998; x_wconf 88' lang='lat' dir='ltr'><strong>ad</strong></span> <span class='ocrx_word' id='word_1_416' title='bbox 1027 2963 1108 2997; x_wconf 88' lang='lat' dir='ltr'><strong>me</strong></span> <span class='ocrx_word' id='word_1_417' title='bbox 1145 2948 1276 2996; x_wconf 86' lang='lat' dir='ltr'><strong>datis</strong></span> <span class='ocrx_word' id='word_1_418' title='bbox 1311 2947 1468 2996; x_wconf 78' lang='lat' dir='ltr'><strong>literis</strong></span> <span class='ocrx_word' id='word_1_419' title='bbox 1504 2948 1652 3013; x_wconf 90' lang='lat' dir='ltr'><strong>digno</strong></span> <span class='ocrx_word' id='word_1_420' title='bbox 1679 2948 1841 3012; x_wconf 87' lang='lat' dir='ltr'><strong>elogio</strong></span> <span class='ocrx_word' id='word_1_421' title='bbox 1866 2949 2069 3008; x_wconf 78' lang='lat' dir='ltr'><strong>ornasti,</strong></span> <span class='ocrx_word' id='word_1_422' title='bbox 2106 2949 2349 3014; x_wconf 88' lang='lat' dir='ltr'><strong>impurum</strong></span> <span class='ocrx_word' id='word_1_423' title='bbox 2375 2951 2631 3014; x_wconf 87' lang='lat' dir='ltr'><strong>appellans</strong></span> <span class='ocrx_word' id='word_1_424' title='bbox 2654 2951 2965 3008; x_wconf 84' lang='lat' dir='ltr'><strong>nebulonem,</strong></span> <span class='ocrx_word' id='word_1_425' title='bbox 3002 2949 3121 2998; x_wconf 87' lang='lat' dir='ltr'><strong>mihi</strong></span> <span class='ocrx_word' id='word_1_426' title='bbox 3153 2955 3321 2999; x_wconf 64' lang='lat' dir='ltr'><strong>unns·</strong></span> 
     </span>
     <span class='ocr_line' id='line_1_35' title="bbox 587 3017 3317 3086; baseline 0.001 -15"><span class='ocrx_word' id='word_1_427' title='bbox 587 3022 768 3071; x_wconf 77' lang='lat' dir='ltr'><strong>missus</strong></span> <span class='ocrx_word' id='word_1_428' title='bbox 803 3026 940 3069; x_wconf 84' lang='lat' dir='ltr'><strong>esset</strong></span> <span class='ocrx_word' id='word_1_429' title='bbox 977 3032 1010 3068; x_wconf 89' lang='lat' dir='ltr'><strong>a</strong></span> <span class='ocrx_word' id='word_1_430' title='bbox 1044 3018 1112 3067; x_wconf 91' lang='lat' dir='ltr'><strong>D.</strong></span> <span class='ocrx_word' id='word_1_431' title='bbox 1141 3017 1202 3067; x_wconf 86' lang='lat' dir='ltr'><strong>G.</strong></span> <span class='ocrx_word' id='word_1_432' title='bbox 1227 3017 1682 3084; x_wconf 78' lang='lat' dir='ltr'><strong>Rollenhagio,</strong></span> <span class='ocrx_word' id='word_1_433' title='bbox 1723 3017 2053 3084; x_wconf 82' lang='lat' dir='ltr'><strong>Magdeburgi</strong></span> <span class='ocrx_word' id='word_1_434' title='bbox 2089 3021 2319 3086; x_wconf 83' lang='lat' dir='ltr'><strong>degenti,</strong></span> <span class='ocrx_word' id='word_1_435' title='bbox 2358 3023 2441 3086; x_wconf 88' lang='lat' dir='ltr'><strong>qni</strong></span> <span class='ocrx_word' id='word_1_436' title='bbox 2474 3023 2629 3072; x_wconf 83' lang='lat' dir='ltr'><strong>etiam</strong></span> <span class='ocrx_word' id='word_1_437' title='bbox 2653 3022 2838 3072; x_wconf 89' lang='lat' dir='ltr'><strong>dudum</strong></span> <span class='ocrx_word' id='word_1_438' title='bbox 2874 3027 3029 3072; x_wconf 84' lang='lat' dir='ltr'><strong>antea</strong></span> <span class='ocrx_word' id='word_1_439' title='bbox 3050 3021 3317 3074; x_wconf 73' lang='lat' dir='ltr'><strong>indicarat.</strong></span> 
     </span>
     <span class='ocr_line' id='line_1_36' title="bbox 587 3088 3319 3158; baseline -0 -16"><span class='ocrx_word' id='word_1_440' title='bbox 587 3092 682 3142; x_wconf 84' lang='lat' dir='ltr'><strong>has</strong></span> <span class='ocrx_word' id='word_1_441' title='bbox 717 3095 916 3140; x_wconf 86' lang='lat' dir='ltr'><strong>nostras</strong></span> <span class='ocrx_word' id='word_1_442' title='bbox 949 3088 1250 3152; x_wconf 82' lang='lat' dir='ltr'><strong>hypotheses</strong></span> <span class='ocrx_word' id='word_1_443' title='bbox 1287 3088 1380 3138; x_wconf 89' lang='lat' dir='ltr'><strong>sibi</strong></span> <span class='ocrx_word' id='word_1_444' title='bbox 1417 3095 1536 3138; x_wconf 87' lang='lat' dir='ltr'><strong>ante</strong></span> <span class='ocrx_word' id='word_1_445' title='bbox 1574 3090 1823 3140; x_wconf 87' lang='lat' dir='ltr'><strong>biennium</strong></span> <span class='ocrx_word' id='word_1_446' title='bbox 1850 3104 1883 3139; x_wconf 84' lang='lat' dir='ltr'><strong>a</strong></span> <span class='ocrx_word' id='word_1_447' title='bbox 1906 3091 2120 3154; x_wconf 81' lang='lat' dir='ltr'><strong>quodam</strong></span> <span class='ocrx_word' id='word_1_448' title='bbox 2142 3107 2252 3141; x_wconf 90' lang='lat' dir='ltr'><strong>meo</strong></span> <span class='ocrx_word' id='word_1_449' title='bbox 2278 3093 2482 3158; x_wconf 79' lang='lat' dir='ltr'><strong>fugitivo</strong></span> <span class='ocrx_word' id='word_1_450' title='bbox 2516 3092 2739 3142; x_wconf 87' lang='lat' dir='ltr'><strong>ministro</strong></span> <span class='ocrx_word' id='word_1_451' title='bbox 2773 3093 3165 3143; x_wconf 84' lang='lat' dir='ltr'><strong>communicatas</strong></span> <span class='ocrx_word' id='word_1_452' title='bbox 3191 3105 3319 3149; x_wconf 83' lang='lat' dir='ltr'><strong>esse,</strong></span> 
     </span>
     <span class='ocr_line' id='line_1_37' title="bbox 593 3161 3319 3227; baseline 0.001 -18"><span class='ocrx_word' id='word_1_453' title='bbox 593 3163 804 3227; x_wconf 77' lang='lat' dir='ltr'><strong>ideoque</strong></span> <span class='ocrx_word' id='word_1_454' title='bbox 840 3161 1004 3210; x_wconf 87' lang='lat' dir='ltr'><strong>sciens</strong></span> <span class='ocrx_word' id='word_1_455' title='bbox 1043 3174 1076 3210; x_wconf 89' lang='lat' dir='ltr'><strong>a</strong></span> <span class='ocrx_word' id='word_1_456' title='bbox 1109 3173 1189 3208; x_wconf 90' lang='lat' dir='ltr'><strong>me</strong></span> <span class='ocrx_word' id='word_1_457' title='bbox 1225 3161 1434 3222; x_wconf 87' lang='lat' dir='ltr'><strong>primum</strong></span> <span class='ocrx_word' id='word_1_458' title='bbox 1469 3162 1698 3210; x_wconf 80' lang='lat' dir='ltr'><strong>inventas</strong></span> <span class='ocrx_word' id='word_1_459' title='bbox 1715 3195 1731 3216; x_wconf 84' lang='lat'>‚</span> <span class='ocrx_word' id='word_1_460' title='bbox 1767 3161 2057 3226; x_wconf 82' lang='lat' dir='ltr'><strong>dolensque,</strong></span> <span class='ocrx_word' id='word_1_461' title='bbox 2095 3163 2275 3212; x_wconf 85' lang='lat' dir='ltr'><strong>Ursum</strong></span> <span class='ocrx_word' id='word_1_462' title='bbox 2310 3166 2459 3214; x_wconf 85' lang='lat' dir='ltr'><strong>istum</strong></span> <span class='ocrx_word' id='word_1_463' title='bbox 2496 3165 2590 3214; x_wconf 88' lang='lat' dir='ltr'><strong>sibi</strong></span> <span class='ocrx_word' id='word_1_464' title='bbox 2624 3165 2867 3213; x_wconf 88' lang='lat' dir='ltr'><strong>immerito</strong></span> <span class='ocrx_word' id='word_1_465' title='bbox 2905 3179 2991 3213; x_wconf 80' lang='lat' dir='ltr'><strong>eas</strong></span> <span class='ocrx_word' id='word_1_466' title='bbox 3030 3164 3319 3224; x_wconf 80' lang='lat' dir='ltr'><strong>atu-ibuere,</strong></span> 
     </span>
     <span class='ocr_line' id='line_1_38' title="bbox 591 3231 3325 3300; baseline 0 -17"><span class='ocrx_word' id='word_1_467' title='bbox 591 3233 770 3283; x_wconf 72' lang='lat' dir='ltr'><strong>librum</strong></span> <span class='ocrx_word' id='word_1_468' title='bbox 806 3232 944 3280; x_wconf 89' lang='lat' dir='ltr'><strong>illum</strong></span> <span class='ocrx_word' id='word_1_469' title='bbox 979 3231 1100 3280; x_wconf 86' lang='lat' dir='ltr'><strong>mihi</strong></span> <span class='ocrx_word' id='word_1_470' title='bbox 1137 3232 1449 3281; x_wconf 84' lang='lat' dir='ltr'><strong>innotescere</strong></span> <span class='ocrx_word' id='word_1_471' title='bbox 1484 3231 1652 3288; x_wconf 79' lang='lat' dir='ltr'><strong>voluit,</strong></span> <span class='ocrx_word' id='word_1_472' title='bbox 1692 3238 1750 3281; x_wconf 81' lang='lat' dir='ltr'><strong>nt</strong></span> <span class='ocrx_word' id='word_1_473' title='bbox 1783 3231 1965 3282; x_wconf 77' lang='lat' dir='ltr'><strong>furtum</strong></span> <span class='ocrx_word' id='word_1_474' title='bbox 2000 3233 2121 3283; x_wconf 89' lang='lat' dir='ltr'><strong>illud</strong></span> <span class='ocrx_word' id='word_1_475' title='bbox 2148 3249 2516 3300; x_wconf 79' lang='lat' dir='ltr'><strong>cognoscerem,</strong></span> <span class='ocrx_word' id='word_1_476' title='bbox 2556 3240 2608 3284; x_wconf 85' lang='lat' dir='ltr'><strong>et</strong></span> <span class='ocrx_word' id='word_1_477' title='bbox 2644 3235 2707 3284; x_wconf 86' lang='lat' dir='ltr'><strong>ab</strong></span> <span class='ocrx_word' id='word_1_478' title='bbox 2744 3235 2855 3284; x_wconf 83' lang='lat' dir='ltr'><strong>aliis</strong></span> <span class='ocrx_word' id='word_1_479' title='bbox 2892 3237 3025 3284; x_wconf 79' lang='lat' dir='ltr'><strong>foras</strong></span> <span class='ocrx_word' id='word_1_480' title='bbox 3062 3235 3325 3284; x_wconf 85' lang='lat' dir='ltr'><strong>eliminata</strong></span> 
     </span>
     <span class='ocr_line' id='line_1_39' title="bbox 589 3301 3323 3370; baseline 0 -16"><span class='ocrx_word' id='word_1_481' title='bbox 589 3304 710 3354; x_wconf 86' lang='lat' dir='ltr'><strong>mihi</strong></span> <span class='ocrx_word' id='word_1_482' title='bbox 747 3304 910 3354; x_wconf 87' lang='lat' dir='ltr'><strong>denuo</strong></span> <span class='ocrx_word' id='word_1_483' title='bbox 949 3316 1242 3352; x_wconf 85' lang='lat' dir='ltr'><strong>assererem.</strong></span> <span class='ocrx_word' id='word_1_484' title='bbox 1317 3301 1392 3350; x_wconf 85' lang='lat' dir='ltr'><strong>Ex</strong></span> <span class='ocrx_word' id='word_1_485' title='bbox 1443 3303 1538 3351; x_wconf 87' lang='lat' dir='ltr'><strong>isto</strong></span> <span class='ocrx_word' id='word_1_486' title='bbox 1585 3305 1708 3352; x_wconf 89' lang='lat' dir='ltr'><strong>satis</strong></span> <span class='ocrx_word' id='word_1_487' title='bbox 1757 3305 1981 3367; x_wconf 83' lang='lat' dir='ltr'><strong>perspexi</strong></span> <span class='ocrx_word' id='word_1_488' title='bbox 1998 3338 2013 3362; x_wconf 88' lang='lat'><strong>,</strong></span> <span class='ocrx_word' id='word_1_489' title='bbox 2069 3305 2201 3354; x_wconf 86' lang='lat' dir='ltr'><strong>unde</strong></span> <span class='ocrx_word' id='word_1_490' title='bbox 2252 3305 2379 3358; x_wconf 82' lang='lat' dir='ltr'><strong>haec</strong></span> <span class='ocrx_word' id='word_1_491' title='bbox 2424 3306 2489 3355; x_wconf 84' lang='lat' dir='ltr'><strong>ad</strong></span> <span class='ocrx_word' id='word_1_492' title='bbox 2533 3321 2619 3354; x_wconf 80' lang='lat' dir='ltr'><strong>vos</strong></span> <span class='ocrx_word' id='word_1_493' title='bbox 2653 3308 2931 3370; x_wconf 79' lang='lat' dir='ltr'><strong>pervenerit</strong></span> <span class='ocrx_word' id='word_1_494' title='bbox 2964 3306 3323 3356; x_wconf 77' lang='lat' dir='ltr'><strong>revolutionum</strong></span> 
     </span>
     <span class='ocr_line' id='line_1_40' title="bbox 589 3373 3325 3442; baseline 0 -16"><span class='ocrx_word' id='word_1_495' title='bbox 589 3375 882 3426; x_wconf 85' lang='lat' dir='ltr'><strong>coelestium</strong></span> <span class='ocrx_word' id='word_1_496' title='bbox 921 3373 1186 3428; x_wconf 80' lang='lat' dir='ltr'><strong>ordinatio,</strong></span> <span class='ocrx_word' id='word_1_497' title='bbox 1228 3373 1471 3437; x_wconf 85' lang='lat' dir='ltr'><strong>siqnidem</strong></span> <span class='ocrx_word' id='word_1_498' title='bbox 1506 3375 1604 3424; x_wconf 89' lang='lat' dir='ltr'><strong>iste</strong></span> <span class='ocrx_word' id='word_1_499' title='bbox 1637 3374 1911 3439; x_wconf 71' lang='lat' dir='ltr'><strong>plagiarius</strong></span> <span class='ocrx_word' id='word_1_500' title='bbox 1946 3376 2145 3432; x_wconf 79' lang='lat' dir='ltr'><strong>referat,</strong></span> <span class='ocrx_word' id='word_1_501' title='bbox 2184 3391 2239 3425; x_wconf 88' lang='lat' dir='ltr'><strong>se</strong></span> <span class='ocrx_word' id='word_1_502' title='bbox 2276 3383 2397 3427; x_wconf 87' lang='lat' dir='ltr'><strong>ante</strong></span> <span class='ocrx_word' id='word_1_503' title='bbox 2430 3379 2696 3427; x_wconf 87' lang='lat' dir='ltr'><strong>triennium</strong></span> <span class='ocrx_word' id='word_1_504' title='bbox 2733 3379 2852 3434; x_wconf 81' lang='lat' dir='ltr'><strong>fere,</strong></span> <span class='ocrx_word' id='word_1_505' title='bbox 2896 3383 3156 3442; x_wconf 85' lang='lat' dir='ltr'><strong>postquam</strong></span> <span class='ocrx_word' id='word_1_506' title='bbox 3190 3376 3325 3426; x_wconf 83' lang='lat' dir='ltr'><strong>hanc</strong></span> 
     </span>
     <span class='ocr_line' id='line_1_41' title="bbox 585 3443 3325 3513; baseline 0 -18"><span class='ocrx_word' id='word_1_507' title='bbox 585 3448 638 3495; x_wconf 91' lang='lat' dir='ltr'><strong>in</strong></span> <span class='ocrx_word' id='word_1_508' title='bbox 678 3445 864 3510; x_wconf 86' lang='lat' dir='ltr'><strong>angulo</strong></span> <span class='ocrx_word' id='word_1_509' title='bbox 903 3445 1118 3509; x_wconf 83' lang='lat' dir='ltr'><strong>quodam</strong></span> <span class='ocrx_word' id='word_1_510' title='bbox 1153 3445 1292 3508; x_wconf 87' lang='lat' dir='ltr'><strong>regni</strong></span> <span class='ocrx_word' id='word_1_511' title='bbox 1327 3443 1564 3494; x_wconf 82' lang='lat' dir='ltr'><strong>Poloniae</strong></span> <span class='ocrx_word' id='word_1_512' title='bbox 1603 3446 1943 3510; x_wconf 79' lang='lat' dir='ltr'><strong>excogitasset</strong></span> <span class='ocrx_word' id='word_1_513' title='bbox 1978 3444 2225 3511; x_wconf 81' lang='lat' dir='ltr'><strong>(intellige</strong></span> <span class='ocrx_word' id='word_1_514' title='bbox 2248 3448 2411 3510; x_wconf 85' lang='lat' dir='ltr'><strong>potius</strong></span> <span class='ocrx_word' id='word_1_515' title='bbox 2434 3449 2485 3498; x_wconf 88' lang='lat' dir='ltr'><strong>in</strong></span> <span class='ocrx_word' id='word_1_516' title='bbox 2510 3447 2675 3498; x_wconf 84' lang='lat' dir='ltr'><strong>insula</strong></span> <span class='ocrx_word' id='word_1_517' title='bbox 2696 3450 2837 3513; x_wconf 83' lang='lat' dir='ltr'><strong>regui</strong></span> <span class='ocrx_word' id='word_1_518' title='bbox 2861 3449 3065 3498; x_wconf 85' lang='lat' dir='ltr'><strong>Daniae</strong></span> <span class='ocrx_word' id='word_1_519' title='bbox 3088 3447 3325 3508; x_wconf 88' lang='lat' dir='ltr'><strong>Huenna,</strong></span> 
     </span>
     <span class='ocr_line' id='line_1_42' title="bbox 587 3513 3325 3584; baseline 0 -18"><span class='ocrx_word' id='word_1_520' title='bbox 587 3516 786 3580; x_wconf 87' lang='lat' dir='ltr'><strong>quando</strong></span> <span class='ocrx_word' id='word_1_521' title='bbox 826 3529 957 3565; x_wconf 90' lang='lat' dir='ltr'><strong>anno</strong></span> <span class='ocrx_word' id='word_1_522' title='bbox 997 3513 1082 3564; x_wconf 77' lang='lat'><strong>84.</strong></span> <span class='ocrx_word' id='word_1_523' title='bbox 1136 3516 1188 3564; x_wconf 89' lang='lat' dir='ltr'><strong>in</strong></span> <span class='ocrx_word' id='word_1_524' title='bbox 1225 3515 1500 3578; x_wconf 85' lang='lat' dir='ltr'><strong>Septembri</strong></span> <span class='ocrx_word' id='word_1_525' title='bbox 1547 3530 1660 3565; x_wconf 89' lang='lat' dir='ltr'><strong>cum</strong></span> <span class='ocrx_word' id='word_1_526' title='bbox 1695 3515 1825 3566; x_wconf 84' lang='lat' dir='ltr'><strong>Nob.</strong></span> <span class='ocrx_word' id='word_1_527' title='bbox 1864 3522 1918 3566; x_wconf 92' lang='lat' dir='ltr'><strong>et</strong></span> <span class='ocrx_word' id='word_1_528' title='bbox 1952 3515 2172 3567; x_wconf 86' lang='lat' dir='ltr'><strong>Doctiss.</strong></span> <span class='ocrx_word' id='word_1_529' title='bbox 2217 3519 2317 3567; x_wconf 81' lang='lat' dir='ltr'><strong>viro</strong></span> <span class='ocrx_word' id='word_1_530' title='bbox 2352 3517 2423 3568; x_wconf 86' lang='lat' dir='ltr'><strong>D.</strong></span> <span class='ocrx_word' id='word_1_531' title='bbox 2472 3519 2653 3568; x_wconf 87' lang='lat' dir='ltr'><strong>Erico</strong></span> <span class='ocrx_word' id='word_1_532' title='bbox 2702 3518 2949 3584; x_wconf 83' lang='lat' dir='ltr'><strong>Lange,</strong></span> <span class='ocrx_word' id='word_1_533' title='bbox 3002 3519 3163 3570; x_wconf 88' lang='lat' dir='ltr'><strong>amico</strong></span> <span class='ocrx_word' id='word_1_534' title='bbox 3212 3531 3325 3568; x_wconf 87' lang='lat' dir='ltr'><strong>meo</strong></span> 
     </span>
     <span class='ocr_line' id='line_1_43' title="bbox 587 3585 3318 3656; baseline 0 -19"><span class='ocrx_word' id='word_1_535' title='bbox 587 3587 844 3653; x_wconf 75' lang='lat' dir='ltr'><strong>singulari,</strong></span> <span class='ocrx_word' id='word_1_536' title='bbox 885 3587 966 3636; x_wconf 87' lang='lat' dir='ltr'><strong>cni</strong></span> <span class='ocrx_word' id='word_1_537' title='bbox 1001 3593 1122 3636; x_wconf 87' lang='lat' dir='ltr'><strong>tunc</strong></span> <span class='ocrx_word' id='word_1_538' title='bbox 1157 3586 1471 3646; x_wconf 81' lang='lat' dir='ltr'><strong>inserviebat,</strong></span> <span class='ocrx_word' id='word_1_539' title='bbox 1509 3586 1589 3638; x_wconf 88' lang='lat' dir='ltr'><strong>hic</strong></span> <span class='ocrx_word' id='word_1_540' title='bbox 1629 3586 1887 3644; x_wconf 76' lang='lat' dir='ltr'><strong>adfuisset,</strong></span> <span class='ocrx_word' id='word_1_541' title='bbox 1926 3589 2059 3651; x_wconf 88' lang='lat' dir='ltr'><strong>apud</strong></span> <span class='ocrx_word' id='word_1_542' title='bbox 2084 3603 2164 3638; x_wconf 88' lang='lat' dir='ltr'><strong>me</strong></span> <span class='ocrx_word' id='word_1_543' title='bbox 2194 3589 2324 3638; x_wconf 88' lang='lat' dir='ltr'><strong>clam</strong></span> <span class='ocrx_word' id='word_1_544' title='bbox 2352 3597 2604 3654; x_wconf 83' lang='lat' dir='ltr'><strong>exceptas,</strong></span> <span class='ocrx_word' id='word_1_545' title='bbox 2640 3597 2701 3639; x_wconf 89' lang='lat' dir='ltr'><strong>ut</strong></span> <span class='ocrx_word' id='word_1_546' title='bbox 2722 3591 2971 3656; x_wconf 85' lang='lat' dir='ltr'><strong>quaedam</strong></span> <span class='ocrx_word' id='word_1_547' title='bbox 2994 3591 3151 3640; x_wconf 81' lang='lat' dir='ltr'><strong>etiam</strong></span> <span class='ocrx_word' id='word_1_548' title='bbox 3173 3585 3318 3651; x_wconf 85' lang='lat' dir='ltr'><strong>alia),</strong></span> 
     </span>
     <span class='ocr_line' id='line_1_44' title="bbox 584 3657 3319 3726; baseline 0.001 -18"><span class='ocrx_word' id='word_1_549' title='bbox 584 3657 662 3709; x_wconf 87' lang='lat' dir='ltr'><strong>Ill.</strong></span> <span class='ocrx_word' id='word_1_550' title='bbox 689 3658 908 3721; x_wconf 86' lang='lat' dir='ltr'><strong>Principi</strong></span> <span class='ocrx_word' id='word_1_551' title='bbox 931 3657 1148 3708; x_wconf 85' lang='lat' dir='ltr'><strong>Hassiae</strong></span> <span class='ocrx_word' id='word_1_552' title='bbox 1185 3657 1436 3714; x_wconf 80' lang='lat' dir='ltr'><strong>obtulisse,</strong></span> <span class='ocrx_word' id='word_1_553' title='bbox 1479 3664 1631 3722; x_wconf 83' lang='lat' dir='ltr'><strong>atque</strong></span> <span class='ocrx_word' id='word_1_554' title='bbox 1669 3659 1734 3707; x_wconf 89' lang='lat' dir='ltr'><strong>ab</strong></span> <span class='ocrx_word' id='word_1_555' title='bbox 1767 3659 1920 3721; x_wconf 86' lang='lat' dir='ltr'><strong>ipsius</strong></span> <span class='ocrx_word' id='word_1_556' title='bbox 1960 3658 2130 3708; x_wconf 87' lang='lat' dir='ltr'><strong>Celsit.</strong></span> <span class='ocrx_word' id='word_1_557' title='bbox 2172 3659 2365 3710; x_wconf 85' lang='lat' dir='ltr'><strong>artifice</strong></span> <span class='ocrx_word' id='word_1_558' title='bbox 2400 3659 2432 3710; x_wconf 86' lang='lat' dir='ltr'>J</span> <span class='ocrx_word' id='word_1_559' title='bbox 2442 3668 2585 3711; x_wconf 84' lang='lat' dir='ltr'><strong>usto</strong></span> <span class='ocrx_word' id='word_1_560' title='bbox 2610 3661 2843 3726; x_wconf 84' lang='lat' dir='ltr'><strong>Byrgio</strong></span> <span class='ocrx_word' id='word_1_561' title='bbox 2880 3663 2931 3710; x_wconf 91' lang='lat' dir='ltr'><strong>in</strong></span> <span class='ocrx_word' id='word_1_562' title='bbox 2970 3661 3319 3712; x_wconf 82' lang='lat' dir='ltr'><strong>orichaloicum</strong></span> 
     </span>
     <span class='ocr_line' id='line_1_45' title="bbox 585 3723 3321 3798; baseline 0.001 -18"><span class='ocrx_word' id='word_1_563' title='bbox 585 3735 904 3780; x_wconf 77' lang='lat' dir='ltr'><strong>automatum</strong></span> <span class='ocrx_word' id='word_1_564' title='bbox 939 3729 1172 3778; x_wconf 77' lang='lat' dir='ltr'><strong>redactas</strong></span> <span class='ocrx_word' id='word_1_565' title='bbox 1210 3742 1334 3778; x_wconf 87' lang='lat' dir='ltr'><strong>esse.</strong></span> <span class='ocrx_word' id='word_1_566' title='bbox 1409 3728 1512 3778; x_wconf 85' lang='lat' dir='ltr'><strong>Sed</strong></span> <span class='ocrx_word' id='word_1_567' title='bbox 1548 3731 1670 3778; x_wconf 87' lang='lat' dir='ltr'><strong>satis</strong></span> <span class='ocrx_word' id='word_1_568' title='bbox 1705 3729 1869 3792; x_wconf 80' lang='lat' dir='ltr'><strong>prodit</strong></span> <span class='ocrx_word' id='word_1_569' title='bbox 1911 3730 2095 3779; x_wconf 81' lang='lat' dir='ltr'><strong>furtum</strong></span> <span class='ocrx_word' id='word_1_570' title='bbox 2130 3723 2273 3779; x_wconf 78' lang='lat' dir='ltr'><strong>suuni</strong></span> <span class='ocrx_word' id='word_1_571' title='bbox 2318 3731 2415 3782; x_wconf 85' lang='lat' dir='ltr'><strong>iste</strong></span> <span class='ocrx_word' id='word_1_572' title='bbox 2459 3732 2695 3796; x_wconf 86' lang='lat' dir='ltr'><strong>impostor</strong></span> <span class='ocrx_word' id='word_1_573' title='bbox 2740 3746 2939 3797; x_wconf 86' lang='lat' dir='ltr'><strong>unaque</strong></span> <span class='ocrx_word' id='word_1_574' title='bbox 2982 3733 3321 3798; x_wconf 74' lang='lat' dir='ltr'><strong>ignorantiam</strong></span> 
     </span>
     <span class='ocr_line' id='line_1_46' title="bbox 585 3798 3317 3864; baseline 0.001 -14"><span class='ocrx_word' id='word_1_575' title='bbox 585 3802 675 3856; x_wconf 83' lang='lat' dir='ltr'><strong>rei.</strong></span> <span class='ocrx_word' id='word_1_576' title='bbox 715 3813 864 3864; x_wconf 89' lang='lat' dir='ltr'><strong>quam</strong></span> <span class='ocrx_word' id='word_1_577' title='bbox 903 3799 1143 3848; x_wconf 76' lang='lat' dir='ltr'><strong>venditat.</strong></span> <span class='ocrx_word' id='word_1_578' title='bbox 1206 3798 1340 3848; x_wconf 88' lang='lat' dir='ltr'><strong>Dum</strong></span> <span class='ocrx_word' id='word_1_579' title='bbox 1379 3801 1512 3848; x_wconf 86' lang='lat' dir='ltr'><strong>enim</strong></span> <span class='ocrx_word' id='word_1_580' title='bbox 1548 3799 1714 3849; x_wconf 87' lang='lat' dir='ltr'><strong>orbem</strong></span> <span class='ocrx_word' id='word_1_581' title='bbox 1751 3799 1930 3849; x_wconf 78' lang='lat' dir='ltr'><strong>Martis</strong></span> <span class='ocrx_word' id='word_1_582' title='bbox 1966 3800 2189 3850; x_wconf 83' lang='lat' dir='ltr'><strong>totaliter</strong></span> <span class='ocrx_word' id='word_1_583' title='bbox 2226 3801 2448 3852; x_wconf 88' lang='lat' dir='ltr'><strong>Solarem</strong></span> <span class='ocrx_word' id='word_1_584' title='bbox 2484 3805 2785 3853; x_wconf 83' lang='lat' dir='ltr'><strong>ambientem</strong></span> <span class='ocrx_word' id='word_1_585' title='bbox 2822 3804 3057 3864; x_wconf 84' lang='lat' dir='ltr'><strong>delineat,</strong></span> <span class='ocrx_word' id='word_1_586' title='bbox 3094 3805 3317 3852; x_wconf 72' lang='lat' dir='ltr'><strong>imitatur</strong></span> 
     </span>
     <span class='ocr_line' id='line_1_47' title="bbox 585 3869 3321 3939; baseline 0 -18"><span class='ocrx_word' id='word_1_587' title='bbox 585 3872 766 3921; x_wconf 70' lang='lat' dir='ltr'><strong>falsam</strong></span> <span class='ocrx_word' id='word_1_588' title='bbox 806 3871 1055 3934; x_wconf 85' lang='lat' dir='ltr'><strong>quandam</strong></span> <span class='ocrx_word' id='word_1_589' title='bbox 1093 3869 1516 3934; x_wconf 83' lang='lat' dir='ltr'><strong>designationem..</strong></span> <span class='ocrx_word' id='word_1_590' title='bbox 1555 3884 1712 3934; x_wconf 83' lang='lat' dir='ltr'><strong>quae,</strong></span> <span class='ocrx_word' id='word_1_591' title='bbox 1747 3871 1917 3920; x_wconf 88' lang='lat' dir='ltr'><strong>nescio</strong></span> <span class='ocrx_word' id='word_1_592' title='bbox 1954 3885 2053 3935; x_wconf 85' lang='lat' dir='ltr'><strong>qua</strong></span> <span class='ocrx_word' id='word_1_593' title='bbox 2085 3873 2305 3927; x_wconf 81' lang='lat' dir='ltr'><strong>incuria,</strong></span> <span class='ocrx_word' id='word_1_594' title='bbox 2345 3873 2427 3923; x_wconf 83' lang='lat' dir='ltr'><strong>hic</strong></span> <span class='ocrx_word' id='word_1_595' title='bbox 2462 3875 2535 3924; x_wconf 85' lang='lat' dir='ltr'><strong>ita</strong></span> <span class='ocrx_word' id='word_1_596' title='bbox 2572 3874 2771 3938; x_wconf 84' lang='lat' dir='ltr'><strong>depicta</strong></span> <span class='ocrx_word' id='word_1_597' title='bbox 2807 3881 2940 3935; x_wconf 83' lang='lat' dir='ltr'><strong>erat,</strong></span> <span class='ocrx_word' id='word_1_598' title='bbox 2984 3881 3131 3939; x_wconf 84' lang='lat' dir='ltr'><strong>atque</strong></span> <span class='ocrx_word' id='word_1_599' title='bbox 3170 3875 3231 3923; x_wconf 91' lang='lat' dir='ltr'><strong>ob</strong></span> <span class='ocrx_word' id='word_1_600' title='bbox 3266 3873 3321 3923; x_wconf 85' lang='lat' dir='ltr'><strong>id</strong></span> 
     </span>
     <span class='ocr_line' id='line_1_48' title="bbox 588 3939 3321 4010; baseline 0.001 -19"><span class='ocrx_word' id='word_1_601' title='bbox 588 3951 830 4005; x_wconf 88' lang='lat' dir='ltr'><strong>tanquam</strong></span> <span class='ocrx_word' id='word_1_602' title='bbox 867 3942 1040 4003; x_wconf 90' lang='lat' dir='ltr'><strong>inepta</strong></span> <span class='ocrx_word' id='word_1_603' title='bbox 1075 3939 1257 3990; x_wconf 86' lang='lat' dir='ltr'><strong>alicubi</strong></span> <span class='ocrx_word' id='word_1_604' title='bbox 1291 3941 1426 3990; x_wconf 88' lang='lat' dir='ltr'><strong>inter</strong></span> <span class='ocrx_word' id='word_1_605' title='bbox 1461 3939 1660 3990; x_wconf 83' lang='lat' dir='ltr'><strong>chartas</strong></span> <span class='ocrx_word' id='word_1_606' title='bbox 1695 3955 1845 4010; x_wconf 33' lang='lat' dir='ltr'><strong>meas·</strong></span> <span class='ocrx_word' id='word_1_607' title='bbox 1873 3944 2111 4004; x_wconf 83' lang='lat' dir='ltr'><strong>projecta,</strong></span> <span class='ocrx_word' id='word_1_608' title='bbox 2152 3957 2301 4008; x_wconf 87' lang='lat' dir='ltr'><strong>quam</strong></span> <span class='ocrx_word' id='word_1_609' title='bbox 2338 3947 2609 3995; x_wconf 88' lang='lat' dir='ltr'><strong>etiamnum</strong></span> <span class='ocrx_word' id='word_1_610' title='bbox 2634 3945 2700 3996; x_wconf 89' lang='lat' dir='ltr'><strong>ad</strong></span> <span class='ocrx_word' id='word_1_611' title='bbox 2724 3959 2901 3995; x_wconf 86' lang='lat' dir='ltr'><strong>manus</strong></span> <span class='ocrx_word' id='word_1_612' title='bbox 2924 3946 3101 4005; x_wconf 87' lang='lat' dir='ltr'><strong>habeo,</strong></span> <span class='ocrx_word' id='word_1_613' title='bbox 3142 3945 3321 3994; x_wconf 87' lang='lat' dir='ltr'><strong>eodem</strong></span> 
     </span>
     <span class='ocr_line' id='line_1_49' title="bbox 589 4011 3319 4081; baseline 0.001 -19"><span class='ocrx_word' id='word_1_614' title='bbox 589 4014 790 4062; x_wconf 86' lang='lat' dir='ltr'><strong>nomine</strong></span> <span class='ocrx_word' id='word_1_615' title='bbox 825 4012 1128 4075; x_wconf 82' lang='lat' dir='ltr'><strong>requisitam,</strong></span> <span class='ocrx_word' id='word_1_616' title='bbox 1168 4017 1226 4060; x_wconf 87' lang='lat' dir='ltr'><strong>ut</strong></span> <span class='ocrx_word' id='word_1_617' title='bbox 1263 4017 1396 4062; x_wconf 83' lang='lat' dir='ltr'><strong>certe</strong></span> <span class='ocrx_word' id='word_1_618' title='bbox 1433 4011 1485 4062; x_wconf 91' lang='lat' dir='ltr'><strong>id</strong></span> <span class='ocrx_word' id='word_1_619' title='bbox 1523 4013 1684 4075; x_wconf 87' lang='lat' dir='ltr'><strong>ipsum</strong></span> <span class='ocrx_word' id='word_1_620' title='bbox 1721 4019 1934 4075; x_wconf 84' lang='lat' dir='ltr'><strong>pateret.</strong></span> <span class='ocrx_word' id='word_1_621' title='bbox 1994 4012 2213 4077; x_wconf 87' lang='lat' dir='ltr'><strong>Cumque</strong></span> <span class='ocrx_word' id='word_1_622' title='bbox 2249 4015 2421 4065; x_wconf 78' lang='lat' dir='ltr'><strong>vitium</strong></span> <span class='ocrx_word' id='word_1_623' title='bbox 2454 4017 2603 4076; x_wconf 87' lang='lat' dir='ltr'><strong>istud,</strong></span> <span class='ocrx_word' id='word_1_624' title='bbox 2644 4018 2695 4066; x_wconf 87' lang='lat' dir='ltr'><strong>in</strong></span> <span class='ocrx_word' id='word_1_625' title='bbox 2725 4016 2980 4068; x_wconf 85' lang='lat' dir='ltr'><strong>schemate</strong></span> <span class='ocrx_word' id='word_1_626' title='bbox 3006 4015 3319 4081; x_wconf 85' lang='lat' dir='ltr'><strong>depingendo</strong></span> 
     </span>
     <span class='ocr_line' id='line_1_50' title="bbox 591 4082 3320 4150; baseline 0.001 -17"><span class='ocrx_word' id='word_1_627' title='bbox 591 4083 898 4139; x_wconf 85' lang='lat' dir='ltr'><strong>commisum.</strong></span> <span class='ocrx_word' id='word_1_628' title='bbox 941 4082 1206 4131; x_wconf 84' lang='lat' dir='ltr'><strong>emendare</strong></span> <span class='ocrx_word' id='word_1_629' title='bbox 1241 4083 1532 4146; x_wconf 74' lang='lat' dir='ltr'><strong>nequiverit,</strong></span> <span class='ocrx_word' id='word_1_630' title='bbox 1569 4083 1871 4134; x_wconf 84' lang='lat' dir='ltr'><strong>sufficienter</strong></span> <span class='ocrx_word' id='word_1_631' title='bbox 1896 4083 2287 4150; x_wconf 80' lang='lat' dir='ltr'><strong>intelligentibus</strong></span> <span class='ocrx_word' id='word_1_632' title='bbox 2310 4093 2482 4136; x_wconf 85' lang='lat' dir='ltr'><strong>notum</strong></span> <span class='ocrx_word' id='word_1_633' title='bbox 2524 4088 2703 4145; x_wconf 85' lang='lat' dir='ltr'><strong>reddit,</strong></span> <span class='ocrx_word' id='word_1_634' title='bbox 2740 4102 2797 4138; x_wconf 88' lang='lat' dir='ltr'><strong>se</strong></span> <span class='ocrx_word' id='word_1_635' title='bbox 2834 4101 2946 4139; x_wconf 84' lang='lat' dir='ltr'><strong>eam</strong></span> <span class='ocrx_word' id='word_1_636' title='bbox 2982 4089 3320 4138; x_wconf 77' lang='lat' dir='ltr'><strong>inventionem</strong></span> 
     </span>
     <span class='ocr_line' id='line_1_51' title="bbox 585 4152 3323 4222; baseline 0.001 -18"><span class='ocrx_word' id='word_1_637' title='bbox 585 4169 690 4204; x_wconf 80' lang='lat' dir='ltr'><strong>non</strong></span> <span class='ocrx_word' id='word_1_638' title='bbox 723 4153 1022 4217; x_wconf 87' lang='lat' dir='ltr'><strong>intelligere,</strong></span> <span class='ocrx_word' id='word_1_639' title='bbox 1060 4152 1216 4202; x_wconf 88' lang='lat' dir='ltr'><strong>multo</strong></span> <span class='ocrx_word' id='word_1_640' title='bbox 1241 4155 1403 4204; x_wconf 74' lang='lat' dir='ltr'><strong>uiinus</strong></span> <span class='ocrx_word' id='word_1_641' title='bbox 1427 4157 1534 4217; x_wconf 82' lang='lat' dir='ltr'><strong>ejus</strong></span> <span class='ocrx_word' id='word_1_642' title='bbox 1559 4160 1784 4204; x_wconf 88' lang='lat' dir='ltr'><strong>autorem</strong></span> <span class='ocrx_word' id='word_1_643' title='bbox 1819 4169 1945 4210; x_wconf 78' lang='lat' dir='ltr'><strong>esse.</strong></span> <span class='ocrx_word' id='word_1_644' title='bbox 1982 4161 2096 4205; x_wconf 91' lang='lat' dir='ltr'><strong>utut</strong></span> <span class='ocrx_word' id='word_1_645' title='bbox 2132 4157 2213 4205; x_wconf 88' lang='lat' dir='ltr'><strong>hic</strong></span> <span class='ocrx_word' id='word_1_646' title='bbox 2250 4159 2575 4221; x_wconf 81' lang='lat' dir='ltr'><strong>conquisitam</strong></span> <span class='ocrx_word' id='word_1_647' title='bbox 2608 4161 2703 4210; x_wconf 90' lang='lat' dir='ltr'><strong>sibi</strong></span> <span class='ocrx_word' id='word_1_648' title='bbox 2736 4161 3049 4221; x_wconf 87' lang='lat' dir='ltr'><strong>impudenter</strong></span> <span class='ocrx_word' id='word_1_649' title='bbox 3084 4171 3323 4222; x_wconf 88' lang='lat' dir='ltr'><strong>arrogare</strong></span> 
     </span>
     <span class='ocr_line' id='line_1_52' title="bbox 587 4222 3325 4291; baseline 0.001 -17"><span class='ocrx_word' id='word_1_650' title='bbox 587 4233 642 4274; x_wconf 89' lang='lat' dir='ltr'><strong>et</strong></span> <span class='ocrx_word' id='word_1_651' title='bbox 675 4224 750 4274; x_wconf 91' lang='lat' dir='ltr'><strong>Ill.</strong></span> <span class='ocrx_word' id='word_1_652' title='bbox 789 4223 1007 4286; x_wconf 88' lang='lat' dir='ltr'><strong>Principi</strong></span> <span class='ocrx_word' id='word_1_653' title='bbox 1035 4222 1358 4274; x_wconf 77' lang='lat' dir='ltr'><strong>wilhelmo</strong></span> <span class='ocrx_word' id='word_1_654' title='bbox 1375 4259 1390 4282; x_wconf 85' lang='lat'><strong>,</strong></span> <span class='ocrx_word' id='word_1_655' title='bbox 1429 4231 1668 4289; x_wconf 82' lang='lat' dir='ltr'><strong>tanquam</strong></span> <span class='ocrx_word' id='word_1_656' title='bbox 1703 4227 1951 4289; x_wconf 87' lang='lat' dir='ltr'><strong>propriam</strong></span> <span class='ocrx_word' id='word_1_657' title='bbox 1986 4229 2401 4291; x_wconf 83' lang='lat' dir='ltr'><strong>excogitationem</strong></span> <span class='ocrx_word' id='word_1_658' title='bbox 2438 4229 2668 4280; x_wconf 86' lang='lat' dir='ltr'><strong>dedicare</strong></span> <span class='ocrx_word' id='word_1_659' title='bbox 2702 4245 2801 4280; x_wconf 87' lang='lat' dir='ltr'><strong>non</strong></span> <span class='ocrx_word' id='word_1_660' title='bbox 2840 4231 3103 4281; x_wconf 85' lang='lat' dir='ltr'><strong>erubuerit.</strong></span> <span class='ocrx_word' id='word_1_661' title='bbox 3158 4229 3325 4280; x_wconf 80' lang='lat' dir='ltr'><strong>Multa</strong></span> 
     </span>
     <span class='ocr_line' id='line_1_53' title="bbox 589 4294 3322 4366; baseline 0 -20"><span class='ocrx_word' id='word_1_662' title='bbox 589 4299 796 4359; x_wconf 88' lang='lat' dir='ltr'><strong>insuper</strong></span> <span class='ocrx_word' id='word_1_663' title='bbox 830 4295 932 4344; x_wconf 87' lang='lat' dir='ltr'><strong>alia</strong></span> <span class='ocrx_word' id='word_1_664' title='bbox 965 4294 1122 4344; x_wconf 84' lang='lat' dir='ltr'><strong>habet</strong></span> <span class='ocrx_word' id='word_1_665' title='bbox 1155 4296 1204 4344; x_wconf 85' lang='lat' dir='ltr'><strong>in</strong></span> <span class='ocrx_word' id='word_1_666' title='bbox 1243 4297 1340 4344; x_wconf 86' lang='lat' dir='ltr'><strong>isto</strong></span> <span class='ocrx_word' id='word_1_667' title='bbox 1375 4296 1556 4354; x_wconf 83' lang='lat' dir='ltr'><strong>libello,</strong></span> <span class='ocrx_word' id='word_1_668' title='bbox 1597 4310 1725 4360; x_wconf 89' lang='lat' dir='ltr'><strong>quae</strong></span> <span class='ocrx_word' id='word_1_669' title='bbox 1761 4297 1883 4346; x_wconf 87' lang='lat' dir='ltr'><strong>licet</strong></span> <span class='ocrx_word' id='word_1_670' title='bbox 1904 4311 2005 4346; x_wconf 88' lang='lat' dir='ltr'><strong>non</strong></span> <span class='ocrx_word' id='word_1_671' title='bbox 2032 4300 2199 4347; x_wconf 84' lang='lat' dir='ltr'><strong>omnia</strong></span> <span class='ocrx_word' id='word_1_672' title='bbox 2220 4297 2337 4348; x_wconf 86' lang='lat' dir='ltr'><strong>hinc</strong></span> <span class='ocrx_word' id='word_1_673' title='bbox 2364 4300 2636 4361; x_wconf 87' lang='lat' dir='ltr'><strong>abstulerit,</strong></span> <span class='ocrx_word' id='word_1_674' title='bbox 2676 4308 2845 4351; x_wconf 85' lang='lat' dir='ltr'><strong>tamen</strong></span> <span class='ocrx_word' id='word_1_675' title='bbox 2881 4305 3062 4366; x_wconf 87' lang='lat' dir='ltr'><strong>partim</strong></span> <span class='ocrx_word' id='word_1_676' title='bbox 3100 4315 3133 4351; x_wconf 89' lang='lat' dir='ltr'><strong>a</strong></span> <span class='ocrx_word' id='word_1_677' title='bbox 3166 4300 3322 4356; x_wconf 76' lang='lat' dir='ltr'><strong>vobis,</strong></span> 
     </span>
     <span class='ocr_line' id='line_1_54' title="bbox 591 4365 3323 4435; baseline 0.001 -18"><span class='ocrx_word' id='word_1_678' title='bbox 591 4367 774 4432; x_wconf 84' lang='lat' dir='ltr'><strong>partim</strong></span> <span class='ocrx_word' id='word_1_679' title='bbox 811 4366 877 4415; x_wconf 89' lang='lat' dir='ltr'><strong>ab</strong></span> <span class='ocrx_word' id='word_1_680' title='bbox 915 4365 1025 4414; x_wconf 85' lang='lat' dir='ltr'><strong>aliis</strong></span> <span class='ocrx_word' id='word_1_681' title='bbox 1059 4365 1426 4416; x_wconf 84' lang='lat' dir='ltr'><strong>mathematicis</strong></span> <span class='ocrx_word' id='word_1_682' title='bbox 1462 4367 1512 4415; x_wconf 90' lang='lat' dir='ltr'><strong>in</strong></span> <span class='ocrx_word' id='word_1_683' title='bbox 1553 4367 1839 4423; x_wconf 82' lang='lat' dir='ltr'><strong>Germania,</strong></span> <span class='ocrx_word' id='word_1_684' title='bbox 1879 4367 1981 4416; x_wconf 77' lang='lat' dir='ltr'><strong>sive</strong></span> <span class='ocrx_word' id='word_1_685' title='bbox 2020 4368 2165 4429; x_wconf 86' lang='lat' dir='ltr'><strong>clam,</strong></span> <span class='ocrx_word' id='word_1_686' title='bbox 2202 4371 2307 4419; x_wconf 80' lang='lat' dir='ltr'><strong>sive</strong></span> <span class='ocrx_word' id='word_1_687' title='bbox 2340 4369 2509 4435; x_wconf 85' lang='lat' dir='ltr'><strong>palam</strong></span> <span class='ocrx_word' id='word_1_688' title='bbox 2546 4374 2777 4433; x_wconf 85' lang='lat' dir='ltr'><strong>corrasit,</strong></span> <span class='ocrx_word' id='word_1_689' title='bbox 2820 4374 2945 4423; x_wconf 86' lang='lat' dir='ltr'><strong>adeo</strong></span> <span class='ocrx_word' id='word_1_690' title='bbox 2982 4378 3039 4424; x_wconf 85' lang='lat' dir='ltr'><strong>ut</strong></span> <span class='ocrx_word' id='word_1_691' title='bbox 3074 4374 3117 4424; x_wconf 88' lang='lat' dir='ltr'><strong>si</strong></span> <span class='ocrx_word' id='word_1_692' title='bbox 3154 4371 3323 4422; x_wconf 84' lang='lat' dir='ltr'><strong>aliena</strong></span> 
     </span>
     <span class='ocr_line' id='line_1_55' title="bbox 591 4436 1898 4502; baseline -0.001 -14"><span class='ocrx_word' id='word_1_693' title='bbox 591 4439 886 4494; x_wconf 85' lang='lat' dir='ltr'><strong>demantur,</strong></span> <span class='ocrx_word' id='word_1_694' title='bbox 921 4436 1048 4486; x_wconf 85' lang='lat' dir='ltr'><strong>nihil</strong></span> <span class='ocrx_word' id='word_1_695' title='bbox 1083 4436 1188 4486; x_wconf 80' lang='lat' dir='ltr'><strong>fere</strong></span> <span class='ocrx_word' id='word_1_696' title='bbox 1224 4442 1403 4494; x_wconf 88' lang='lat' dir='ltr'><strong>restet,</strong></span> <span class='ocrx_word' id='word_1_697' title='bbox 1441 4438 1573 4502; x_wconf 90' lang='lat' dir='ltr'><strong>quod</strong></span> <span class='ocrx_word' id='word_1_698' title='bbox 1609 4453 1754 4487; x_wconf 81' lang='lat' dir='ltr'><strong>suum</strong></span> <span class='ocrx_word' id='word_1_699' title='bbox 1787 4439 1898 4487; x_wconf 83' lang='lat' dir='ltr'><strong>erit.</strong></span> 
     </span>
    </p>

    <p class='ocr_par' dir='ltr' id='par_1_7' title="bbox 591 4507 3323 4647">
     <span class='ocr_line' id='line_1_56' title="bbox 737 4507 3323 4580; baseline 0.001 -22"><span class='ocrx_word' id='word_1_700' title='bbox 737 4507 840 4558; x_wconf 86' lang='lat' dir='ltr'><strong>Sed</strong></span> <span class='ocrx_word' id='word_1_701' title='bbox 874 4508 1096 4557; x_wconf 80' lang='lat' dir='ltr'><strong>facessat</strong></span> <span class='ocrx_word' id='word_1_702' title='bbox 1127 4508 1226 4558; x_wconf 87' lang='lat' dir='ltr'><strong>iste</strong></span> <span class='ocrx_word' id='word_1_703' title='bbox 1263 4522 1376 4557; x_wconf 86' lang='lat' dir='ltr'><strong>cum</strong></span> <span class='ocrx_word' id='word_1_704' title='bbox 1411 4523 1500 4557; x_wconf 87' lang='lat' dir='ltr'><strong>suo</strong></span> <span class='ocrx_word' id='word_1_705' title='bbox 1538 4509 1703 4574; x_wconf 80' lang='lat' dir='ltr'><strong>plagio</strong></span> <span class='ocrx_word' id='word_1_706' title='bbox 1717 4543 1731 4566; x_wconf 91' lang='lat'><strong>,</strong></span> <span class='ocrx_word' id='word_1_707' title='bbox 1780 4509 1873 4558; x_wconf 79' lang='lat' dir='ltr'><strong>tihi</strong></span> <span class='ocrx_word' id='word_1_708' title='bbox 1908 4517 1961 4558; x_wconf 91' lang='lat' dir='ltr'><strong>et</strong></span> <span class='ocrx_word' id='word_1_709' title='bbox 1996 4510 2108 4560; x_wconf 87' lang='lat' dir='ltr'><strong>aliis</strong></span> <span class='ocrx_word' id='word_1_710' title='bbox 2145 4511 2347 4562; x_wconf 87' lang='lat' dir='ltr'><strong>eruditis</strong></span> <span class='ocrx_word' id='word_1_711' title='bbox 2360 4547 2374 4570; x_wconf 91' lang='lat'><strong>,</strong></span> <span class='ocrx_word' id='word_1_712' title='bbox 2422 4513 2557 4577; x_wconf 85' lang='lat' dir='ltr'><strong>apud</strong></span> <span class='ocrx_word' id='word_1_713' title='bbox 2592 4528 2713 4578; x_wconf 89' lang='lat' dir='ltr'><strong>quos</strong></span> <span class='ocrx_word' id='word_1_714' title='bbox 2750 4513 3015 4580; x_wconf 85' lang='lat' dir='ltr'><strong>aliquando</strong></span> <span class='ocrx_word' id='word_1_715' title='bbox 3050 4515 3145 4567; x_wconf 78' lang='lat' dir='ltr'><strong>fuit</strong></span> <span class='ocrx_word' id='word_1_716' title='bbox 3160 4549 3175 4573; x_wconf 88' lang='lat'><strong>,</strong></span> <span class='ocrx_word' id='word_1_717' title='bbox 3212 4516 3323 4580; x_wconf 83' lang='lat' dir='ltr'><strong>quis</strong></span> 
     </span>
     <span class='ocr_line' id='line_1_57' title="bbox 591 4569 2879 4647; baseline 0.002 -19"><span class='ocrx_word' id='word_1_718' title='bbox 591 4579 660 4628; x_wconf 87' lang='lat' dir='ltr'><strong>sit</strong></span> <span class='ocrx_word' id='word_1_719' title='bbox 693 4583 748 4628; x_wconf 90' lang='lat' dir='ltr'><strong>et</strong></span> <span class='ocrx_word' id='word_1_720' title='bbox 783 4591 932 4642; x_wconf 83' lang='lat' dir='ltr'><strong>quam</strong></span> <span class='ocrx_word' id='word_1_721' title='bbox 967 4577 1232 4641; x_wconf 70' lang='lat' dir='ltr'><strong>perfrictae</strong></span> <span class='ocrx_word' id='word_1_722' title='bbox 1267 4578 1438 4629; x_wconf 72' lang='lat' dir='ltr'><strong>frontis</strong></span> <span class='ocrx_word' id='word_1_723' title='bbox 1477 4593 1814 4644; x_wconf 87' lang='lat' dir='ltr'><strong>arrogansque</strong></span> <span class='ocrx_word' id='word_1_724' title='bbox 1850 4587 2093 4645; x_wconf 83' lang='lat' dir='ltr'><strong>nugator,</strong></span> <span class='ocrx_word' id='word_1_725' title='bbox 2131 4584 2253 4632; x_wconf 81' lang='lat' dir='ltr'><strong>satis</strong></span> <span class='ocrx_word' id='word_1_726' title='bbox 2290 4591 2593 4647; x_wconf 82' lang='lat' dir='ltr'><strong>perspectus.</strong></span> <span class='ocrx_word' id='word_1_727' title='bbox 2854 4569 2879 4592; x_wconf 75' lang='lat'>⁸</span> 
     </span>
    </p>

    <p class='ocr_par' dir='ltr' id='par_1_8' title="bbox 737 4647 2714 4716">
     <span class='ocr_line' id='line_1_58' title="bbox 737 4647 2714 4716; baseline 0.005 -19"><span class='ocrx_word' id='word_1_728' title='bbox 737 4647 882 4708; x_wconf 82' lang='lat' dir='ltr'><strong>Quae</strong></span> <span class='ocrx_word' id='word_1_729' title='bbox 919 4648 982 4697; x_wconf 90' lang='lat' dir='ltr'><strong>de</strong></span> <span class='ocrx_word' id='word_1_730' title='bbox 1019 4647 1328 4700; x_wconf 87' lang='lat' dir='ltr'><strong>Duncano</strong></span> <span class='ocrx_word' id='word_1_731' title='bbox 1365 4650 1534 4713; x_wconf 82' lang='lat' dir='ltr'><strong>Tycho</strong></span> <span class='ocrx_word' id='word_1_732' title='bbox 1571 4649 1720 4700; x_wconf 81' lang='lat' dir='ltr'><strong>affert</strong></span> <span class='ocrx_word' id='word_1_733' title='bbox 1754 4647 1897 4716; x_wconf 78' lang='lat' dir='ltr'><strong>(pag.</strong></span> <span class='ocrx_word' id='word_1_734' title='bbox 1938 4649 2066 4713; x_wconf 74' lang='lat'><strong>224)</strong></span> <span class='ocrx_word' id='word_1_735' title='bbox 2084 4687 2097 4710; x_wconf 91' lang='lat'><strong>,</strong></span> <span class='ocrx_word' id='word_1_736' title='bbox 2135 4651 2213 4704; x_wconf 80' lang='lat' dir='ltr'><strong>his</strong></span> <span class='ocrx_word' id='word_1_737' title='bbox 2250 4655 2547 4705; x_wconf 84' lang='lat' dir='ltr'><strong>illustranda</strong></span> <span class='ocrx_word' id='word_1_738' title='bbox 2581 4663 2714 4706; x_wconf 87' lang='lat' dir='ltr'><strong>sunt.</strong></span> 
     </span>
    </p>

    <p class='ocr_par' dir='ltr' id='par_1_9' title="bbox 591 4717 3327 4937">
     <span class='ocr_line' id='line_1_59' title="bbox 735 4717 3321 4793; baseline 0.005 -27"><span class='ocrx_word' id='word_1_739' title='bbox 735 4717 1078 4770; x_wconf 86' lang='lat' dir='ltr'><strong>Duncanus</strong></span> <span class='ocrx_word' id='word_1_740' title='bbox 1113 4718 1448 4772; x_wconf 86' lang='lat' dir='ltr'><strong>Liddelius</strong></span> <span class='ocrx_word' id='word_1_741' title='bbox 1472 4721 1841 4771; x_wconf 80' lang='lat' dir='ltr'><strong>Aberdonensis</strong></span> <span class='ocrx_word' id='word_1_742' title='bbox 1866 4721 2062 4783; x_wconf 72' lang='lat' dir='ltr'><strong>Scoms,</strong></span> <span class='ocrx_word' id='word_1_743' title='bbox 2098 4725 2469 4776; x_wconf 83' lang='lat' dir='ltr'><strong>mathematicis</strong></span> <span class='ocrx_word' id='word_1_744' title='bbox 2502 4727 2701 4791; x_wconf 83' lang='lat' dir='ltr'><strong>quidem</strong></span> <span class='ocrx_word' id='word_1_745' title='bbox 2739 4733 2791 4778; x_wconf 91' lang='lat' dir='ltr'><strong>et</strong></span> <span class='ocrx_word' id='word_1_746' title='bbox 2826 4730 3167 4780; x_wconf 86' lang='lat' dir='ltr'><strong>astronomicis</strong></span> <span class='ocrx_word' id='word_1_747' title='bbox 3204 4743 3321 4793; x_wconf 88' lang='lat' dir='ltr'><strong>ope-</strong></span> 
     </span>
     <span class='ocr_line' id='line_1_60' title="bbox 591 4788 3324 4865; baseline 0.004 -27"><span class='ocrx_word' id='word_1_748' title='bbox 591 4801 702 4840; x_wconf 84' lang='lat' dir='ltr'><strong>ram</strong></span> <span class='ocrx_word' id='word_1_749' title='bbox 737 4788 874 4839; x_wconf 89' lang='lat' dir='ltr'><strong>dedit</strong></span> <span class='ocrx_word' id='word_1_750' title='bbox 889 4825 904 4848; x_wconf 87' lang='lat'><strong>,</strong></span> <span class='ocrx_word' id='word_1_751' title='bbox 955 4803 1114 4854; x_wconf 73' lang='lat' dir='ltr'><strong>eaque</strong></span> <span class='ocrx_word' id='word_1_752' title='bbox 1151 4791 1322 4842; x_wconf 74' lang='lat' dir='ltr'><strong>docuit</strong></span> <span class='ocrx_word' id='word_1_753' title='bbox 1355 4791 1612 4842; x_wconf 77' lang='lat' dir='ltr'><strong>Rnstochii</strong></span> <span class='ocrx_word' id='word_1_754' title='bbox 1649 4799 1702 4841; x_wconf 91' lang='lat' dir='ltr'><strong>et</strong></span> <span class='ocrx_word' id='word_1_755' title='bbox 1738 4792 2037 4844; x_wconf 84' lang='lat' dir='ltr'><strong>Helmstadii</strong></span> <span class='ocrx_word' id='word_1_756' title='bbox 2053 4829 2067 4851; x_wconf 87' lang='lat'><strong>,</strong></span> <span class='ocrx_word' id='word_1_757' title='bbox 2115 4798 2379 4860; x_wconf 87' lang='lat' dir='ltr'><strong>praecipue</strong></span> <span class='ocrx_word' id='word_1_758' title='bbox 2418 4807 2587 4848; x_wconf 82' lang='lat' dir='ltr'><strong>autem</strong></span> <span class='ocrx_word' id='word_1_759' title='bbox 2624 4798 2776 4849; x_wconf 87' lang='lat' dir='ltr'><strong>coluit</strong></span> <span class='ocrx_word' id='word_1_760' title='bbox 2810 4801 3107 4851; x_wconf 81' lang='lat' dir='ltr'><strong>medicinam</strong></span> <span class='ocrx_word' id='word_1_761' title='bbox 3126 4837 3140 4862; x_wconf 88' lang='lat'><strong>,</strong></span> <span class='ocrx_word' id='word_1_762' title='bbox 3193 4801 3324 4865; x_wconf 85' lang='lat' dir='ltr'><strong>quod</strong></span> 
     </span>
     <span class='ocr_line' id='line_1_61' title="bbox 591 4860 3327 4937; baseline 0.004 -27"><span class='ocrx_word' id='word_1_763' title='bbox 591 4865 808 4916; x_wconf 80' lang='lat' dir='ltr'><strong>testatur</strong></span> <span class='ocrx_word' id='word_1_764' title='bbox 859 4874 980 4924; x_wconf 86' lang='lat' dir='ltr'><strong>opus</strong></span> <span class='ocrx_word' id='word_1_765' title='bbox 1033 4863 1140 4924; x_wconf 77' lang='lat' dir='ltr'><strong>eJus</strong></span> <span class='ocrx_word' id='word_1_766' title='bbox 1181 4861 1652 4922; x_wconf 47' lang='lat' dir='ltr'><strong>„Istro-Galeam&amp;</strong></span> <span class='ocrx_word' id='word_1_767' title='bbox 1701 4860 1806 4924; x_wconf 85' lang='lat' dir='ltr'><strong>(ed.</strong></span> <span class='ocrx_word' id='word_1_768' title='bbox 1858 4862 2038 4928; x_wconf 75' lang='lat'>1⁶24).</span> <span class='ocrx_word' id='word_1_769' title='bbox 2114 4869 2331 4918; x_wconf 79' lang='lat' dir='ltr'><strong>Auctore</strong></span> <span class='ocrx_word' id='word_1_770' title='bbox 2370 4866 2641 4920; x_wconf 86' lang='lat' dir='ltr'><strong>Caselio</strong></span> <span class='ocrx_word' id='word_1_771' title='bbox 2693 4867 2840 4935; x_wconf 75' lang='lat' dir='ltr'><strong>(prof.</strong></span> <span class='ocrx_word' id='word_1_772' title='bbox 2878 4872 3219 4937; x_wconf 85' lang='lat' dir='ltr'><strong>philosophiae</strong></span> <span class='ocrx_word' id='word_1_773' title='bbox 3270 4875 3327 4922; x_wconf 83' lang='lat' dir='ltr'><strong>et</strong></span> 
     </span>
    </p>
   </div>
  </div>
 </body>
</html>
