3634 5575
1480 378 1803 433 Prooemium.
2908 378 2995 447 25

294 552 456 589 rerum
490 540 954 663 typogaphieasum
987 540 1160 605 perito.
1221 540 1354 593 Hine
1387 540 1548 593 nullus
1583 541 1949 607 typothetarum
1984 543 2117 609 operi
2151 556 2327 595 manus
2364 544 2625 595 admovere
2658 546 2855 607 potest3
2890 544 2995 609 ipse

301 624 450 676 cogor
484 616 604 675 typo
659 618 792 663 etam
830 626 994 678 agere.

433 690 620 743 Notam
651 672 768 760 Θ,
805 706 934 757 quae
967 693 1057 743 tibi
1090 691 1294 745 Terram
1329 694 1616 759 οἰκειῶσαι..
1639 710 1738 744 non
1774 694 2037 753 habemus,
2074 694 2185 745 ideo
2220 710 2307 760 pro
2344 710 2401 745 eo
2438 696 2727 745 eharaetene
2763 695 2873 759 ipsa
2907 711 2999 745 vox

295 760 484 815 Terrae
519 764 780 817 scribenda
813 764 922 815 fuit.
997 763 1264 829 (Keplerus
1297 764 1394 815 hoe
1429 764 1716 815 ohan-mtere
1753 766 1827 815 uti
1873 767 2149 817 eonsuevit.
2200 766 2241 815 si
2290 781 2392 818 non
2436 768 2597 830 ipsam
2628 767 2793 831 posuit
2826 781 2999 817 vocem

295 832 496 885 Terrae.
558 834 662 885 Nos
695 852 782 902 pro
817 836 900 886 illo
935 842 1107 887 notam
1140 835 1287 886 hodie
1321 836 1558 887 usitatam
1597 830 1712 901 [δ]
1749 834 2041 901 posuimus.)
2102 836 2342 888 Numeros
2376 838 2559 889 fractos
2594 838 2810 887 noudum
2845 837 2997 888 habet

293 906 646 971 typographus,
684 921 832 972 qnam
867 908 928 957 ob
963 922 1066 957 rem
1097 907 1213 959 huie
1251 908 1466 959 defectui
1501 906 1610 959 aliis
1651 909 2089 959 combinationibus
2122 910 2307 959 mederi
2344 924 2507 967 eonor,
2545 908 2703 959 donee
2738 909 3001 973 typotheta

291 974 486 1039 plenius
521 992 556 1029 a
587 993 668 1029 me
702 979 796 1030 hoe
831 980 884 1032 in
918 980 1116 1045 negotio
1153 980 1302 1029 fuerit
1334 980 1616 1029 instructus.
1689 978 1792 1030 Bes
1829 994 1929 1030 non
1964 985 2071 1031 tam
2104 980 2262 1030 facilis
2298 986 2377 1031 est
2410 994 2559 1046 qnam
2602 984 2835 1045 putatur,
2884 980 2995 1031 ideo

291 1062 392 1098 uon
427 1062 539 1099 raro
574 1050 840 1101 fictiones
873 1064 962 1114 per
996 1066 1142 1101 voees
1179 1050 1387 1101 describi
1424 1051 1606 1101 curavi.

433 1118 544 1169 Nisi
568 1122 782 1185 quotidie
807 1134 972 1173 eoram
999 1121 1248 1173 adstarem
1270 1122 1558 1186 typothetae
1591 1128 1646 1173 et
1679 1121 2001 1187 typographo,
2038 1123 2283 1175 interdum
2319 1137 2511 1188 quoqne
2546 1123 2649 1187 ipse
2687 1121 2997 1173 admoverem

291 1205 472 1242 manus
485 1227 502 1249 ,
544 1193 688 1243 multi
723 1194 994 1257 irreperent
1027 1206 1242 1243 errores:
1293 1194 1511 1257 quamvis
1560 1192 1684 1244 forte
1719 1193 1964 1244 interdum
1999 1194 2247 1258 quaedam
2282 1194 2587 1260 diligentiam
2624 1206 2787 1245 meam
2823 1193 2997 1259 fugere

289 1264 556 1329 potuerint,
595 1264 844 1328 quaedam
866 1270 1036 1315 autem
1057 1264 1354 1329 sphalmata.
1389 1278 1504 1316 oum
1527 1280 1628 1315 non
1649 1266 1891 1330 potuerim
1916 1266 2149 1316 oontiuuo
2173 1278 2408 1329 praesens
2434 1278 2559 1323 esse,
2596 1264 2787 1316 nullam
2820 1270 2999 1329 postea

293 1336 646 1385 eorreotionem
683 1336 982 1387 admiserint.
1055 1336 1123 1385 Et
1164 1335 1294 1387 haee
1337 1337 1447 1400 ipsa
1489 1333 1572 1385 ‘est
1616 1325 1772 1387 eausa
1785 1370 1800 1393 ,
1851 1336 1979 1402 quod
2022 1342 2183 1387 totum
2217 1352 2337 1401 opus
2372 1338 2425 1387 in
2458 1351 2539 1387 me
2572 1337 2790 1399 recipere
2826 1336 2995 1393 malui,

289 1420 440 1471 quam
477 1405 626 1457 alieni
659 1409 916 1473 magistro,
951 1408 1030 1457 eui
1054 1414 1112 1457 tu
1133 1408 1444 1457 eemmissum
1466 1413 1628 1471 putas,
1664 1408 1955 1472 relinquere,
1994 1409 2073 1459 eni
2110 1414 2163 1457 et
2196 1410 2411 1459 materia
2436 1423 2536 1457 non
2560 1406 2713 1457 solide
2737 1414 2997 1471 perspeeta

291 1484 387 1534 0⁸⁶·
425 1483 478 1527 et
511 1479 596 1543 qui
629 1492 792 1529 rerum
825 1479 1292 1545 typographicamm
1328 1476 1814 1540 (mathematicum
1850 1475 2091 1543 inprimis)
2128 1495 2227 1529 non
2262 1482 2445 1544 peritus
2483 1485 2575 1529 est.

434 1547 580 1609 Quae
615 1550 668 1599 in
704 1551 884 1614 scripto
919 1555 1005 1601 tuo
1040 1550 1256 1613 paucula
1287 1550 1478 1600 mutavi
1492 1584 1507 1607 ,
1557 1550 1748 1601 leniora
1780 1550 2025 1610 interdum
2060 1551 2303 1601 voeabula
2334 1550 2559 1615 ponendo
2572 1584 2587 1609 ,
2640 1550 2823 1601 videbis
2860 1550 2995 1614 ipse;

285 1622 396 1683 jum
431 1634 496 1671 ea
529 1622 740 1673 seribere
775 1636 876 1672 non
909 1634 1124 1685 possum.
1177 1618 1476 1673 Praesertim
1509 1622 1638 1688 quod
1673 1624 1889 1686 pertinet
1924 1621 1988 1671 ad
2022 1622 2231 1687 figuram
2265 1627 2561 1685 postremam
2596 1633 2714 1686 pag.
2754 1616 2822 1670 78
2857 1617 2996 1685 (cap.

291 1690 450 1748 m,
488 1692 572 1758 fig.
599 1690 684 1743 25.
741 1692 909 1757 Comp.
952 1698 1086 1743 anot.
1127 1688 1220 1753 ⁶2)
1255 1698 1414 1742 totum
1457 1694 1670 1750 mutavi,
1717 1693 1835 1757 quia
1866 1692 2059 1756 lapsum
2092 1698 2145 1742 te
2182 1693 2307 1751 vidi;
2344 1708 2463 1743 nam
2496 1706 2595 1742 nou
2632 1691 2671 1741 C
2708 1690 2797 1741 sed
2832 1690 2883 1741 D
2920 1698 2997 1741 est

289 1770 514 1813 eoum
553 1765 828 1829 aequantis.
904 1764 1176 1829 Agnosces,
1212 1776 1370 1827 spero,
1406 1764 1460 1815 id
1493 1778 1650 1828 aequo
1687 1766 1869 1815 animo.
1945 1762 2089 1824 Quae
2127 1765 2257 1814 enim
2292 1778 2326 1815 a
2360 1777 2440 1814 me
2476 1763 2617 1815 saeta
2650 1768 2797 1819 sunt,
2834 1765 2887 1813 in
2922 1763 2993 1813 tui

291 1836 510 1899 gratiam
546 1842 600 1885 et
635 1850 698 1887 ex
729 1836 1020 1900 integritate
1058 1835 1236 1885 amoris
1271 1848 1394 1900 erga
1421 1841 1474 1885 te
1508 1836 1620 1885 feei.

433 1907 650 1964 Addidi,
685 1914 738 1958 te
773 1906 968 1972 quidem
1003 1906 1206 1957 inscio
1252 1912 1316 1956 et
1356 1906 1744 1963 inconsulto,
1793 1904 2235 1958 Narrationem
2270 1905 2555 1961 Rhatiai,
2601 1920 2634 1955 a
2668 1920 2748 1955 me
2782 1906 2991 1955 revisam

291 1982 346 2029 et
367 1978 700 2029 schematibus
724 1985 942 2035 anetam,
979 1991 1083 2028 una
1118 1992 1232 2028 eum
1265 1992 1381 2029 mea
1412 1978 1752 2041 praefation„
1789 1990 1855 2029 ea
1888 1992 2019 2028 nune
2054 1979 2145 2027 sub
2168 1977 2356 2041 prelum
2388 1978 2461 2027 ire
2484 1977 2673 2041 incipit.
2716 1992 2828 2027 eum
2862 1981 2995 2041 post-

291 2050 440 2101 remis
476 2051 574 2099 mis
609 2050 831 2116 pagellis.
907 2047 1060 2112 Spero
1097 2054 1265 2099 autem
1281 2084 1294 2105 ‚
1333 2062 1446 2099 eam
1481 2050 1570 2099 tibi
1603 2064 1706 2099 non
1741 2048 1971 2100 dedecori
2006 2048 2236 2119 futuram.

435 2120 616 2171 Cetera
649 2123 702 2171 in
739 2120 870 2174 aliud
905 2127 1100 2184 tempus
1134 2134 1384 2171 reservare
1419 2134 1582 2187 oogor.
1656 2119 2011 2187 'typographus
2049 2122 2361 2185 conqueritur
2384 2120 2459 2171 ·de
2494 2120 2734 2171 sumtibus
2770 2117 2993 2169 sohema·

293 2198 414 2249 tum,
449 2194 714 2257 praecipue
752 2192 814 2243 de
851 2207 937 2251 eo,
974 2192 1104 2256 quod
1141 2193 1244 2243 aeri
1279 2191 1486 2255 insculpi
1523 2192 1726 2243 curavit.
1801 2192 1903 2245 Sed
1938 2192 2001 2242 de
2035 2191 2113 2241 his
2148 2192 2253 2257 ipse
2290 2191 2553 2257 aliquando
2587 2191 2785 2241 sor-lbet.

432 2263 560 2314 Vale
595 2262 892 2315 felicissime.
965 2265 1152 2315 Actum
1185 2264 1489 2327 rapidissimo
1527 2263 1735 2315 calamo.
1813 2262 1895 2313 15.
1937 2259 2055 2326 (25)
2092 2262 2216 2313 Nor.
2254 2260 2341 2313 96.

430 2333 544 2386 Rs.
619 2336 726 2386 Etsi
759 2340 955 2401 praeter
991 2337 1410 2399 exspectationem
1445 2332 1652 2386 nuncius
1701 2335 1885 2385 diutins
1932 2340 2165 2393 maneat,
2218 2334 2327 2385 aliis
2376 2340 2545 2383 tamen
2596 2332 2997 2396 oooupationibus

291 2407 492 2457 obrutus
527 2422 624 2459 nee
659 2408 750 2458 tibi
785 2422 880 2459 nee
913 2406 1032 2457 mihi
1075 2406 1368 2457 satisfacere
1415 2422 1626 2470 possum.
1700 2404 1780 2457 Ne
1828 2412 1996 2457 tamen
2044 2404 2164 2455 nihil
2212 2404 2424 2463 faciam,
2476 2404 2655 2466 adjicio
2698 2408 2999 2467 postu-emam

287 2478 542 2545 plagulam
555 2514 570 2536 ,
607 2479 776 2530 rudem
812 2478 1010 2543 quidem
1045 2485 1098 2529 et
1131 2478 1348 2529 noudum
1383 2484 1656 2529 correctam
1689 2478 1754 2528 ad
1789 2478 2005 2542 prelum,
2042 2478 2171 2527 siout
2203 2477 2355 2528 vides.
2426 2474 2487 2525 In
2523 2488 2587 2525 ea
2618 2474 2825 2539 plagula
2854 2474 2995 2524 vides

288 2556 484 2614 partem
518 2550 840 2614 praefationis
873 2564 1034 2601 meae.
1946 2598 1951 2605 .

435 2622 712 2687 „Plagula“
737 2622 866 2673 haee
889 2620 1152 2672 referenda
1181 2626 1258 2671 est
1285 2620 1350 2671 ad
1378 2619 1530 2671 verba
1555 2620 1664 2679 „Ab
1687 2619 1782 2670 h‘oe
1803 2620 1955 2686 igitur
1976 2618 2226 2683 tempor-0⁸⁴
2256 2625 2353 2669 ete.
2379 2617 2517 2685 (pag.
2534 2632 2636 2682 seq.
2660 2612 2773 2677 26).
2810 2616 2999 2679 reliqua

289 2692 588 2743 Maestlinus
641 2696 822 2757 partim
867 2693 1066 2758 integra
1079 2728 1094 2751 ,
1143 2692 1324 2755 partim
1372 2692 1654 2741 summatim
1701 2692 1929 2756 proponit
1980 2690 2197 2755 Keplero
2245 2692 2298 2740 in
2346 2690 2649 2755 postsefiptis
2700 2684 2774 2751 (d.
2812 2687 2861 2738 d.
2916 2684 2997 2735 16.

291 2758 412 2826 (26)
447 2761 603 2828 Nor.)
640 2778 768 2830 quae
802 2763 880 2815 his
917 2763 1200 2815 eoneludit:
1253 2762 1336 2814 De
1371 2763 1574 2816 adverso
1612 2771 1664 2814 et
1707 2764 2049 2828 inexspectato
2098 2768 2235 2814 statu
2279 2762 2575 2814 matrimonii
2618 2762 2691 2810 tui
2735 2774 2799 2810 ex
2834 2760 2997 2810 animo

290 2836 464 2894 doleo;
516 2837 606 2887 sed
651 2851 792 2900 spero
809 2871 822 2892 ,
875 2835 1042 2886 Deum
1074 2837 1304 2888 daturum
1337 2835 1558 2886 meliora.
1631 2835 1724 2886 Pro
1761 2837 1885 2886 meis
1920 2835 2165 2886 laboribus
2204 2841 2255 2885 et
2288 2849 2403 2894 meo
2446 2847 2569 2898 erga
2611 2840 2663 2883 te
2702 2847 2867 2882 amore
2905 2845 2997 2897 ego

289 2907 478 2958 nullam
513 2907 668 2958 aliam
703 2909 1154 2972 compensationem
1191 2913 1322 2970 peto,
1361 2920 1510 2972 quam
1545 2911 1618 2962 ut,
1653 2908 1784 2957 sieut
1816 2907 1959 2964 faeie,
1996 2921 2077 2957 me
2112 2905 2352 2956 redames.
2414 2905 2579 2956 Unum
2614 2912 2785 2954 tamen
2820 2908 2873 2954 et
2906 2902 3001 2952 hoo

289 2983 426 3042 peto,
463 2981 508 3028 si
541 2979 658 3044 quid
693 2981 890 3030 omnino
927 2979 1046 3029 mihi
1081 2979 1486 3030 remunerationis
1520 2978 1628 3028 loeo
1665 2979 1963 3028 eonstituisti
1976 3013 1991 3033 .
2028 2978 2081 3028 id
2114 2976 2225 3028 aliis
2260 2991 2360 3026 non
2394 2977 2467 3026 sio
2504 2971 2717 3034 scribas,
2755 2974 2833 3024 vel
2868 2973 2999 3038 apud

291 3049 415 3100 alios
449 3051 750 3114 proclames.
794 3052 1083 3114 praesertim
1127 3066 1216 3114 per
1259 3061 1382 3114 quos
1417 3050 1482 3101 ad
1519 3049 1686 3100 aulam
1721 3049 2183 3116 wirtembergieam
2218 3062 2281 3098 ea
2315 3062 2393 3098 res
2430 3047 2605 3098 deferri
2640 3051 2823 3110 posset.
2893 3044 2997 3095 De-

289 3121 477 3172 latores
515 3129 568 3172 et
603 3123 976 3180 obtrectatores,
1012 3128 1071 3172 ut
1103 3123 1252 3180 nosti,
1288 3121 1427 3182 varii,
1463 3121 1633 3170 faciles
1668 3127 1722 3171 et
1755 3119 1899 3170 multi
1932 3127 2065 3172 sunt.
2134 3118 2278 3186 Rogo
2316 3134 2450 3186 ergo,
2486 3124 2545 3170 ut
2578 3124 2631 3168 et
2664 3117 2785 3168 mihi
2820 3122 2873 3167 et
2904 3117 2994 3166 tibi

289 3195 342 3262 in
380 3207 440 3242 eo
473 3205 668 3256 pareas.
741 3194 848 3259 Ego
884 3200 1000 3244 tuns
1037 3209 1161 3243 sum.
1234 3191 1362 3243 Vale
1399 3194 1598 3256 optime.

433 3261 580 3324 Quae
619 3266 946 3323 „matrimonii
981 3262 1200 3315 statum“
1239 3263 1444 3327 Kepleri
1481 3264 1698 3314 attinent
1712 3299 1725 3324 ,
1765 3263 1953 3312 nullam
1990 3263 2053 3312 de
2088 3264 2164 3313 his
2202 3261 2416 3312 antehae
2452 3261 2519 3312 ad
2554 3258 2873 3310 Maestlinum
2910 3257 2996 3308 de·-

292 3336 440 3386 derat
473 3336 746 3400 epistolam.
817 3335 1086 3388 Nuneiavit
1121 3337 1246 3385 forte
1290 3335 1420 3385 talia
1451 3333 1794 3386 Haienreffero
1842 3333 1918 3384 vel
1954 3333 2165 3385 Besoldo
2180 3369 2195 3391 ‚
2248 3347 2359 3384 unm
2402 3333 2575 3397 quibus
2598 3337 2725 3396 ‚mm
2768 3331 3000 3394 temporis

288 3406 450 3458 multa
483 3422 570 3472 per
591 3407 762 3458 literas
787 3408 906 3475 egit.
960 3407 1020 3456 In
1045 3407 1196 3458 literis
1221 3406 1536 3470 sequentibus
1575 3403 1644 3470 (p.
1673 3401 1766 3467 29)
1801 3405 1947 3468 plura
1980 3406 2075 3456 hae
2112 3406 2173 3456 de
2196 3420 2250 3456 re
2275 3403 2425 3455 refert
2446 3403 2689 3467 Keplerus
2712 3401 2997 3453 Maestlino.

253 3479 258 3487 '
437 3477 816 3539 „Narrationem
850 3477 1115 3530 Rhaetioi“
1155 3491 1304 3543 quum
1341 3476 1584 3528 addiderit
1605 3475 1901 3528 Maestlinus
1925 3476 2189 3528 Prodromo
2228 3476 2413 3536 „inscio
2450 3481 2503 3526 et
2536 3473 2865 3532 inoomnlw.
2900 3474 2996 3531 vel,

287 3556 348 3602 ut
385 3565 414 3600 e
449 3551 765 3615 sequentibus
799 3551 1008 3614 patebit,
1043 3551 1194 3600 invito
1229 3548 1466 3612 Keplero,
1502 3563 1710 3615 eumque
1743 3547 1833 3598 illa
1866 3563 2041 3612 parum
2077 3548 2201 3599 lueis
2237 3546 2417 3598 afferat
2450 3547 2585 3612 operi
2620 3547 2729 3612 ipsi,
2772 3560 2873 3596 non
2908 3544 2994 3596 ad-

291 3621 508 3672 dendam
545 3636 656 3672 eam
693 3623 971 3672 oensuimus
1005 3619 1120 3672 huie
1158 3619 1374 3671 editioni.

433 3693 792 3744 Praefatio
830 3699 998 3744 autem
1033 3691 1392 3744 Maestlini
1426 3691 1554 3742 haee
1591 3696 1696 3742 est:

1056 3837 1138 3892 M.
1185 3837 1425 3892 Merme
1465 3835 1728 3891 Manae„
1773 3833 2227 3908 αοφρεηροωὼ,

1364 3911 1600 3964 Candido
1637 3911 1847 3964 Lector-i
1884 3912 1941 3964 S.

431 4009 592 4062 Recte
630 4026 663 4062 a
685 4011 894 4062 Platone
929 4013 1202 4077 geometria
1238 4017 1290 4062 et
1325 4009 1636 4062 arithmetica
1672 4010 1785 4060 alae
1811 4011 2143 4061 astronomiae
2168 4008 2492 4076 appellantur.
2550 4007 2832 4058 Geometria
2868 4009 2997 4058 enim

290 4083 342 4133 in
382 4082 580 4132 coelesti
619 4098 843 4148 corpore,
890 4084 1020 4149 quod
1055 4089 1294 4148 quantum
1331 4089 1407 4133 est
1441 4082 1693 4148 globosum
1729 4087 1782 4130 et
1817 4083 2041 4132 circulari
2077 4087 2213 4131 motu
2247 4081 2537 4147 regulariter
2570 4079 2773 4139 mobile,
2814 4093 2874 4128 ex
2910 4079 2995 4128 ob-

291 4153 648 4206 servationibus
685 4155 884 4206 diversis
920 4155 1216 4220 temporibus
1251 4154 1433 4205 habitis
1477 4168 1576 4203 non
1611 4158 1805 4203 tantum
1843 4155 1972 4203 viam
2009 4153 2261 4203 stellarum
2296 4153 2509 4208 invenit,
2563 4151 2654 4201 sed
2690 4152 2841 4200 etiam
2876 4151 2995 4200 im·

290 4223 572 4291 gulas-itatis
609 4227 1004 4290 apparentiamm
1042 4242 1103 4276 ex
1137 4225 1439 4294 regularibus
1473 4225 1683 4275 motibus
1719 4227 1934 4275 rationes
1970 4225 2131 4275 reddit
2146 4260 2160 4278 .
2218 4237 2482 4288 earumque
2528 4229 2691 4274 certas
2741 4235 2996 4272 mensuras

289 4295 549 4362 patefacit,
589 4303 736 4363 atque
761 4311 1013 4362 corporum
1037 4298 1232 4348 illorum
1261 4297 1536 4347 sublimium
1567 4297 1931 4361 magnitudines
1966 4303 2024 4346 ut
2059 4302 2109 4345 et
2144 4295 2429 4345 altitudines
2454 4295 2772 4344 demonstrat.
2828 4293 2993 4344 Arith-

291 4368 480 4418 metica
524 4375 690 4418 autem
709 4405 723 4426 ,
774 4369 889 4419 dum
931 4369 1079 4432 hujus
1114 4371 1286 4434 quanti
1323 4370 1533 4432 corporis
1569 4374 1734 4432 partes
1771 4369 1821 4416 in
1858 4381 2083 4418 numeros
2120 4367 2349 4430 conjicit,
2392 4365 2504 4415 illas
2546 4363 2911 4430 magnitudines
2948 4371 2999 4414 et

293 4439 580 4490 altitudines
615 4443 833 4498 metitur,
870 4441 1162 4506 tabulasque
1200 4441 1382 4494 condit,
1420 4453 1480 4488 ex
1515 4439 1685 4503 quibus
1723 4439 1788 4487 ad
1825 4439 2023 4503 quodvis
2060 4438 2229 4488 datum
2266 4445 2458 4502 tempus
2494 4437 2745 4486 stellarum
2781 4438 2995 4485 omnium

291 4509 422 4568 loca,
463 4511 682 4578 adeoque
717 4518 827 4563 tota
862 4513 986 4564 coeli
1021 4513 1174 4562 facies
1213 4511 1478 4562 exhibetur.
1553 4509 1660 4559 Etsi
1698 4515 1865 4559 autem
1900 4511 1999 4560 ista
2035 4509 2326 4559 admiranda
2361 4514 2413 4558 et
2450 4507 2607 4558 ardua
2642 4509 2741 4556 sint
2756 4543 2770 4564 ,
2818 4507 2997 4558 harum

293 4589 466 4632 tamen
503 4584 692 4634 alarum
728 4585 944 4650 remigiis
981 4584 1044 4634 ad
1080 4584 1227 4650 longe
1263 4582 1440 4632 altiora
1475 4582 1728 4631 subvolare
1765 4595 1854 4630 nos
1880 4583 2093 4635 'eximius
2136 4581 2217 4631 hie
2262 4587 2429 4630 noster
2462 4577 2874 4636 Mathematicus,
2922 4579 2993 4630 M.

293 4653 326 4704 J
337 4667 366 4702 o
381 4668 498 4704 ann
512 4654 586 4704 es‘
608 4655 948 4721 Keplerus,
989 4657 1147 4707 docet.
1208 4653 1400 4720 Magna
1435 4667 1556 4703 sane
1591 4659 1722 4712 sunt,
1761 4667 1890 4716 quae
1927 4653 2139 4702 artifices
2177 4651 2441 4702 astronomi
2476 4650 2573 4700 hue
2608 4664 2760 4714 usque
2796 4650 2994 4700 invene·

293 4731 438 4776 runt:
477 4729 826 4776 astronomiam
861 4733 1030 4778 tamen
1065 4726 1306 4776 hactenns
1344 4739 1510 4775 omnes
1545 4739 1646 4775 non
1681 4724 1776 4772 nisi
1812 4723 1847 4772 ὸ
1879 4730 2018 4791 tergo
2054 4724 2212 4774 adorti
2248 4729 2379 4781 sunt,
2418 4729 2470 4774 et
2506 4729 2611 4772 tam
2632 4727 2811 4778 motus,
2850 4735 2997 4786 quam

291 4797 666 4862 magnitudines
704 4804 754 4848 et
790 4797 1050 4848 distantias
1088 4813 1148 4848 ex
1183 4799 1296 4848 solis
1333 4796 1747 4847 observationibus
1789 4796 2038 4862 indagare
2088 4795 2372 4844 docuerunt.
2444 4796 2523 4844 An
2563 4799 2729 4844 antem
2764 4793 2797 4842 ὸ,
2830 4794 2994 4858 priori,

293 4869 397 4918 sive
433 4869 468 4916 a
503 4867 663 4920 fronte
697 4869 824 4920 ullus
858 4871 957 4920 ista
993 4869 1278 4921 dimetiendi
1313 4873 1488 4933 pateat
1525 4867 1715 4928 aditus,
1759 4867 1837 4916 vel
1874 4881 2003 4917 anne
2049 4865 2153 4916 ulla
2202 4866 2329 4924 alia,
2380 4873 2577 4929 praeter
2612 4865 2991 4925 observationes,

294 4941 602 5014 geometrica
635 4955 808 4998 norma
839 4941 1064 4994 inventos
1097 4947 1323 4992 motuum
1357 4945 1409 4992 et
1443 4939 1776 5014 quantitatum
1809 4953 2038 4993 numeros
2074 4935 2389 4994 examinandi
2420 4935 2593 4991 haberi
2634 4937 2791 5004 possit
2804 4973 2819 4996 .
2872 4935 2995 4989 nulli
