3634 5575
637 331 770 404 250
1733 338 1979 406 Apologia
2019 338 2267 402 Tycham.

637 487 778 560 fidei
825 505 1036 560 auctor
1063 506 1177 572 est,
1220 507 1328 562 aut
1351 499 1738 582 Pythagoras
1769 499 1841 560 de
1892 499 2099 562 ordine
2148 493 2543 582 sphaerarum
2590 499 2682 563 ita
2726 498 2981 574 censuit,
3026 507 3096 562 ut
3140 499 3344 564 Ptole-

635 607 862 661 maeus,
909 587 1087 668 idque
1135 585 1294 651 200.
1315 588 1486 650 annis
1532 595 1674 650 ante
1721 589 1782 650 id
1825 595 2086 668 tempus,
2137 589 2293 669 quod
2340 589 2551 652 barum
2585 587 3007 670 hypothesium
3036 589 3199 650 ortui
3244 589 3347 650 de·

637 677 844 756 signat
872 675 1086 739 Ursus.
1177 675 1264 738 Et
1307 676 1370 738 id
1417 683 1532 746 est,
1583 678 1736 757 quod
1767 677 1930 740 Ptol.
1961 678 2205 757 Almag.
2239 678 2343 740 lib.
2375 677 2486 740 IX.
2531 696 2667 758 cap.
2708 677 2763 740 1.
2813 677 3024 752 innuit,
3072 696 3211 740 cum
3244 679 3343 754 ait,

637 763 812 827 orbes
846 763 894 837 Q
943 772 1006 826 et
1051 767 1096 843 ζὲ
1141 765 1227 828 ab
1275 765 1841 846 antiquioribus
1891 766 2127 846 quidem
2160 767 2570 848 (Pythagora)
2618 767 2729 830 sub
2760 765 2981 840 Solari,
3032 786 3069 826 a
3098 766 3343 846 quibus·-

635 853 774 916 dam
801 869 945 914 vero
971 853 1408 932 posterioribus
1439 853 1800 930 (Heraclito,
1832 855 2107 926 Platone,
2134 854 2409 930 Eudoxo,
2450 855 2819 928 Aristotele)
2866 871 3051 934 supra
3076 852 3347 918 Solarem

635 941 1007 1004 collocatos:
1073 947 1140 1003 et
1192 939 1446 1024 denique
1499 949 1770 1004 veterum
1835 944 2201 1006 sententiam
2258 953 2327 1004 ut
2384 945 2577 1024 magis
2632 943 3009 1024 probabilem
3062 942 3345 1022 sequitur,

635 1047 868 1110 negans
927 1031 1080 1093 certi
1135 1030 1274 1111 quid
1333 1050 1409 1092 ex
1456 1031 1830 1094 astronomia
1886 1033 1983 1095 hic
2026 1032 2237 1094 haberi
2291 1050 2492 1112 posse.
2586 1030 2779 1106 Quid,
2849 1032 3009 1112 quod
3052 1031 3349 1094 Patricius

633 1119 946 1182 Zoroastri
982 1119 1228 1192 Persae,
1275 1120 1376 1199 qui
1422 1119 1628 1182 multis
1675 1120 1897 1184 seculis
1940 1120 2352 1203 Pythagoram
2400 1121 2751 1194 antecessit,
2775 1120 3053 1182 'eandem
3100 1127 3344 1182 senten-

632 1207 781 1270 tiam
846 1206 1100 1283 tribuat,
1152 1227 1228 1270 ex
1283 1209 1376 1270 his
1425 1209 1558 1288 ejus
1609 1208 1840 1272 verbis:
1904 1205 1971 1282 ἐξ
2013 1209 2197 1280 αὐτος
2240 1205 2525 1286 basenens
2570 1209 2781 1282 (aliter
2822 1205 2889 1282 ἐξ
2930 1208 3349 1286 mansuesce

631 1293 848 1369 ζωνας)
895 1292 1152 1374 ἕβδομον
1195 1293 1322 1375 ἥλιε
1366 1298 1826 1375 μεσεμβολησας
1878 1321 2012 1377 πυρ.
2108 1297 2178 1360 Si
2224 1297 2333 1360 Sol
2386 1299 2447 1360 in
2494 1299 2691 1360 medio
2738 1297 3119 1377 planetarum
3166 1297 3343 1368 (Ter-

633 1403 763 1447 ram
809 1404 1024 1464 nempe
1069 1386 1228 1447 idem
1275 1387 1601 1448 Zoroaster
1647 1387 1704 1448 in
1755 1406 1827 1449 eo
1873 1387 2098 1461 medio,
2151 1387 2309 1467 quod
2354 1394 2625 1448 centrum
2672 1394 2786 1460 est,
2838 1387 3161 1461 collocat),
3212 1403 3347 1463 ergo

638 1473 690 1546 Ω
729 1483 794 1536 et
839 1476 884 1552 ξ
928 1473 1091 1536 intra
1135 1473 1342 1536 Solem
1389 1483 1578 1537 erunt.
1675 1473 1947 1556 Cumque
1991 1475 2375 1556 Pythagoras
2420 1495 2459 1536 a
2503 1475 2777 1536 Zabi-aco
2811 1475 3092 1555 Assyrio,
3144 1473 3349 1553 gentili

633 1561 945 1623 Zoroastri
1005 1563 1302 1634 (Patricio
1355 1564 1684 1637 referente,
1751 1572 1898 1643 puto
1956 1583 2031 1626 ex
2084 1565 2328 1636 Proclo)
2394 1564 2551 1626 hanc
2608 1563 2971 1626 sententiam
3036 1563 3343 1625 hauserit:

630 1648 898 1711 ordinem
941 1650 1108 1713 bunc
1171 1649 1435 1714 indidem
1490 1652 1766 1714 hausisse
1838 1651 2163 1715 verisimile
2238 1661 2351 1714 est.
2462 1651 2755 1723 Quamvis
2828 1651 2929 1731 qui
2992 1661 3143 1731 post
3206 1651 3345 1713 dicu'

631 1745 774 1800 sunt
818 1739 1254 1820 Pythagoraei,
1312 1737 1468 1802 hunc
1515 1741 1796 1820 magistri
1845 1741 1937 1803 sui
1982 1741 2249 1804 ordinem
2296 1742 2709 1805 deseruerunt.
2802 1739 2901 1804 Illi
2948 1759 3239 1820 namque,
3284 1747 3347 1801 ut

628 1827 811 1906 paulo
857 1835 1002 1907 post
1043 1828 1414 1907 probabitur,
1461 1830 1715 1892 eandem
1761 1837 2085 1892 tenuerunt
2130 1829 2203 1890 de
2250 1831 2453 1892 mnndi
2501 1831 2693 1892 forma
2738 1829 3107 1909 opinionem,
3178 1829 3343 1908 longe

630 1923 772 1977 ante
817 1915 1234 1992 Aristotelem,
1287 1935 1464 1997 quam
1507 1926 1652 1998 post
1694 1918 2091 1981 Aristotelem
2136 1918 2309 1982 annis
2348 1916 2435 1982 50
2480 1919 2590 1981 sub
2634 1920 2987 1982 Ptolemaeo
3032 1917 3343 1980 Philadel-

629 2002 748 2084 pho
811 2004 1208 2066 Aristarchus
1265 2005 1536 2082 Samius,
1607 2015 1672 2070 et
1735 2017 1945 2069 nostra
2004 2016 2209 2070 aetate
2258 2006 2653 2088 Gopernicus,
2722 2007 2853 2088 qui,
2920 2015 2993 2069 ut-
3056 2007 3215 2068 haec
3274 2025 3346 2067 ex

629 2093 969 2155 Aristotele
1017 2102 1081 2156 et
1126 2094 1454 2157 Plutarcho
1503 2097 1576 2157 de
1623 2097 2065 2178 Pythagoraeis
2112 2103 2177 2158 et
2222 2115 2297 2158 ex
2326 2096 2689 2159 Archimede
2738 2097 2813 2157 de
2838 2095 3207 2158 Aristarcho
3250 2095 3341 2156 in-

627 2181 904 2258 telligere
950 2201 1286 2261 possemus,
1335 2184 1780 2247 inventionibus
1827 2185 1954 2246 suis
2000 2185 2222 2247 effecit.
2316 2181 2451 2256 Quo
2498 2186 2629 2247 loco
2676 2184 2834 2248 alter
2876 2184 3021 2247 Ursi
3066 2203 3239 2246 error
3281 2202 3341 2244 se

625 2269 848 2350 prodit,
900 2270 997 2350 qui
1037 2269 1587 2350 Coperuicanarum
1614 2273 2033 2356 hypothesium
2081 2274 2370 2354 originem
2396 2273 2655 2354 primam
2686 2274 2766 2336 ad
2796 2273 3221 2376 Aristarchum
3246 2290 3339 2334 re·

627 2357 766 2432 fert,
813 2377 967 2438 quac
1013 2360 1200 2422 multo
1239 2369 1338 2424 est
1383 2361 1700 2442 antiquior.

802 2448 898 2510 Ac
946 2449 1020 2510 de
1063 2449 1341 2512 Philolao
1389 2450 1627 2531 quidem
1673 2451 2107 2534 Pythagorico,
2157 2450 2257 2531 qui
2302 2449 2563 2512 medius
2580 2448 2693 2512 fuit
2738 2448 3143 2512 Aristotelem
3188 2449 3337 2510 inter

625 2543 690 2598 et
731 2535 1144 2617 Pythagoram
1206 2538 1569 2618 primusque
1597 2539 2005 2622 Pythagorica
2048 2538 2325 2619 vulgavit
2342 2585 2359 2612 ,
2426 2557 2561 2602 cum
2616 2546 2802 2600 antea
2856 2537 2974 2600 nisi
3018 2557 3058 2600 a
3098 2538 3333 2620 Pytha-

625 2623 848 2706 gericis
889 2625 1039 2705 ipsis
1078 2626 1510 2705 ignorarentur,
1559 2629 1634 2689 de
1683 2647 1754 2690 eo
1799 2629 1987 2708 igitur
2030 2647 2149 2690 uon
2196 2633 2433 2690 tantum
2476 2628 2727 2690 obscure
2770 2626 3055 2690 Laertius
3100 2626 3335 2698 asserit,

625 2714 892 2776 sensisse
939 2715 1190 2776 Terram
1227 2717 1408 2795 juxta
1451 2717 1708 2797 primum
1757 2717 2041 2779 circulum
2089 2716 2393 2795 (intellige
2439 2715 2551 2779 sub
2594 2715 2877 2789 zodiaco)
2920 2716 3187 2786 moveri,
3234 2714 3337 2776 sed

623 2803 812 2865 multo
859 2804 1194 2867 clarissime
1221 2805 1600 2884 Plutarchus,
1653 2807 1822 2887 cujus
1868 2806 2056 2868 verba
2100 2824 2234 2867 cum
2262 2804 2631 2884 Copernicus
2676 2806 2810 2885 ipse
2856 2806 2918 2866 in
2962 2805 3335 2884 praefatione

625 2890 824 2971 operis
871 2892 964 2953 sui
1008 2894 1298 2971 posuerit,
1347 2892 1560 2956 mirum
1598 2896 1918 2958 admodum
1968 2902 2083 2967 est,
2132 2914 2207 2956 ea
2252 2912 2371 2955 non
2401 2894 2622 2973 legisse
2652 2894 2897 2966 Ursum,
2946 2895 3047 2974 qui
3083 2893 3333 2955 lectione

626 2979 944 3058 Copernici
989 2980 1175 3043 toties
1223 2990 1286 3044 et
1332 2989 1648 3063 tantopere
1696 2983 2017 3064 gloriatur,
2074 3002 2323 3063 eamque
2369 2982 2655 3045 omissam
2700 2984 2839 3045 aliis
2884 2984 3183 3045 immerito
3230 3000 3333 3041 ex-

622 3068 892 3148 probrat.
981 3070 1234 3133 Terram
1280 3072 1408 3133 vult
1451 3068 1762 3135 Philolaus
1808 3073 1967 3152 apud
2014 3072 2403 3134 Plutarchum
2462 3071 2521 3131 in
2568 3072 2853 3133 circulum
2900 3072 3127 3133 moveri
3184 3070 3337 3133 circa

623 3157 824 3235 ignem
853 3156 1155 3238 (intellige
1186 3158 1422 3234 Solem)
1469 3162 1579 3223 sub
1609 3162 1857 3223 zodiaco
1886 3162 1945 3221 in
1974 3178 2196 3223 morem
2242 3158 2409 3223 Solis
2436 3167 2501 3221 et
2530 3160 2755 3233 Lunae,
2801 3159 3171 3223 Aristoteles
3201 3176 3334 3219 vero

623 3244 728 3307 lib.
778 3246 858 3307 11.
917 3246 992 3307 de
1039 3249 1206 3310 coelo
1263 3268 1396 3329 cap.
1454 3246 1552 3313 13.
1611 3250 1684 3311 de
1730 3250 2173 3332 Pythagoraeis
2228 3249 2288 3311 in
2348 3266 2565 3326 genere
2622 3248 2747 3309 sic:
2820 3248 2903 3323 „ii
2948 3248 3049 3329 qui
3095 3246 3332 3309 Italiam

623 3333 908 3409 incolunt,
961 3335 1060 3417 qui
1104 3337 1288 3400 iidem
1325 3337 1735 3418 Pythagoraei
1781 3340 2091 3412 vocantur,
2140 3338 2199 3399 in
2245 3337 2441 3399 medio
2486 3336 2687 3416 ignem
2732 3356 2867 3399 esse
2916 3336 3164 3399 dicunt“
3216 3334 3333 3406 (hic

623 3421 828 3484 Solem
869 3424 1162 3505 intellige,
1209 3446 1348 3489 nam
1396 3434 1459 3489 et
1505 3428 1730 3489 Thales
1771 3425 2045 3501 Jonicae,
2098 3434 2160 3489 et
2190 3426 2569 3507 Pythagoras
2616 3425 2873 3487 Italicae
2920 3424 3333 3505 philosophiae

620 3510 922 3591 principes
977 3514 1338 3577 occultanda
1391 3516 1572 3595 vulgo
1639 3534 1887 3579 suasere
1948 3514 2367 3594 philosophiae
2414 3515 2766 3595 mysteria),
2837 3515 3125 3588 „Terram
3172 3530 3329 3583 vero,

621 3618 774 3679 quae
821 3600 904 3663 sit
945 3620 1128 3665 unum
1169 3610 1470 3666 astrorum
1519 3605 1961 3684 (planetarum)
2006 3612 2173 3665 motu
2218 3622 2346 3677 suo,
2396 3621 2511 3683 quo
2548 3601 2771 3665 circum
2800 3601 3061 3665 medium
3092 3603 3329 3673 feratur,

621 3696 831 3750 noctes
879 3698 944 3751 et
989 3690 1120 3752 dies
1167 3690 1466 3754 efficere.“
1562 3693 1678 3755 Hic
1723 3692 2095 3755 Aristoteles
2150 3711 2269 3754 non
2316 3692 2465 3753 bene
2521 3690 2793 3770 percepit
2838 3710 3042 3752 eorum
3088 3700 3330 3753 senten-

619 3778 798 3851 tiam,
866 3786 972 3840 aut
1023 3786 1190 3841 certe
1250 3780 1524 3842 defectus
1581 3790 1711 3856 est,
1771 3800 1946 3861 quem
2012 3780 2099 3842 sic
2152 3781 2444 3843 restituo:
2513 3780 2761 3840 Terram
2805 3787 2969 3840 motu
3016 3800 3155 3855 suo,
3222 3794 3329 3858 quo

621 3866 846 3927 circum
889 3867 1148 3929 medium
1195 3868 1449 3944 feratur,
1498 3888 1744 3944 annum,
1795 3888 1913 3949 quo
1962 3888 2103 3931 vero
2150 3870 2313 3932 circa
2358 3887 2530 3931 suum
2576 3886 2779 3943 axem,
2840 3878 3053 3931 noctes
3098 3877 3165 3930 et
3210 3866 3329 3929 dies

619 3954 878 4017 efficere.
971 3956 1211 4035 Pergit:
1285 3966 1646 4036 „praeterea
1709 3959 1894 4021 aliam
1948 3959 2199 4020 Terram
2260 3956 2628 4019 contrariam
2684 3956 3087 4032 fabricantur,
3156 3974 3327 4036 quam

615 4041 912 4125 ἆκιχθων
957 4046 1240 4107 vocant.“
1333 4047 1466 4109 Hac
1509 4066 1658 4109 voce
1705 4048 1943 4109 Lunam
1988 4047 2345 4126 significant,
2394 4052 2719 4124 propterea
2766 4045 2924 4125 quod
2970 4064 3105 4107 cum
3144 4046 3331 4106 Terra

621 4132 832 4193 eodem
893 4133 1038 4195 orbe
1095 4133 1576 4199 circumvehatur
1647 4145 1713 4200 et
1773 4144 2025 4216 propter
2090 4136 2311 4197 multas
2366 4134 2498 4213 ejus
2554 4152 2687 4197 cum
2743 4134 2933 4195 Terra
2992 4149 3327 4197 communes

620 4220 988 4293 affectiones,
1039 4222 1110 4284 de
1159 4224 1372 4304 quibus
1417 4232 1725 4288 testantur
1770 4223 1975 4305 optici.
2070 4223 2438 4286 Aristoteles
2467 4240 2628 4296 vero,
2678 4221 2777 4301 qui
2820 4220 2935 4283 boc
2974 4242 3090 4285 non
3128 4222 3327 4301 capie-

617 4307 744 4385 bat,
794 4310 1234 4374 absurditatem
1277 4314 1615 4377 sententiae
1663 4314 1965 4377 ominatae
2012 4312 2271 4392 subjicit,
2320 4312 2522 4391 „quod
2570 4328 2687 4371 non
2728 4320 3027 4389 quaerant
3070 4310 3328 4373 rationes

617 4405 682 4461 et
725 4417 970 4474 causas,
1039 4401 1117 4462 ad
1163 4418 1238 4463 ea
1283 4420 1435 4483 quae
1493 4411 1790 4483 apparent
1842 4400 2151 4463 reddenda
2206 4409 2271 4462 et
2324 4400 2676 4473 efficienda,
2738 4400 2847 4461 sed
2910 4400 2988 4462 ad
3034 4417 3325 4480 praecon—
3423 4433 3431 4441 s

619 4494 832 4565 ceptae
881 4508 1024 4552 suas
1071 4491 1367 4570 quasdam
1415 4491 1726 4570 opiniones
1771 4498 1841 4553 et
1882 4488 2376 4551 ratiocinationes
2423 4488 2558 4589 ipsa
2596 4487 3013 4567 phaenomena
3040 4488 3329 4550 violenter

621 4578 1072 4641 accommodent
1119 4586 1184 4642 et
1231 4578 1550 4642 conciliare
1595 4578 1931 4643 conentur!
1916 4578 1955 4607 “
2043 4577 2201 4639 Esse
2231 4586 2431 4640 autem
2458 4575 2659 4655 ignem
2688 4575 3127 4657 Pythagoraeis
3154 4576 3324 4648 idem,

623 4662 782 4743 quo‘d
829 4664 1066 4741 Solem,
1123 4686 1200 4728 ex
1247 4650 1616 4747 argumentis
1661 4688 1869 4732 eorum
1916 4675 2201 4746 apparet,
2266 4686 2417 4746 quae
2466 4664 2553 4725 sic
2600 4665 2881 4744 proponit
2922 4665 3323 4727 Aristoteles·

622 4750 856 4827 „videri
901 4773 1044 4816 vero
1091 4757 1310 4835 possit
1333 4753 1538 4819 multis
1571 4757 1771 4819 'etiam
1817 4757 1987 4829 aliis,
2042 4774 2160 4817 non
2220 4754 2483 4817 dandum
2530 4753 2751 4815 Terrae
2813 4756 3007 4817 locum
3052 4754 3325 4825 medium,

621 4840 676 4903 si
720 4841 1210 4922 probabilitatem
1265 4843 1534 4929 aliquam
1589 4864 1706 4908 non
1753 4864 1833 4907 ex
1874 4844 2307 4929 apparentibus
2323 4890 2339 4919 ,
2404 4842 2515 4904 sed
2571 4862 2647 4905 ex
2692 4842 3029 4909 rationibus
3084 4848 3323 4927 captare
