3634 5575
19 471 104 678 HJ·

19 655 98 912 Iu·

19 1301 98 1440 :25⁸3
43 1193 96 1258 .’5

21 1575 40 1610 ος

45 1579 62 1618 μ

19 1769 48 1890 “”-ο“
19 1665 34 1708 o

86 2039 95 2047 .
19 1940 96 1986 H
61 1761 98 1896 η-Ἰ
53 1651 96 1712 U‘
61 1577 94 1616 ¹2!

19 2013 92 2242 2:³5·

21 3212 72 3799 3·²5‘==-'.’S=3=ffi
21 3032 76 3164 ἓξ
21 2943 60 2983 Ξ
19 2197 92 2893 ξᾷΞ·Ῑ-Ι·Εςὲ

25 4650 44 4875 -w--v
23 4115 54 4609 πῠιό·“““““’“
37 4024 57 4066 u
23 3844 60 3981 “2‘'

1130 431 1194 484 «ιο
1231 431 1525 484 calendario
1571 435 1626 484 in
1663 448 1851 487 mm
1884 433 2164 486 unxcrx.
2888 431 3021 500 413

309 587 454 660 AG,
501 596 568 650 st
611 605 750 650 esse
795 589 858 651 in
903 589 982 665 Κ,
1028 589 1089 652 N
1133 591 1374 670 punctis
1419 592 1513 656 sui
1557 592 1743 655 orbis.
1767 590 1837 667 *)
1926 591 2019 654 At
2046 590 2169 652 dixi
2218 596 2402 652 antea
2445 590 2727 652 vernales
2764 590 3023 672 eclipses

313 677 476 739 circa
521 674 582 738 G
629 678 886 753 tardius,
935 679 1314 741 autumnales
1361 681 1523 744 circa
1551 681 1602 742 F
1647 679 1825 743 citius
1872 697 2165 762 apparere
2212 697 2390 758 quam
2432 679 2496 741 in
2528 679 2781 742 calculo.
2868 679 3019 743 Cal-

313 765 480 826 culus
525 763 710 844 igitur
753 764 962 828 Solem
1008 767 1168 829 infra
1211 768 1306 829 vel
1353 778 1495 850 post
1538 768 1600 830 K
1643 768 1704 831 in
1743 770 1798 831 L
1848 769 2103 848 reponit,
2151 775 2215 830 et
2258 775 2399 830 ante
2444 768 2503 830 N
2550 768 2612 829 in
2660 765 2737 844 O,
2792 775 2860 830 ut
2906 788 3019 850 ap-

303 859 528 934 pareat
585 851 650 916 in
691 853 778 930 E,
842 854 922 918 Η.
1015 855 1154 927 Quo
1217 866 1399 936 pacto
1444 858 1574 932 fiet,
1641 865 1712 920 ut
1745 855 1915 920 LBO
1980 858 2063 920 sit
2129 857 2420 920 diameter
2482 855 2803 919 eccentrici
2850 855 3014 918 Solis

313 951 378 1004 et
419 941 474 1004 B
523 949 794 1005 centrum
841 943 970 1023 eJns
1015 944 1263 1025 propius
1295 947 1520 1008 Terrae
1565 946 1628 1006 in
1675 946 1927 1021 calculo,
1978 965 2157 1026 quam
2192 945 2255 1007 in
2294 945 2736 1008 observatione.
2812 943 3019 1015 Quare

307 1030 360 1093 si
417 1049 606 1092 causa
666 1032 884 1094 erroris
950 1033 1260 1114 eclipsium
1307 1037 1682 1098 conferretur
1743 1035 1804 1096 in
1852 1053 2091 1098 cursum
2148 1033 2342 1110 Solis,
2408 1035 2797 1096 statuendum
2852 1042 3021 1096 esset

308 1119 600 1200 majorem
665 1139 806 1182 esse
851 1119 1016 1183 Solis
1075 1123 1586 1186 eccentricitatem
1633 1124 1814 1202 duplo
1862 1125 2017 1198 fere,
2087 1142 2265 1204 quam
2311 1143 2352 1184 a
2392 1122 2623 1185 calculo
2672 1122 3015 1186 assumitur.

308 1207 400 1270 At
442 1208 580 1270 vide
619 1226 772 1287 quae
821 1209 1086 1272 absurda
1131 1223 1540 1291 sequerentur.
1630 1213 1792 1274 Nam
1838 1213 1895 1274 si
1940 1212 2134 1292 major
2176 1210 2339 1274 Solis
2386 1211 2825 1286 eccentricitas,
2875 1230 3019 1292 ergo

307 1305 374 1358 et
415 1297 650 1376 longior
696 1298 968 1362 aestivus
1013 1299 1444 1376 semicirculus,
1495 1308 1560 1363 et
1603 1301 1844 1363 brevior
1888 1301 2199 1375 hibernus,
2264 1318 2439 1381 quam
2488 1309 2744 1381 quantos
2790 1300 3021 1364 faciunt

307 1384 656 1448 astronomi.
745 1383 837 1448 At.
881 1388 1209 1456 astronomi
1263 1409 1380 1451 non
1425 1397 1682 1470 possunt
1727 1408 1927 1452 errare
1975 1389 2103 1464 hic,
2152 1390 2293 1469 quia
2347 1389 2527 1451 facile
2574 1398 2672 1452 est
2723 1390 3015 1452 terminos

305 1472 416 1534 hos
481 1493 560 1536 ex
615 1476 1038 1538 observatione
1101 1478 1616 1557 aequinoctiorum
1667 1479 1829 1542 satis
1888 1485 2131 1559 promta
2194 1477 2583 1540 constituere.
2674 1477 2843 1558 Ergo
2909 1486 3017 1541 aut

309 1560 418 1624 Sol
463 1580 582 1625 non
631 1571 730 1626 est
771 1583 961 1627 causa
1001 1565 1174 1646 hujus
1223 1567 1444 1630 erroris
1491 1567 1654 1630 circa
1697 1566 1986 1647 eclipseS,
2046 1575 2153 1628 aut
2196 1566 2643 1628 concedendum
2688 1566 2807 1630 erit
2850 1567 3015 1628 alte-

311 1669 444 1712 rum
492 1651 848 1739 absurdum:
895 1671 1108 1734 nempe
1135 1653 1342 1718 Solem
1386 1655 1449 1718 in
1495 1673 1606 1720 suo
1651 1653 1794 1720 orbe
1844 1655 2179 1719 eccentrico
2228 1653 2390 1716 circa
2420 1653 2469 1716 C
2514 1673 2635 1718 non
2682 1655 3017 1735 aequaliter

306 1738 603 1813 incedere,
651 1741 762 1804 sed
809 1743 1032 1804 habere
1079 1751 1350 1808 centrum
1395 1745 1785 1826 aequalitatis
1813 1743 1869 1806 B
1912 1743 2161 1826 propius
2192 1743 2441 1805 Terram
2472 1744 2619 1825 (quo
2650 1744 2825 1805 modo
2871 1762 3008 1805 ma-

306 1837 521 1890 nerent
565 1829 655 1891 illi
709 1832 936 1893 numeri
983 1832 1352 1896 aestivorum
1405 1842 1472 1896 et
1515 1834 1875 1897 brumalium
1920 1833 2182 1906 dierum)
2230 1839 2443 1896 contra
2488 1851 2669 1912 quam
2722 1832 2784 1895 in
2832 1850 3018 1913 supe-

306 1916 582 1992 rioribus,
633 1917 734 1980 ubi
779 1931 1052 1982 centrum
1096 1922 1492 2003 aequalitatis
1538 1944 1578 1984 a
1622 1924 1814 1986 Terra
1858 1922 2095 2002 longius
2142 1922 2339 1984 abest.
2434 1919 2613 1991 Quod
2658 1921 2711 1982 si
2740 1921 2875 2002 quis
2900 1921 3017 1983 hoc

305 2004 458 2067 nolit
501 2025 612 2086 pro
659 2007 920 2070 absurdo
966 2011 1218 2085 habere,
1280 2012 1468 2074 fretus
1515 2011 1790 2092 exemplo
1838 2009 2141 2079 Mercurii,
2191 2009 2329 2072 huic
2377 2010 2559 2071 aliam
2606 2027 2853 2071 causam
2898 2027 3011 2089 ap-

303 2111 492 2173 pono,
559 2114 682 2176 qua
724 2096 1099 2174 demonstro,
1169 2099 1374 2162 Solem
1435 2119 1552 2162 nou
1617 2119 1754 2163 esse
1806 2099 1867 2162 in
1928 2118 2115 2162 causa
2168 2097 2345 2176 hujus
2402 2098 2620 2159 erroris
2680 2097 3015 2176 eclipsium.

307 2181 474 2244 Nam
521 2182 618 2244 die
664 2185 984 2248 Paschatis
1031 2199 1173 2266 post
1218 2188 1470 2268 eclipsin
1515 2196 1698 2251 noctu
1741 2187 1895 2250 hora
1938 2185 2297 2250 duodecima
2339 2186 2513 2247 Luna
2560 2187 2743 2265 plena
2786 2187 3019 2248 coelum

307 2269 602 2334 mediavit
643 2291 780 2334 cum
823 2273 1112 2337 Saturno.
1205 2275 1302 2337 Ex
1347 2297 1467 2357 qua
1511 2277 1935 2340 observatione
1991 2274 2293 2337 mediante
2340 2273 2738 2336 calculatione
2785 2275 3015 2345 evinci-

310 2365 436 2433 tur,
483 2359 694 2422 Lunae
728 2362 936 2423 locum
981 2363 1170 2426 etiam
1213 2371 1340 2426 tum
1387 2365 1574 2428 fuisse
1621 2366 1837 2439 alium,
1894 2383 2071 2444 quam
2114 2363 2175 2424 in
2222 2362 2482 2436 calcu103
2550 2361 2816 2424 debebat
2860 2364 3015 2425 enim

309 2448 390 2509 ad
435 2467 702 2512 normam
747 2451 966 2512 calculi
1011 2450 1338 2514 Saturnum
1375 2455 1503 2532 jam
1551 2471 1891 2533 superasse.
1985 2453 2105 2515 Ubi
2157 2451 2257 2512 hic
2303 2449 2454 2512 Sol?
2512 2450 2612 2530 qui
2658 2461 2822 2513 certe
2868 2452 3015 2514 nihil

311 2535 460 2598 fecit
505 2538 581 2599 ad
629 2539 1036 2618 indagandum
1081 2541 1276 2602 locum
1322 2542 1551 2606 Lunae.
1643 2543 1808 2621 Ergo
1848 2543 2027 2621 plane
2058 2539 2167 2603 Sol
2196 2539 2531 2600 absolvitur
2567 2541 2645 2600 ab
2675 2540 2787 2602 hac
2816 2541 3011 2620 culpa.

309 2625 396 2688 Ut
438 2643 558 2687 non
607 2627 806 2688 dicam
851 2629 912 2690 in
957 2647 1177 2709 magno
1222 2630 1488 2708 periculo
1549 2631 1778 2694 versari
1828 2631 2163 2692 doctrinam
2211 2628 2747 2708 aequinoctiorum,
2802 2629 2855 2691 si
2900 2631 3013 2692 hoc

305 2713 368 2775 in
413 2712 576 2776 Solis
623 2717 828 2778 orbem
885 2719 1233 2780 audeamus.
1327 2720 1532 2800 Atque
1581 2719 1692 2782 hoc
1739 2726 1837 2780 est
1892 2720 2049 2799 quod
2096 2717 2159 2779 in
2204 2717 2589 2797 prognostico
2636 2735 2771 2779 meo
2828 2718 3011 2799 legis:

309 2804 419 2879 „In
465 2813 632 2866 motu
676 2805 842 2869 Solis
887 2808 1018 2869 sine
1066 2826 1288 2888 magna
1331 2808 1786 2889 perturbatione
1834 2809 2057 2871 mutari
2104 2806 2251 2869 nihil
2294 2826 2507 2886 posse,
2572 2808 2729 2886 quod
2777 2809 3013 2887 quidem

308 2893 389 2955 ad
433 2893 588 2955 hanc
635 2895 994 2959 anomaliam
1040 2898 1395 2960 salvandam
1441 2897 1689 2961 faciat.“

483 2980 770 3062 Sequitur
823 2986 1022 3048 Luna
1085 2986 1276 3067 ipsa,
1335 3006 1514 3068 quam
1573 2987 1749 3067 hujus
1806 2985 2018 3065 culpae
2075 3002 2243 3046 ream
2292 2985 2617 3047 manifeste
2662 2994 2834 3048 tenet
2896 2985 3013 3048 ob-

305 3070 574 3131 servatio
617 3072 954 3137 Paschalis.
1045 3075 1312 3138 Assumo
1359 3076 1562 3156 itaque
1591 3094 1860 3137 mensem
1900 3074 2227 3149 hibernum,
2278 3072 2423 3137 Sole
2461 3074 2623 3136 circa
2656 3074 3013 3155 principium

309 3156 664 3239 Capricorni
707 3169 1010 3235 versante,
1060 3164 1310 3237 (ceteris
1353 3164 1631 3243 paribus)
1679 3164 1919 3226 circiter
1965 3169 2220 3243 quatuor
2270 3162 2453 3225 horas
2499 3164 2829 3243 longiorem
2874 3182 3013 3225 esse

315 3264 495 3328 quam
541 3247 858 3326 aestivum,
907 3250 1052 3314 Sole
1099 3252 1262 3313 circa
1307 3253 1636 3315 solstitium
1679 3261 1983 3326 versante,
2032 3260 2367 3314 ceterorum
2411 3253 2721 3327 mensium,
2770 3259 2839 3315 ut
2874 3254 3010 3333 qui-

305 3336 458 3398 libet
520 3337 900 3416 aequinoctio
957 3340 1044 3402 sic
1099 3339 1386 3403 mediocri
1425 3342 1748 3420 (quantum
1806 3340 2077 3403 calculus
2128 3340 2361 3420 prodit)
2422 3342 2781 3421 propiorem.
2876 3343 3011 3404 Hoc

302 3434 484 3505 pacto
541 3432 770 3488 certum
825 3436 921 3489 est
983 3428 1224 3507 negotio
1281 3429 1665 3492 satisfactum
1719 3430 1814 3491 iri.
1907 3430 2069 3492 Nam
2123 3447 2257 3489 cum
2312 3448 2351 3489 a
2395 3448 2610 3491 cancro
2667 3431 2747 3491 ad
2795 3430 3009 3494 libram

304 3524 430 3577 tres
478 3514 692 3577 breves
737 3534 974 3579 menses
1021 3526 1364 3599 sequantur,
1413 3526 1554 3581 sunt
1599 3517 1905 3580 breviores
1951 3517 2185 3579 duabus
2230 3517 2413 3591 horiS,
2466 3538 2641 3597 quam
2680 3528 2805 3580 tres
2834 3538 3007 3581 men-

302 3621 402 3665 ses
469 3602 823 3667 mediocres.
919 3605 1116 3670 Citius
1179 3606 1366 3687 igitur
1411 3607 1586 3669 Luna
1643 3605 1923 3687 pervenit
1976 3607 2054 3667 ad
2101 3604 2339 3679 Solem,
2410 3625 2585 3686 quam
2644 3608 2697 3668 si
2746 3610 3010 3681 (remota

305 3692 792 3756 consideratione
839 3696 966 3775 eJ’us
1015 3696 1406 3771 anomaliae)·
1432 3698 1768 3777 aequaliter
1813 3714 2051 3775 semper
2087 3702 2449 3757 moveretur.
2542 3692 2777 3757 Contra
2812 3717 2849 3757 a
2880 3692 3009 3759 Ca·-

297 3782 574 3861 pricorno
640 3782 719 3846 ad
764 3784 1041 3848 Arietem
1097 3794 1224 3847 tres
1271 3785 1429 3849 tardi
1492 3792 1823 3867 sequuntur
1868 3804 2134 3860 meuses,
2200 3783 2435 3846 tardius
2490 3783 2675 3863 igitur
2732 3784 3007 3865 opinione

299 3870 473 3933 Luna
517 3872 616 3934 vel
661 3874 772 3935 sub
819 3873 1025 3937 Solem
1071 3883 1179 3937 aut
1221 3873 1281 3936 in
1329 3876 1386 3937 ei
1433 3876 1773 3957 oppositam
1817 3876 2089 3937 umbram
2134 3872 2399 3937 incurrit.
2494 3872 2595 3937 Ab
2623 3874 2836 3937 Ariete
2865 3892 3007 3936 vero

456 4117 530 4191 1”)’
573 4124 750 4179 IGF'D
805 4130 894 4183 est
947 4127 1342 4197 consequentia
1393 4128 1694 4199 signorum.
1775 4130 1881 4183 EI)
1925 4126 2451 4198 prosthaphaeresis
2504 4126 2868 4193 diminuenda,
2924 4130 3005 4185 m

293 4203 818 4273 prosthaphaeresis
847 4209 1124 4277 augenda.
1207 4208 1340 4263 Cum
1369 4226 1505 4280 ergo
1525 4209 1648 4278 jam
1674 4224 1945 4277 ponamus
1974 4209 2031 4263 in
2056 4210 2082 4262 1
2110 4208 2303 4263 Ariete
2331 4207 2514 4262 Solem
2540 4208 2761 4281 longius
2791 4210 2848 4263 in
2875 4227 3003 4264 con-

297 4283 589 4352 sequentia
633 4284 843 4339 distare
859 4328 874 4350 ,
930 4302 1093 4357 quam
1139 4280 1195 4335 in
1241 4290 1455 4344 calculo
1503 4288 1803 4353 iuvenitur,
1873 4289 2042 4343 distet
2087 4304 2225 4359 ergo
2266 4288 2421 4341 ultra
2465 4289 2509 4342 Ο
2556 4289 2615 4343 in
2658 4290 2726 4343 N.
2809 4290 2888 4345 Et
2932 4290 3007 4347 sit

293 4362 816 4433 prosthaphaeresis
845 4366 923 4421 IG
951 4367 1127 4437 major
1156 4383 1319 4436 quam
1347 4370 1444 4423 IH.
1529 4370 1767 4423 Rursum
1795 4368 1939 4423 enim
1966 4385 2229 4439 ponemus
2259 4367 2315 4421 in
2337 4369 2390 4423 D
2416 4369 2592 4423 Libra
2616 4368 2800 4425 Solem
2828 4370 3003 4425 minus

294 4441 352 4494 in
381 4444 780 4513 consequentia
823 4446 1048 4511 distare,
1098 4462 1262 4518 quam
1307 4450 1364 4503 in
1393 4449 1607 4503 calculo
1636 4448 1931 4513 invenitur,
1981 4454 2095 4503 stet
2132 4466 2267 4521 ergo
2306 4455 2437 4504 ante
2466 4450 2513 4503 L
2544 4444 2751 4518 (locum
2778 4446 3001 4518 calculi)

291 4521 350 4575 in
374 4520 434 4575 K
461 4528 521 4575 et
547 4522 623 4575 sit
647 4526 1169 4597 prosthaphaeresis
1197 4528 1294 4584 FD
1323 4528 1502 4599 mador
1536 4546 1753 4584 rursum
1781 4546 1945 4600 quam
1970 4530 2091 4583 ΕΙ).
2178 4530 2311 4583 Cum
2338 4546 2475 4601 ergo
2502 4530 2663 4585 Luna
2708 4533 3003 4586 secundum

295 4602 570 4655 calculum
598 4604 803 4657 debeat
827 4622 1002 4679 usque
1029 4607 1086 4661 in
1111 4608 1161 4662 L
1188 4610 1410 4673 moveri,
1443 4616 1506 4664 nt
1531 4608 1716 4663 Solem
1743 4610 1800 4663 in
1827 4611 1876 4664 Ε
1906 4616 2254 4679 assequatur,
2304 4610 2667 4679 deprehendit
2692 4610 2849 4667 illum
2874 4612 2931 4667 in
2956 4615 3003 4669 F

291 4687 351 4736 et
391 4698 500 4736 non
548 4699 687 4753 opus
714 4682 955 4742 haberet
997 4686 1232 4743 ulterius
1278 4689 1384 4743 nisi
1412 4689 1468 4743 in
1497 4690 1546 4752 Q
1572 4691 1855 4761 progredi.
1938 4690 2029 4745 Sic
2054 4708 2175 4745 cum
2220 4689 2506 4745 existimet
2544 4692 2788 4747 calculus
2816 4692 3003 4757 Solem

292 4762 348 4815 in
374 4762 432 4815 Η
458 4769 742 4832 repertum
768 4763 836 4819 iri
859 4766 1092 4838 ideoque
1118 4768 1334 4824 Lunam
1361 4770 1418 4823 in
1445 4771 1492 4824 Τ
1517 4771 1857 4825 solummodo
1894 4771 2212 4835 constituat,
2262 4775 2457 4825 contra
2480 4770 2579 4825 Sol
2605 4772 2759 4827 ultra
2780 4774 2839 4827 H
2863 4771 2922 4827 in
2948 4780 2999 4835 G

287 4847 378 4897 est
401 4849 464 4899 et
487 4842 684 4899 Lunae
705 4843 912 4902 diutius
937 4848 1176 4905 eundum
1201 4850 1374 4905 donec
1398 4850 1552 4907 ultra
1565 4852 1610 4906 Τ
1636 4851 1693 4905 in
1709 4850 1764 4906 R
1787 4851 1998 4907 veniat.
2032 4852 2191 4907 Haec
2216 4856 2353 4921 puto
2389 4852 2561 4922 paulo
2588 4852 2844 4910 clariora.
2925 4858 2997 4911 K.
