3634 5575
569 377 700 444 238
1669 377 1919 444 Δρσιοςίει
1952 377 2201 442 ‘1'ch

1748 676 1990 776 Caput
2042 675 2101 749 I.

1329 833 1508 912 Quid
1549 834 1635 896 eit
1679 833 2041 917 hypothesis
2086 835 2533 897 astronomica.

741 979 816 1040 In
883 977 1283 1056 descriptione
1347 974 1766 1055 hypothesium
1830 975 1919 1036 sic
1979 975 2242 1054 loquitur
2288 975 2511 1052 Ursus,
2576 975 2750 1055 quasi
2810 995 2926 1046 non
2982 977 3061 1040 ad
3124 979 3303 1040 aliud

571 1075 954 1148 comparatae
1003 1073 1212 1128 essent
1255 1065 1625 1144 hypotheses
1649 1109 1664 1138 ,
1714 1083 1891 1143 quam
1940 1061 2019 1124 ad
2066 1063 2237 1125 ludos
2286 1064 2627 1136 hominibus
2682 1063 3012 1131 faciendos.
3088 1064 3301 1138 Quam

569 1159 646 1220 ad
692 1177 818 1220 rem
863 1175 982 1219 non
1028 1155 1182 1218 satis
1229 1153 1544 1216 verborum
1579 1152 1829 1227 invenit,
1897 1152 2111 1232 quibus
2160 1173 2335 1234 quam
2382 1152 2511 1216 fieri
2558 1160 2768 1233 potest
2810 1156 3299 1222 contemtissime

569 1248 642 1309 de
690 1247 804 1310 hoc
849 1261 1070 1325 genere
1114 1241 1522 1304 inventionum
1568 1243 1885 1321 loquatur:
1936 1259 2045 1304 nec
2072 1241 2239 1320 prius
2267 1250 2473 1306 cessat
2498 1242 2833 1306 orationem
2862 1263 3035 1306 suam
3064 1246 3297 1308 distin-

570 1355 774 1416 guere,
823 1332 1328 1412 subdistinguere,
1379 1349 1552 1410 quam
1603 1349 1668 1392 se
1714 1331 1911 1409 ipsum
1942 1331 2377 1410 quodammodo
2407 1333 2801 1412 superaverit.
2866 1333 3045 1400 ,Nos
3084 1353 3301 1401 veram

567 1423 989 1505 hypothesium
1035 1430 1314 1482 naturam
1357 1419 1608 1502 primum
1637 1418 2105 1498 explicabimus3
2152 1427 2371 1498 postea
2407 1421 2573 1483 varie
2621 1421 3055 1502 impingentem
3102 1443 3299 1504 seque

567 1515 762 1592 ipsam
809 1511 1228 1574 conficientem
1253 1507 1396 1570 Ursi
1445 1508 1808 1570 sententiam
1852 1507 2265 1587 particulatim
2311 1511 2747 1589 expendemus:
2798 1530 2875 1572 ne
2904 1512 3047 1591 quid
3074 1521 3295 1587 restet,

575 1603 730 1682 quod
777 1601 1094 1680 imperitus
1143 1599 1335 1660 lector
1381 1596 1537 1659 Urso
1583 1605 1831 1676 propter
1876 1596 2101 1676 ingenii
2148 1597 2373 1658 famam
2421 1600 2649 1662 frustra
2692 1599 2926 1664 credat.

749 1690 886 1750 Non
937 1687 1148 1750 statim
1195 1705 1328 1748 curn
1373 1687 1510 1764 ipsa
1557 1685 1710 1758 coeli
1757 1685 2123 1748 observandi
2168 1687 2596 1750 consuetudine
2644 1695 2825 1750 natus
2854 1697 2952 1750 est
2990 1708 3123 1752 mos
3148 1689 3297 1766 iste,

523 1815 546 1842 x
572 1786 640 1840 ut
687 1795 865 1858 quam
913 1777 1163 1858 quisque
1201 1774 1695 1854 philosophorum
1743 1793 1821 1836 ex
1864 1773 2084 1836 intuitu
2132 1775 2285 1838 coeli
2331 1774 2405 1837 de
2452 1777 2655 1837 mundi
2700 1777 3095 1860 dispositione
3141 1798 3297 1842 con-

571 1867 841 1946 cepisset
906 1865 1274 1945 opinionem,
1353 1882 1428 1924 ea
1499 1881 1712 1926 nomen
1791 1862 2031 1942 aliquod
2106 1863 2359 1936 haberet
2433 1864 2907 1945 hypothesisque
2970 1867 3295 1930 diceretur.

569 1954 1012 2035 Longinquitas
1061 1952 1346 2031 temporis
1393 1952 2001 2032 philosophorumque
2050 1953 2381 2026 successio,
2443 1960 2511 2015 ut
2552 1961 2761 2017 cetera
2806 1974 2961 2034 quae
3006 1975 3295 2020 vocamus

572 2045 870 2108 secundae
919 2041 1272 2107 intentionis
1301 2039 1614 2115 vocabula,
1665 2041 1754 2102 sic
1781 2041 1896 2102 hoc
1928 2059 2157 2122 quoque
2188 2041 2249 2104 in
2290 2043 2665 2111 astronomia
2692 2043 3013 2109 stabilivit.
3084 2045 3299 2112 Prima

570 2133 736 2196 vocis
801 2130 1112 2212 usurpatio
1179 2130 1292 2192 fuit
1355 2130 1539 2209 apud.
1570 2139 2059 2209 geometras,
2140 2130 2239 2210 qui
2304 2138 2445 2194 ante
2502 2138 2710 2192 natam
2776 2131 3033 2211 logicam
3088 2135 3295 2213 philo-

572 2222 820 2302 sophiae
875 2229 1145 2302 partem,
1213 2218 1476 2287 naturali
1534 2218 1759 2280 mentis
1819 2219 2039 2279 lumine
2088 2218 2635 2284 demonstrationes
2689 2239 2834 2282 suas
2890 2223 3297 2300 geometricas

571 2329 708 2374 cum
753 2310 981 2372 vellent
1027 2307 1339 2387 expedire,
1399 2307 1566 2368 soliti
1613 2314 1755 2368 sunt
1801 2327 1839 2368 a
1886 2315 2053 2369 certo
2098 2308 2357 2386 quodam
2400 2308 2577 2371 initio
2626 2307 2959 2372 doctrinam
3005 2311 3295 2391 incipere.

573 2398 1093 2470 Quemadmodum
1139 2396 1298 2458 enim
1342 2395 1404 2458 in
1443 2396 1851 2458 architectura
1896 2396 2049 2457 satis
2106 2397 2293 2460 habet
2338 2395 2569 2477 opifex,
2638 2398 2691 2460 si
2735 2415 2843 2477 pro
2890 2399 3091 2464 futura
3134 2401 3297 2464 mole

575 2489 785 2552 domus
833 2488 1226 2558 fundamenta
1269 2485 1426 2546 infra
1472 2491 1698 2547 terram
1745 2491 2037 2558 exstruat,
2088 2504 2279 2565 neque
2328 2485 2625 2549 sollicitus
2652 2495 2769 2562 est,
2816 2495 2887 2553 ut
2920 2496 3085 2552 terra
3128 2489 3295 2552 infe-

572 2579 696 2642 rior
739 2578 838 2638 vel
882 2583 1023 2642 ruat
1074 2575 1173 2636 vel
1221 2575 1282 2634 in
1327 2593 1464 2646 sese
1519 2575 1769 2638 recedat
1795 2591 2009 2652 ‚usque
2057 2573 2138 2635 ad
2182 2582 2484 2649 centrum,
2543 2575 2635 2636 ita
2697 2575 2755 2637 in
2802 2595 2867 2640 re
2922 2578 3301 2657 geometrica

573 2667 747 2748 primi
795 2673 1071 2728 auctores
1119 2681 1234 2724 non
1280 2661 1373 2723 ita
1427 2662 1632 2724 stolidi
1691 2662 1963 2736 fuerunt,
2032 2670 2104 2725 ut
2161 2662 2261 2742 qui
2320 2671 2463 2744 post
2506 2663 2703 2726 secuti
2766 2673 2909 2730 suut
2951 2666 3299 2747 Pyrrhonii,

573 2765 640 2819 ut
693 2757 896 2819 omnia
937 2753 1168 2815 vellent
1225 2750 1600 2827 addubitare,
1665 2750 1814 2814 nihil
1871 2750 2167 2830 arripere,
2220 2771 2400 2833 super
2454 2754 2613 2833 quod
2667 2771 2777 2819 ceu
2842 2755 3299 2822 fundamentum

573 2854 802 2907 certum
860 2851 926 2907 et
979 2841 1252 2904 omnibus
1309 2842 1651 2903 confessum
1705 2847 1913 2902 cetera
1972 2841 2198 2903 vellent
2252 2843 2773 2925 superaedificare.
2868 2842 3041 2915 Quae
3088 2847 3297 2927 itaque

573 2941 744 2995 certa
789 2940 854 2993 et
900 2931 1057 3010 apud
1089 2948 1294 2991 omnes
1323 2929 1594 2991 homines
1641 2928 1926 2991 confessa
1954 2938 2179 3005 essent,
2231 2950 2305 2993 ea
2342 2932 2589 3010 speciali
2632 2930 2871 2995 nomine
2916 2931 3299 3012 ἀξιωματα

569 3022 942 3093 dictitarunt,
993 3038 1101 3079 ceu
1147 3018 1481 3081 sententias
1523 3018 1810 3092 dicerent,
1862 3036 2014 3097 quae
2060 3019 2353 3083 haberent
2398 3020 2827 3083 auctoritatem
2874 3023 3033 3101 apud
3062 3044 3293 3087 omnes.

571 3109 888 3182 Quaedam
934 3106 1272 3185 hujusmodi
1316 3106 1742 3187 principiorum
1797 3105 1887 3167 sic
1934 3114 2109 3169 erant
2154 3116 2531 3186 comparata,
2582 3116 2652 3171 nt
2698 3110 2967 3189 quamvis
3032 3130 3147 3177 non
3214 3113 3297 3175 ab

575 3199 850 3261 omnibus
898 3197 1306 3271 crederentur,
1355 3192 1506 3275 ipsis
1551 3204 1758 3257 tamen
1803 3196 2149 3260 auctoribus
2180 3198 2336 3259 satis
2366 3204 2539 3259 erant
2564 3204 2733 3269 nota,
2779 3205 2847 3259 ut
2880 3214 2999 3261 non
3047 3200 3297 3263 dubita-

570 3296 708 3350 rent
771 3306 846 3349 ea
900 3286 1023 3349 alia
1077 3284 1586 3350 demonstratione
1643 3291 1814 3355 certa
1861 3292 1925 3345 et
1968 3303 2117 3346 vera
2170 3285 2515 3361 ostendere,
2586 3286 2645 3347 id
2704 3294 2907 3354 antem
2952 3294 3021 3349 ut
3064 3288 3125 3351 in
3172 3290 3295 3353 sibi

567 3376 886 3457 proposita
943 3373 1458 3435 demonstratione
1513 3380 1892 3452 perstarent,
1955 3376 2053 3437 vel
2112 3373 2287 3435 nimis
2344 3374 2587 3455 longum
2652 3383 2787 3437 erat
2850 3375 3115 3439 futurum
3192 3379 3297 3441 vel

569 3464 1092 3545 intempestivum,
1153 3470 1222 3524 ut
1268 3462 1559 3541 eJusmodi
1609 3462 1949 3527 sententiae
1998 3481 2133 3524 cum
2178 3462 2316 3525 aliis
2364 3462 2569 3538 rebus,
2630 3463 2703 3525 de
2750 3463 2965 3543 quibus
3027 3464 3088 3525 in
3134 3484 3293 3546 geo-

569 3555 787 3617 metria
832 3572 950 3615 non
998 3551 1368 3631 disputatur,
1416 3551 1672 3613 innexae
1721 3559 1784 3612 et
1828 3550 2115 3613 confusae
2162 3558 2389 3613 essent.
2480 3551 2612 3613 Has
2652 3551 2935 3615 dixerunt
2972 3553 3295 3631 αἰτηματα,

571 3651 778 3723 utpote
827 3660 979 3722 quae
1027 3662 1066 3702 a
1112 3640 1383 3701 discente
1430 3639 1550 3701 sibi
1595 3640 1843 3704 concedi
1890 3658 1944 3703 a.
1971 3639 2266 3719 principio
2313 3640 2712 3719 postularent.
2804 3641 2937 3703 Hoc
2972 3649 3103 3707 tum
3146 3662 3289 3707 ma-

568 3734 728 3797 xime
791 3750 904 3793 usu
959 3730 1156 3803 venit,
1222 3747 1356 3791 cum
1411 3728 1472 3791 in
1526 3727 1881 3809 figuratione
1928 3729 2209 3808 angulum
2271 3729 2369 3790 vel
2434 3728 2653 3791 lineam
2716 3728 2907 3791 talem
2968 3731 3291 3811 designare
3409 3776 3420 3800 ,-

568 3822 815 3889 vellent,
865 3819 1058 3898 qualis
1105 3836 1285 3877 manu
1331 3816 1602 3896 praecise
1659 3817 1789 3878 fieri
1844 3816 2072 3897 nequit.
2166 3816 2331 3879 Tunc
2396 3817 2553 3878 enim
2608 3816 2922 3892 dicebant,
2979 3818 3095 3892 ἑςω
3143 3822 3291 3889 talis

567 3910 664 3970 vel
711 3908 878 3970 talis.
969 3906 1090 3967 Est
1136 3912 1200 3967 et
1246 3905 1410 3967 aliud
1456 3924 1670 3984 genus,
1723 3923 1888 3975 cum,
1938 3923 2091 3985 quae
2136 3906 2233 3967 vel
2282 3923 2415 3965 esse
2462 3914 2767 3985 nequeunt
2817 3908 2915 3969 vel
2960 3926 3077 3969 non
3126 3918 3289 3983 sunt,

570 4008 856 4077 tanquam
905 4001 1112 4056 essent
1158 4002 1572 4063 assumuntur,
1629 4000 1694 4055 ut
1740 3993 2253 4055 demonstratione
2299 3993 2555 4072 patefiat
2609 3994 2752 4075 quid
2797 4003 3141 4058 secuturum
3190 3998 3289 4059 fo-
3372 3992 3377 3995 ’

569 4093 680 4161 ret,
731 4085 786 4146 si
831 4085 940 4159 illa
983 4091 1209 4145 essent.
1301 4084 1434 4143 Hoc
1480 4100 1711 4163 quoque
1758 4101 1949 4162 genus
2012 4089 2140 4143 tum
2186 4082 2381 4143 locum
2426 4080 2639 4155 habet,
2692 4101 2826 4143 cum
2874 4102 2907 4143 e
2954 4088 3291 4163 geometria

569 4173 803 4254 egressi
846 4174 910 4234 in
957 4178 1254 4251 cognatas
1293 4170 1582 4233 scientias
1610 4170 2147 4232 demonstrationis
2176 4169 2519 4231 methodum
2555 4172 2946 4233 transferunt.
3030 4172 3285 4235 Utrum-

570 4281 683 4344 que
730 4281 919 4343 genus
975 4267 1039 4322 et
1085 4278 1238 4340 quae
1286 4260 1406 4320 alia
1451 4259 1768 4321 brevitatis
1813 4279 2001 4321 causa
2058 4259 2425 4333 intermitto,
2494 4258 2733 4338 quando
2792 4260 2872 4320 ad
2917 4269 3117 4323 actum
3176 4263 3285 4324 de-

569 4349 1026 4413 monstrationis
1081 4348 1426 4422 veniebant,
1483 4343 1803 4419 ὑποθεσεις
1867 4366 1974 4409 seu
2028 4347 2471 4427 suppositiones
2518 4346 2940 4426 appellabant,
3005 4360 3287 4430 respectu

571 4440 808 4501 scilicet
854 4440 1014 4520 ejus,
1065 4437 1222 4518 quod
1271 4436 1686 4498 demonstrare
1733 4436 2137 4497 intenderent.
2232 4434 2742 4515 Supponebantnr
2806 4438 2967 4499 enim
3018 4446 3168 4499 nota
3228 4446 3291 4500 et

568 4545 746 4608 super
791 4528 912 4589 illis
960 4524 1426 4589 exstruebantur
1468 4523 1771 4603 ignotiora
1817 4524 2407 4604 ostendebanturque
2457 4524 2732 4586 discenti.

744 4616 917 4678 Haec
973 4614 1138 4695 origo
1186 4614 1383 4688 vocis,
1449 4612 1548 4674 hic
1613 4632 1762 4675 usus
1819 4614 1978 4692 apud
2042 4618 2402 4693 geometras.
2497 4610 2725 4675 Statim
2780 4614 2841 4681 in
2902 4613 3287 4693 geometricis

573 4702 780 4784 figuris
829 4712 892 4765 et
937 4702 1218 4777 numeris,
1265 4718 1480 4781 nempe
1527 4702 1586 4763 in
1632 4720 1698 4763 re
1745 4702 1935 4763 totius
1972 4709 2223 4763 naturae
2271 4700 2608 4762 clarissima
2653 4699 2954 4781 mentique
2994 4702 3289 4764 humanae

570 4792 832 4854 maxime
881 4800 1062 4872 apta,
1113 4790 1635 4871 deprehenderunt
1677 4808 1875 4852 rerum
1920 4790 2425 4869 contemplatores
2472 4788 2668 4851 lumen
2716 4790 2863 4851 illud
2908 4791 3127 4852 mentis
3174 4810 3289 4851 no-

569 4891 764 4957 strae,
833 4882 992 4961 quod
1050 4880 1386 4943 rectissime
1434 4878 1672 4962 quidem
1717 4877 1778 4941 in
1839 4878 2077 4959 figuris,
2140 4877 2251 4941 sed
2311 4884 2514 4940 tamen
2572 4878 2757 4940 etiam
2812 4878 2874 4941 in
2920 4878 3059 4941 aliis
3104 4878 3287 4941 rebus
