<?xml version="1.0" encoding="UTF-8"?>
<!DOCTYPE html PUBLIC "-//W3C//DTD XHTML 1.0 Transitional//EN"
    "http://www.w3.org/TR/xhtml1/DTD/xhtml1-transitional.dtd">
<html xmlns="http://www.w3.org/1999/xhtml" xml:lang="en" lang="en">
 <head>
  <title>
</title>
<meta http-equiv="Content-Type" content="text/html;charset=utf-8" />
  <meta name='ocr-system' content='tesseract 3.04.00' />
  <meta name='ocr-capabilities' content='ocr_page ocr_carea ocr_par ocr_line ocrx_word'/>
</head>
<body>
  <div class='ocr_page' id='page_1' title='image "./joanniskepleria30frisgoog_0441.png"; bbox 0 0 3634 5575; ppageno 0'>
   <div class='ocr_carea' id='block_1_1' title="bbox 570 365 2180 436">
    <p class='ocr_par' dir='ltr' id='par_1_1' title="bbox 570 365 2180 436">
     <span class='ocr_line' id='line_1_1' title="bbox 570 365 2180 436; baseline 0.005 -21"><span class='ocrx_word' id='word_1_1' title='bbox 570 365 705 436; x_wconf 67' lang='lat'><strong>422</strong></span> <span class='ocrx_word' id='word_1_2' title='bbox 1701 370 1782 424; x_wconf 89' lang='lat' dir='ltr'><strong>De</strong></span> <span class='ocrx_word' id='word_1_3' title='bbox 1819 371 2180 425; x_wconf 60' lang='lat' dir='ltr'><strong>fundamentis</strong></span> 
     </span>
    </p>
   </div>
   <div class='ocr_carea' id='block_1_2' title="bbox 571 527 3315 1588">
    <p class='ocr_par' dir='ltr' id='par_1_2' title="bbox 571 527 3307 1057">
     <span class='ocr_line' id='line_1_2' title="bbox 571 527 3303 614; baseline -0.002 -20"><span class='ocrx_word' id='word_1_4' title='bbox 571 531 1021 614; x_wconf 88' lang='lat' dir='ltr'><strong>perpendiculo,</strong></span> <span class='ocrx_word' id='word_1_5' title='bbox 1069 549 1188 592; x_wconf 91' lang='lat' dir='ltr'><strong>uno</strong></span> <span class='ocrx_word' id='word_1_6' title='bbox 1235 529 1484 595; x_wconf 79' lang='lat' dir='ltr'>milliari</span> <span class='ocrx_word' id='word_1_7' title='bbox 1527 527 1873 610; x_wconf 82' lang='lat' dir='ltr'><strong>germanico</strong></span> <span class='ocrx_word' id='word_1_8' title='bbox 1922 531 2133 604; x_wconf 88' lang='lat' dir='ltr'><strong>(altior</strong></span> <span class='ocrx_word' id='word_1_9' title='bbox 2170 539 2369 596; x_wconf 87' lang='lat' dir='ltr'><strong>autem</strong></span> <span class='ocrx_word' id='word_1_10' title='bbox 2415 549 2551 594; x_wconf 86' lang='lat' dir='ltr'><strong>esse</strong></span> <span class='ocrx_word' id='word_1_11' title='bbox 2586 531 2693 594; x_wconf 84' lang='lat' dir='ltr'><strong>vix</strong></span> <span class='ocrx_word' id='word_1_12' title='bbox 2716 535 2943 613; x_wconf 84' lang='lat' dir='ltr'><strong>potest,</strong></span> <span class='ocrx_word' id='word_1_13' title='bbox 2982 547 3100 591; x_wconf 85' lang='lat' dir='ltr'><strong>non</strong></span> <span class='ocrx_word' id='word_1_14' title='bbox 3140 527 3303 590; x_wconf 79' lang='lat' dir='ltr'><strong>enim</strong></span> 
     </span>
     <span class='ocr_line' id='line_1_3' title="bbox 576 617 3303 703; baseline -0.002 -19"><span class='ocrx_word' id='word_1_15' title='bbox 576 622 794 684; x_wconf 88' lang='lat' dir='ltr'><strong>eadem</strong></span> <span class='ocrx_word' id='word_1_16' title='bbox 842 627 939 682; x_wconf 81' lang='lat' dir='ltr'><strong>est</strong></span> <span class='ocrx_word' id='word_1_17' title='bbox 985 619 1244 683; x_wconf 81' lang='lat' dir='ltr'><strong>altitudo</strong></span> <span class='ocrx_word' id='word_1_18' title='bbox 1291 617 1606 694; x_wconf 85' lang='lat' dir='ltr'><strong>materiae,</strong></span> <span class='ocrx_word' id='word_1_19' title='bbox 1657 637 1810 700; x_wconf 89' lang='lat' dir='ltr'><strong>quae</strong></span> <span class='ocrx_word' id='word_1_20' title='bbox 1858 621 2211 703; x_wconf 89' lang='lat' dir='ltr'><strong>crepuscula</strong></span> <span class='ocrx_word' id='word_1_21' title='bbox 2258 621 2423 696; x_wconf 80' lang='lat' dir='ltr'><strong>facit,</strong></span> <span class='ocrx_word' id='word_1_22' title='bbox 2464 628 2529 684; x_wconf 87' lang='lat' dir='ltr'><strong>et</strong></span> <span class='ocrx_word' id='word_1_23' title='bbox 2562 639 2717 702; x_wconf 86' lang='lat' dir='ltr'><strong>quae</strong></span> <span class='ocrx_word' id='word_1_24' title='bbox 2755 620 3065 683; x_wconf 85' lang='lat' dir='ltr'><strong>stellarum</strong></span> <span class='ocrx_word' id='word_1_25' title='bbox 3092 617 3303 680; x_wconf 86' lang='lat' dir='ltr'><strong>radios</strong></span> 
     </span>
     <span class='ocr_line' id='line_1_4' title="bbox 575 706 3307 790; baseline -0.003 -16"><span class='ocrx_word' id='word_1_26' title='bbox 575 710 910 790; x_wconf 73' lang='lat' dir='ltr'><strong>refringit).</strong></span> <span class='ocrx_word' id='word_1_27' title='bbox 975 707 1178 770; x_wconf 87' lang='lat' dir='ltr'><strong>Solari</strong></span> <span class='ocrx_word' id='word_1_28' title='bbox 1227 708 1412 789; x_wconf 83' lang='lat' dir='ltr'><strong>igitur</strong></span> <span class='ocrx_word' id='word_1_29' title='bbox 1455 709 1627 770; x_wconf 89' lang='lat' dir='ltr'><strong>radio</strong></span> <span class='ocrx_word' id='word_1_30' title='bbox 1675 715 1916 772; x_wconf 75' lang='lat' dir='ltr'><strong>aestate</strong></span> <span class='ocrx_word' id='word_1_31' title='bbox 1964 707 2280 788; x_wconf 89' lang='lat' dir='ltr'><strong>objicietur</strong></span> <span class='ocrx_word' id='word_1_32' title='bbox 2334 710 2647 772; x_wconf 87' lang='lat' dir='ltr'><strong>crassities</strong></span> <span class='ocrx_word' id='word_1_33' title='bbox 2692 709 2865 772; x_wconf 88' lang='lat' dir='ltr'><strong>unius</strong></span> <span class='ocrx_word' id='word_1_34' title='bbox 2912 706 3187 770; x_wconf 88' lang='lat' dir='ltr'><strong>milliaris</strong></span> <span class='ocrx_word' id='word_1_35' title='bbox 3236 715 3307 766; x_wconf 86' lang='lat' dir='ltr'><strong>et</strong></span> 
     </span>
     <span class='ocr_line' id='line_1_5' title="bbox 575 795 3306 880; baseline -0.002 -19"><span class='ocrx_word' id='word_1_36' title='bbox 575 818 770 861; x_wconf 87' lang='lat' dir='ltr'><strong>nonae</strong></span> <span class='ocrx_word' id='word_1_37' title='bbox 815 797 1043 878; x_wconf 86' lang='lat' dir='ltr'><strong>partis,</strong></span> <span class='ocrx_word' id='word_1_38' title='bbox 1089 797 1300 879; x_wconf 80' lang='lat' dir='ltr'>hyeme</span> <span class='ocrx_word' id='word_1_39' title='bbox 1353 796 1540 865; x_wconf 90' lang='lat' dir='ltr'><strong>trium</strong></span> <span class='ocrx_word' id='word_1_40' title='bbox 1587 803 1650 858; x_wconf 88' lang='lat' dir='ltr'><strong>et</strong></span> <span class='ocrx_word' id='word_1_41' title='bbox 1696 798 1936 858; x_wconf 83' lang='lat' dir='ltr'><strong>tertiae.</strong></span> <span class='ocrx_word' id='word_1_42' title='bbox 2028 797 2126 859; x_wconf 86' lang='lat' dir='ltr'><strong>Ita</strong></span> <span class='ocrx_word' id='word_1_43' title='bbox 2170 799 2351 878; x_wconf 84' lang='lat' dir='ltr'><strong>triplo</strong></span> <span class='ocrx_word' id='word_1_44' title='bbox 2398 797 2651 861; x_wconf 75' lang='lat' dir='ltr'>debilior</span> <span class='ocrx_word' id='word_1_45' title='bbox 2695 807 2791 860; x_wconf 90' lang='lat' dir='ltr'><strong>est</strong></span> <span class='ocrx_word' id='word_1_46' title='bbox 2836 795 3067 880; x_wconf 85' lang='lat' dir='ltr'><strong>hyeme·</strong></span> <span class='ocrx_word' id='word_1_47' title='bbox 3093 796 3306 857; x_wconf 81' lang='lat' dir='ltr'><strong>radius</strong></span> 
     </span>
     <span class='ocr_line' id='line_1_6' title="bbox 577 885 3303 968; baseline -0.001 -18"><span class='ocrx_word' id='word_1_48' title='bbox 577 885 743 950; x_wconf 89' lang='lat' dir='ltr'><strong>Solis</strong></span> <span class='ocrx_word' id='word_1_49' title='bbox 789 893 1040 968; x_wconf 88' lang='lat' dir='ltr'><strong>propter</strong></span> <span class='ocrx_word' id='word_1_50' title='bbox 1085 887 1240 948; x_wconf 89' lang='lat' dir='ltr'><strong>hanc</strong></span> <span class='ocrx_word' id='word_1_51' title='bbox 1288 905 1576 948; x_wconf 87' lang='lat' dir='ltr'><strong>causam:</strong></span> <span class='ocrx_word' id='word_1_52' title='bbox 1626 893 1690 946; x_wconf 90' lang='lat' dir='ltr'><strong>et</strong></span> <span class='ocrx_word' id='word_1_53' title='bbox 1735 887 2073 965; x_wconf 88' lang='lat' dir='ltr'><strong>conjunctis</strong></span> <span class='ocrx_word' id='word_1_54' title='bbox 2120 887 2213 949; x_wconf 89' lang='lat' dir='ltr'><strong>his</strong></span> <span class='ocrx_word' id='word_1_55' title='bbox 2260 887 2454 950; x_wconf 90' lang='lat' dir='ltr'><strong>tribus</strong></span> <span class='ocrx_word' id='word_1_56' title='bbox 2499 888 2729 962; x_wconf 86' lang='lat' dir='ltr'><strong>causis,</strong></span> <span class='ocrx_word' id='word_1_57' title='bbox 2788 887 2891 949; x_wconf 86' lang='lat' dir='ltr'><strong>vix</strong></span> <span class='ocrx_word' id='word_1_58' title='bbox 2936 904 3081 965; x_wconf 89' lang='lat' dir='ltr'><strong>pars</strong></span> <span class='ocrx_word' id='word_1_59' title='bbox 3124 885 3303 947; x_wconf 86' lang='lat' dir='ltr'><strong>vice-</strong></span> 
     </span>
     <span class='ocr_line' id='line_1_7' title="bbox 577 973 2139 1057; baseline -0.002 -18"><span class='ocrx_word' id='word_1_60' title='bbox 577 975 734 1039; x_wconf 85' lang='lat' dir='ltr'><strong>sima</strong></span> <span class='ocrx_word' id='word_1_61' title='bbox 777 983 1000 1057; x_wconf 80' lang='lat' dir='ltr'><strong>quarta</strong></span> <span class='ocrx_word' id='word_1_62' title='bbox 1043 976 1258 1056; x_wconf 80' lang='lat' dir='ltr'><strong>hyeme</strong></span> <span class='ocrx_word' id='word_1_63' title='bbox 1304 973 1526 1036; x_wconf 87' lang='lat' dir='ltr'><strong>caloris</strong></span> <span class='ocrx_word' id='word_1_64' title='bbox 1574 974 1794 1036; x_wconf 85' lang='lat' dir='ltr'><strong>aestivi</strong></span> <span class='ocrx_word' id='word_1_65' title='bbox 1842 984 2139 1054; x_wconf 82' lang='lat' dir='ltr'><strong>superest.</strong></span> 
     </span>
    </p>

    <p class='ocr_par' dir='ltr' id='par_1_3' title="bbox 1693 1062 2161 1125">
     <span class='ocr_line' id='line_1_8' title="bbox 1693 1062 2161 1125; baseline 0 -1"><span class='ocrx_word' id='word_1_66' title='bbox 1693 1063 1970 1124; x_wconf 87' lang='lat' dir='ltr'><strong>Thesis</strong></span> <span class='ocrx_word' id='word_1_67' title='bbox 2016 1062 2161 1125; x_wconf 88' lang='lat' dir='ltr'>XII.</span> 
     </span>
    </p>

    <p class='ocr_par' dir='ltr' id='par_1_4' title="bbox 577 1149 3315 1588">
     <span class='ocr_line' id='line_1_9' title="bbox 757 1149 3305 1232; baseline -0.002 -18"><span class='ocrx_word' id='word_1_68' title='bbox 757 1152 910 1214; x_wconf 85' lang='lat' dir='ltr'><strong>Etsi</strong></span> <span class='ocrx_word' id='word_1_69' title='bbox 943 1169 1087 1213; x_wconf 81' lang='lat' dir='ltr'><strong>vero</strong></span> <span class='ocrx_word' id='word_1_70' title='bbox 1135 1151 1250 1212; x_wconf 90' lang='lat' dir='ltr'><strong>bae</strong></span> <span class='ocrx_word' id='word_1_71' title='bbox 1298 1157 1424 1214; x_wconf 88' lang='lat' dir='ltr'><strong>tres</strong></span> <span class='ocrx_word' id='word_1_72' title='bbox 1473 1169 1694 1214; x_wconf 89' lang='lat' dir='ltr'><strong>causae</strong></span> <span class='ocrx_word' id='word_1_73' title='bbox 1739 1151 1889 1232; x_wconf 90' lang='lat' dir='ltr'><strong>ipsis</strong></span> <span class='ocrx_word' id='word_1_74' title='bbox 1936 1151 2185 1214; x_wconf 78' lang='lat' dir='ltr'><strong>brumae</strong></span> <span class='ocrx_word' id='word_1_75' title='bbox 2232 1161 2296 1216; x_wconf 92' lang='lat' dir='ltr'><strong>et</strong></span> <span class='ocrx_word' id='word_1_76' title='bbox 2340 1151 2589 1216; x_wconf 87' lang='lat' dir='ltr'><strong>solstitii</strong></span> <span class='ocrx_word' id='word_1_77' title='bbox 2626 1151 2838 1215; x_wconf 86' lang='lat' dir='ltr'><strong>diebus</strong></span> <span class='ocrx_word' id='word_1_78' title='bbox 2878 1157 3021 1214; x_wconf 87' lang='lat' dir='ltr'><strong>sunt</strong></span> <span class='ocrx_word' id='word_1_79' title='bbox 3046 1149 3305 1212; x_wconf 78' lang='lat' dir='ltr'><strong>eviden-</strong></span> 
     </span>
     <span class='ocr_line' id='line_1_10' title="bbox 577 1239 3307 1321; baseline -0.001 -18"><span class='ocrx_word' id='word_1_80' title='bbox 577 1241 872 1317; x_wconf 81' lang='lat' dir='ltr'><strong>tissimae,</strong></span> <span class='ocrx_word' id='word_1_81' title='bbox 920 1259 1036 1302; x_wconf 90' lang='lat' dir='ltr'><strong>non</strong></span> <span class='ocrx_word' id='word_1_82' title='bbox 1081 1247 1284 1302; x_wconf 88' lang='lat' dir='ltr'><strong>tamen</strong></span> <span class='ocrx_word' id='word_1_83' title='bbox 1335 1240 1408 1302; x_wconf 90' lang='lat' dir='ltr'><strong>de</strong></span> <span class='ocrx_word' id='word_1_84' title='bbox 1457 1239 1824 1304; x_wconf 79' lang='lat' dir='ltr'><strong>necessitate</strong></span> <span class='ocrx_word' id='word_1_85' title='bbox 1870 1239 1995 1302; x_wconf 90' lang='lat' dir='ltr'><strong>illic</strong></span> <span class='ocrx_word' id='word_1_86' title='bbox 2044 1241 2252 1321; x_wconf 85' lang='lat' dir='ltr'><strong>frigus,</strong></span> <span class='ocrx_word' id='word_1_87' title='bbox 2303 1241 2399 1303; x_wconf 88' lang='lat' dir='ltr'><strong>hic</strong></span> <span class='ocrx_word' id='word_1_88' title='bbox 2446 1242 2611 1304; x_wconf 88' lang='lat' dir='ltr'><strong>calor</strong></span> <span class='ocrx_word' id='word_1_89' title='bbox 2654 1242 2774 1304; x_wconf 89' lang='lat' dir='ltr'><strong>erit</strong></span> <span class='ocrx_word' id='word_1_90' title='bbox 2812 1240 3073 1316; x_wconf 88' lang='lat' dir='ltr'><strong>omnium</strong></span> <span class='ocrx_word' id='word_1_91' title='bbox 3100 1239 3307 1300; x_wconf 82' lang='lat' dir='ltr'><strong>maxi-</strong></span> 
     </span>
     <span class='ocr_line' id='line_1_11' title="bbox 578 1328 3309 1413; baseline -0.001 -21"><span class='ocrx_word' id='word_1_92' title='bbox 578 1349 745 1392; x_wconf 90' lang='lat' dir='ltr'><strong>mus:</strong></span> <span class='ocrx_word' id='word_1_93' title='bbox 814 1330 922 1392; x_wconf 88' lang='lat' dir='ltr'><strong>sed</strong></span> <span class='ocrx_word' id='word_1_94' title='bbox 971 1328 1213 1391; x_wconf 88' lang='lat' dir='ltr'><strong>accedit</strong></span> <span class='ocrx_word' id='word_1_95' title='bbox 1255 1329 1376 1390; x_wconf 88' lang='lat' dir='ltr'><strong>alia</strong></span> <span class='ocrx_word' id='word_1_96' title='bbox 1423 1347 1644 1404; x_wconf 89' lang='lat' dir='ltr'><strong>causa,</strong></span> <span class='ocrx_word' id='word_1_97' title='bbox 1713 1347 1867 1410; x_wconf 89' lang='lat' dir='ltr'><strong>quae</strong></span> <span class='ocrx_word' id='word_1_98' title='bbox 1934 1337 2217 1409; x_wconf 86' lang='lat' dir='ltr'><strong>quantum</strong></span> <span class='ocrx_word' id='word_1_99' title='bbox 2264 1331 2323 1392; x_wconf 90' lang='lat' dir='ltr'><strong>in</strong></span> <span class='ocrx_word' id='word_1_100' title='bbox 2372 1349 2506 1393; x_wconf 87' lang='lat' dir='ltr'><strong>sese</strong></span> <span class='ocrx_word' id='word_1_101' title='bbox 2529 1376 2544 1405; x_wconf 91' lang='lat'><strong>,</strong></span> <span class='ocrx_word' id='word_1_102' title='bbox 2602 1330 2879 1413; x_wconf 86' lang='lat' dir='ltr'><strong>hyemem</strong></span> <span class='ocrx_word' id='word_1_103' title='bbox 2924 1348 2965 1391; x_wconf 85' lang='lat' dir='ltr'><strong>a</strong></span> <span class='ocrx_word' id='word_1_104' title='bbox 3006 1328 3309 1410; x_wconf 86' lang='lat' dir='ltr'><strong>principio</strong></span> 
     </span>
     <span class='ocr_line' id='line_1_12' title="bbox 577 1417 3313 1498; baseline -0.001 -17"><span class='ocrx_word' id='word_1_105' title='bbox 577 1419 908 1491; x_wconf 83' lang='lat' dir='ltr'><strong>Februarii,</strong></span> <span class='ocrx_word' id='word_1_106' title='bbox 959 1424 1258 1479; x_wconf 84' lang='lat' dir='ltr'><strong>aestatem</strong></span> <span class='ocrx_word' id='word_1_107' title='bbox 1297 1437 1335 1478; x_wconf 89' lang='lat' dir='ltr'><strong>a</strong></span> <span class='ocrx_word' id='word_1_108' title='bbox 1379 1417 1672 1497; x_wconf 87' lang='lat' dir='ltr'><strong>principio</strong></span> <span class='ocrx_word' id='word_1_109' title='bbox 1717 1419 1985 1498; x_wconf 85' lang='lat' dir='ltr'><strong>Augusti</strong></span> <span class='ocrx_word' id='word_1_110' title='bbox 2043 1419 2139 1480; x_wconf 87' lang='lat' dir='ltr'><strong>vel</strong></span> <span class='ocrx_word' id='word_1_111' title='bbox 2186 1419 2451 1489; x_wconf 82' lang='lat' dir='ltr'><strong>circiter,</strong></span> <span class='ocrx_word' id='word_1_112' title='bbox 2494 1420 2683 1481; x_wconf 84' lang='lat' dir='ltr'><strong>faciet</strong></span> <span class='ocrx_word' id='word_1_113' title='bbox 2716 1419 3027 1498; x_wconf 88' lang='lat' dir='ltr'><strong>majorem.</strong></span> <span class='ocrx_word' id='word_1_114' title='bbox 3112 1417 3313 1478; x_wconf 79' lang='lat' dir='ltr'><strong>Terra</strong></span> 
     </span>
     <span class='ocr_line' id='line_1_13' title="bbox 581 1505 3315 1588; baseline -0.001 -19"><span class='ocrx_word' id='word_1_115' title='bbox 581 1505 740 1570; x_wconf 84' lang='lat' dir='ltr'><strong>enim</strong></span> <span class='ocrx_word' id='word_1_116' title='bbox 789 1515 854 1569; x_wconf 87' lang='lat' dir='ltr'><strong>et</strong></span> <span class='ocrx_word' id='word_1_117' title='bbox 901 1525 1058 1588; x_wconf 89' lang='lat' dir='ltr'><strong>aqua</strong></span> <span class='ocrx_word' id='word_1_118' title='bbox 1105 1513 1246 1567; x_wconf 87' lang='lat' dir='ltr'><strong>sunt</strong></span> <span class='ocrx_word' id='word_1_119' title='bbox 1291 1525 1506 1567; x_wconf 88' lang='lat' dir='ltr'><strong>crassa</strong></span> <span class='ocrx_word' id='word_1_120' title='bbox 1549 1525 1831 1586; x_wconf 88' lang='lat' dir='ltr'><strong>corpora,</strong></span> <span class='ocrx_word' id='word_1_121' title='bbox 1899 1525 2011 1568; x_wconf 86' lang='lat' dir='ltr'><strong>nec</strong></span> <span class='ocrx_word' id='word_1_122' title='bbox 2072 1517 2329 1588; x_wconf 84' lang='lat' dir='ltr'><strong>possunt</strong></span> <span class='ocrx_word' id='word_1_123' title='bbox 2384 1527 2501 1570; x_wconf 90' lang='lat' dir='ltr'><strong>uno</strong></span> <span class='ocrx_word' id='word_1_124' title='bbox 2561 1515 2863 1570; x_wconf 88' lang='lat' dir='ltr'><strong>momento</strong></span> <span class='ocrx_word' id='word_1_125' title='bbox 2918 1506 3168 1582; x_wconf 82' lang='lat' dir='ltr'><strong>calfieri,</strong></span> <span class='ocrx_word' id='word_1_126' title='bbox 3236 1513 3315 1567; x_wconf 82' lang='lat' dir='ltr'><strong>et</strong></span> 
     </span>
    </p>
   </div>
   <div class='ocr_carea' id='block_1_3' title="bbox 582 1594 3407 1677">
    <p class='ocr_par' dir='ltr' id='par_1_5' title="bbox 582 1594 3407 1677">
     <span class='ocr_line' id='line_1_14' title="bbox 582 1594 3407 1677; baseline 0.001 -19"><span class='ocrx_word' id='word_1_127' title='bbox 582 1597 850 1658; x_wconf 82' lang='lat' dir='ltr'><strong>calfacta</strong></span> <span class='ocrx_word' id='word_1_128' title='bbox 896 1595 1057 1657; x_wconf 89' lang='lat' dir='ltr'><strong>circa</strong></span> <span class='ocrx_word' id='word_1_129' title='bbox 1101 1611 1370 1656; x_wconf 86' lang='lat' dir='ltr'><strong>mensem</strong></span> <span class='ocrx_word' id='word_1_130' title='bbox 1414 1595 1676 1670; x_wconf 87' lang='lat' dir='ltr'><strong>Junium‚</strong></span> <span class='ocrx_word' id='word_1_131' title='bbox 1729 1594 1875 1658; x_wconf 87' lang='lat' dir='ltr'><strong>Sole</strong></span> <span class='ocrx_word' id='word_1_132' title='bbox 1922 1595 2245 1671; x_wconf 88' lang='lat' dir='ltr'><strong>altissimo,</strong></span> <span class='ocrx_word' id='word_1_133' title='bbox 2304 1597 2569 1659; x_wconf 85' lang='lat' dir='ltr'><strong>retinent</strong></span> <span class='ocrx_word' id='word_1_134' title='bbox 2628 1596 2992 1677; x_wconf 84' lang='lat' dir='ltr'><strong>aliquamdiu</strong></span> <span class='ocrx_word' id='word_1_135' title='bbox 3024 1594 3311 1657; x_wconf 83' lang='lat' dir='ltr'><strong>calorem</strong></span> <span class='ocrx_word' id='word_1_136' title='bbox 3394 1653 3407 1660; x_wconf 83' lang='grc'>,</span> 
     </span>
    </p>
   </div>
   <div class='ocr_carea' id='block_1_4' title="bbox 580 1644 3313 3712">
    <p class='ocr_par' dir='ltr' id='par_1_6' title="bbox 580 1644 3313 2030">
     <span class='ocr_line' id='line_1_15' title="bbox 581 1644 3313 1766; baseline -0.001 -19"><span class='ocrx_word' id='word_1_137' title='bbox 581 1683 696 1747; x_wconf 87' lang='lat' dir='ltr'><strong>sibi</strong></span> <span class='ocrx_word' id='word_1_138' title='bbox 741 1684 986 1765; x_wconf 87' lang='lat' dir='ltr'><strong>penitus</strong></span> <span class='ocrx_word' id='word_1_139' title='bbox 1029 1683 1387 1762; x_wconf 88' lang='lat' dir='ltr'><strong>impressum</strong></span> <span class='ocrx_word' id='word_1_140' title='bbox 1437 1685 1582 1756; x_wconf 86' lang='lat' dir='ltr'><strong>(etsi</strong></span> <span class='ocrx_word' id='word_1_141' title='bbox 1633 1683 2125 1764; x_wconf 81' lang='lat' dir='ltr'><strong>superficietenus</strong></span> <span class='ocrx_word' id='word_1_142' title='bbox 2172 1644 2341 1747; x_wconf 62' lang='lat' dir='ltr'><strong>ill’um</strong></span> <span class='ocrx_word' id='word_1_143' title='bbox 2403 1685 2655 1766; x_wconf 87' lang='lat' dir='ltr'><strong>singulis</strong></span> <span class='ocrx_word' id='word_1_144' title='bbox 2710 1685 2989 1747; x_wconf 88' lang='lat' dir='ltr'><strong>noctibus</strong></span> <span class='ocrx_word' id='word_1_145' title='bbox 3036 1683 3313 1746; x_wconf 85' lang='lat' dir='ltr'><strong>nonnihil</strong></span> 
     </span>
     <span class='ocr_line' id='line_1_16' title="bbox 581 1763 3311 1854; baseline -0 -19"><span class='ocrx_word' id='word_1_146' title='bbox 581 1773 928 1846; x_wconf 86' lang='lat' dir='ltr'><strong>remittant)</strong></span> <span class='ocrx_word' id='word_1_147' title='bbox 993 1778 1241 1852; x_wconf 88' lang='lat' dir='ltr'><strong>propter</strong></span> <span class='ocrx_word' id='word_1_148' title='bbox 1307 1773 1670 1834; x_wconf 84' lang='lat' dir='ltr'><strong>densitatem</strong></span> <span class='ocrx_word' id='word_1_149' title='bbox 1735 1772 2029 1835; x_wconf 87' lang='lat' dir='ltr'><strong>materiae</strong></span> <span class='ocrx_word' id='word_1_150' title='bbox 2084 1780 2147 1835; x_wconf 91' lang='lat' dir='ltr'><strong>et</strong></span> <span class='ocrx_word' id='word_1_151' title='bbox 2202 1763 2683 1854; x_wconf 87' lang='lat' dir='ltr'><strong>magnitudinem&#39;</strong></span> <span class='ocrx_word' id='word_1_152' title='bbox 2722 1791 3063 1854; x_wconf 86' lang='lat' dir='ltr'><strong>corporum,</strong></span> <span class='ocrx_word' id='word_1_153' title='bbox 3118 1780 3311 1853; x_wconf 83' lang='lat' dir='ltr'><strong>atque</strong></span> 
     </span>
     <span class='ocr_line' id='line_1_17' title="bbox 580 1859 3311 1944; baseline 0 -22"><span class='ocrx_word' id='word_1_154' title='bbox 580 1862 672 1924; x_wconf 83' lang='lat' dir='ltr'><strong>ita</strong></span> <span class='ocrx_word' id='word_1_155' title='bbox 714 1859 879 1922; x_wconf 87' lang='lat' dir='ltr'><strong>Junii</strong></span> <span class='ocrx_word' id='word_1_156' title='bbox 924 1861 1188 1922; x_wconf 88' lang='lat' dir='ltr'><strong>calorem</strong></span> <span class='ocrx_word' id='word_1_157' title='bbox 1237 1861 1310 1922; x_wconf 87' lang='lat' dir='ltr'><strong>de</strong></span> <span class='ocrx_word' id='word_1_158' title='bbox 1356 1861 1686 1940; x_wconf 87' lang='lat' dir='ltr'><strong>praeterito</strong></span> <span class='ocrx_word' id='word_1_159' title='bbox 1747 1879 1881 1922; x_wconf 89' lang='lat' dir='ltr'><strong>cum</strong></span> <span class='ocrx_word' id='word_1_160' title='bbox 1930 1862 2130 1922; x_wconf 82' lang='lat' dir='ltr'><strong>calore</strong></span> <span class='ocrx_word' id='word_1_161' title='bbox 2167 1861 2314 1924; x_wconf 87' lang='lat' dir='ltr'><strong>Julii</strong></span> <span class='ocrx_word' id='word_1_162' title='bbox 2354 1871 2420 1924; x_wconf 87' lang='lat' dir='ltr'><strong>et</strong></span> <span class='ocrx_word' id='word_1_163' title='bbox 2455 1863 2722 1944; x_wconf 86' lang='lat' dir='ltr'><strong>Augusti</strong></span> <span class='ocrx_word' id='word_1_164' title='bbox 2760 1863 3086 1925; x_wconf 88' lang='lat' dir='ltr'><strong>cumulant.</strong></span> <span class='ocrx_word' id='word_1_165' title='bbox 3132 1862 3311 1924; x_wconf 85' lang='lat' dir='ltr'><strong>Idem</strong></span> 
     </span>
     <span class='ocr_line' id='line_1_18' title="bbox 581 1949 2096 2030; baseline 0.001 -20"><span class='ocrx_word' id='word_1_166' title='bbox 581 1949 643 2011; x_wconf 88' lang='lat' dir='ltr'><strong>in</strong></span> <span class='ocrx_word' id='word_1_167' title='bbox 691 1949 1056 2012; x_wconf 87' lang='lat' dir='ltr'><strong>contrarium</strong></span> <span class='ocrx_word' id='word_1_168' title='bbox 1105 1949 1417 2011; x_wconf 87' lang='lat' dir='ltr'><strong>dicendum</strong></span> <span class='ocrx_word' id='word_1_169' title='bbox 1457 1949 1530 2010; x_wconf 91' lang='lat' dir='ltr'><strong>de</strong></span> <span class='ocrx_word' id='word_1_170' title='bbox 1576 1949 1798 2028; x_wconf 83' lang='lat' dir='ltr'><strong>frigore</strong></span> <span class='ocrx_word' id='word_1_171' title='bbox 1847 1950 2096 2030; x_wconf 86' lang='lat' dir='ltr'><strong>hyemis.</strong></span> 
     </span>
    </p>

    <p class='ocr_par' dir='ltr' id='par_1_7' title="bbox 1703 2037 2192 2102">
     <span class='ocr_line' id='line_1_19' title="bbox 1703 2037 2192 2102; baseline 0.008 -4"><span class='ocrx_word' id='word_1_172' title='bbox 1703 2037 1971 2099; x_wconf 89' lang='lat' dir='ltr'><strong>Thesis</strong></span> <span class='ocrx_word' id='word_1_173' title='bbox 2016 2038 2192 2102; x_wconf 89' lang='lat' dir='ltr'><strong>XIII.</strong></span> 
     </span>
    </p>

    <p class='ocr_par' dir='ltr' id='par_1_8' title="bbox 583 2125 3305 2564">
     <span class='ocr_line' id='line_1_20' title="bbox 761 2125 3305 2208; baseline 0.001 -20"><span class='ocrx_word' id='word_1_174' title='bbox 761 2127 928 2189; x_wconf 90' lang='lat' dir='ltr'><strong>Idem</strong></span> <span class='ocrx_word' id='word_1_175' title='bbox 968 2125 1258 2206; x_wconf 88' lang='lat' dir='ltr'><strong>judicium</strong></span> <span class='ocrx_word' id='word_1_176' title='bbox 1307 2134 1440 2188; x_wconf 84' lang='lat' dir='ltr'><strong>esto</strong></span> <span class='ocrx_word' id='word_1_177' title='bbox 1489 2133 1552 2186; x_wconf 92' lang='lat' dir='ltr'><strong>et</strong></span> <span class='ocrx_word' id='word_1_178' title='bbox 1598 2126 1672 2187; x_wconf 87' lang='lat' dir='ltr'><strong>de</strong></span> <span class='ocrx_word' id='word_1_179' title='bbox 1703 2127 1870 2191; x_wconf 78' lang='lat' dir='ltr'><strong>hora</strong></span> <span class='ocrx_word' id='word_1_180' title='bbox 1916 2128 2181 2188; x_wconf 89' lang='lat' dir='ltr'><strong>secunda</strong></span> <span class='ocrx_word' id='word_1_181' title='bbox 2227 2127 2383 2201; x_wconf 90' lang='lat' dir='ltr'><strong>diei,</strong></span> <span class='ocrx_word' id='word_1_182' title='bbox 2440 2145 2593 2208; x_wconf 88' lang='lat' dir='ltr'><strong>quae</strong></span> <span class='ocrx_word' id='word_1_183' title='bbox 2650 2127 2901 2190; x_wconf 85' lang='lat' dir='ltr'><strong>calidior</strong></span> <span class='ocrx_word' id='word_1_184' title='bbox 2948 2136 3070 2204; x_wconf 90' lang='lat' dir='ltr'><strong>est,</strong></span> <span class='ocrx_word' id='word_1_185' title='bbox 3120 2144 3305 2208; x_wconf 85' lang='lat' dir='ltr'><strong>quam</strong></span> 
     </span>
     <span class='ocr_line' id='line_1_21' title="bbox 584 2213 3305 2299; baseline 0 -21"><span class='ocrx_word' id='word_1_186' title='bbox 584 2216 955 2290; x_wconf 88' lang='lat' dir='ltr'><strong>duodecima,</strong></span> <span class='ocrx_word' id='word_1_187' title='bbox 1005 2214 1122 2276; x_wconf 87' lang='lat' dir='ltr'><strong>etsi</strong></span> <span class='ocrx_word' id='word_1_188' title='bbox 1168 2213 1276 2277; x_wconf 87' lang='lat' dir='ltr'><strong>Sol</strong></span> <span class='ocrx_word' id='word_1_189' title='bbox 1314 2214 1443 2295; x_wconf 85' lang='lat' dir='ltr'><strong>jam</strong></span> <span class='ocrx_word' id='word_1_190' title='bbox 1491 2214 1674 2276; x_wconf 88' lang='lat' dir='ltr'><strong>cadit.</strong></span> <span class='ocrx_word' id='word_1_191' title='bbox 1763 2215 1933 2276; x_wconf 90' lang='lat' dir='ltr'><strong>Idem</strong></span> <span class='ocrx_word' id='word_1_192' title='bbox 1964 2215 2119 2277; x_wconf 90' lang='lat' dir='ltr'><strong>enim</strong></span> <span class='ocrx_word' id='word_1_193' title='bbox 2150 2215 2245 2278; x_wconf 92' lang='lat' dir='ltr'><strong>hic</strong></span> <span class='ocrx_word' id='word_1_194' title='bbox 2276 2225 2551 2298; x_wconf 81' lang='lat' dir='ltr'><strong>praestat</strong></span> <span class='ocrx_word' id='word_1_195' title='bbox 2583 2224 2714 2293; x_wconf 73' lang='lat' dir='ltr'><strong>aer,</strong></span> <span class='ocrx_word' id='word_1_196' title='bbox 2766 2217 2920 2299; x_wconf 88' lang='lat' dir='ltr'><strong>quod</strong></span> <span class='ocrx_word' id='word_1_197' title='bbox 2976 2217 3101 2278; x_wconf 90' lang='lat' dir='ltr'><strong>illic</strong></span> <span class='ocrx_word' id='word_1_198' title='bbox 3138 2226 3305 2279; x_wconf 85' lang='lat' dir='ltr'><strong>terra</strong></span> 
     </span>
     <span class='ocr_line' id='line_1_22' title="bbox 583 2303 3303 2387; baseline 0 -19"><span class='ocrx_word' id='word_1_199' title='bbox 583 2305 914 2386; x_wconf 86' lang='lat' dir='ltr'><strong>praestitit.</strong></span> <span class='ocrx_word' id='word_1_200' title='bbox 1005 2303 1166 2366; x_wconf 86' lang='lat' dir='ltr'><strong>Nam</strong></span> <span class='ocrx_word' id='word_1_201' title='bbox 1213 2309 1354 2375; x_wconf 71' lang='lat' dir='ltr'><strong>aer,</strong></span> <span class='ocrx_word' id='word_1_202' title='bbox 1403 2311 1471 2365; x_wconf 90' lang='lat' dir='ltr'><strong>ut</strong></span> <span class='ocrx_word' id='word_1_203' title='bbox 1515 2304 1712 2365; x_wconf 90' lang='lat' dir='ltr'><strong>tenuis</strong></span> <span class='ocrx_word' id='word_1_204' title='bbox 1761 2304 2110 2379; x_wconf 87' lang='lat' dir='ltr'><strong>admodum,</strong></span> <span class='ocrx_word' id='word_1_205' title='bbox 2170 2307 2423 2368; x_wconf 88' lang='lat' dir='ltr'><strong>celerius</strong></span> <span class='ocrx_word' id='word_1_206' title='bbox 2484 2307 2722 2386; x_wconf 88' lang='lat' dir='ltr'><strong>quidem</strong></span> <span class='ocrx_word' id='word_1_207' title='bbox 2770 2325 2947 2387; x_wconf 89' lang='lat' dir='ltr'><strong>quam</strong></span> <span class='ocrx_word' id='word_1_208' title='bbox 2982 2313 3155 2369; x_wconf 74' lang='lat' dir='ltr'><strong>terra</strong></span> <span class='ocrx_word' id='word_1_209' title='bbox 3202 2307 3303 2368; x_wconf 84' lang='lat' dir='ltr'><strong>al-</strong></span> 
     </span>
     <span class='ocr_line' id='line_1_23' title="bbox 585 2391 3301 2470; baseline 0 -15"><span class='ocrx_word' id='word_1_210' title='bbox 585 2402 838 2464; x_wconf 85' lang='lat' dir='ltr'><strong>teratur,</strong></span> <span class='ocrx_word' id='word_1_211' title='bbox 887 2411 1003 2454; x_wconf 92' lang='lat' dir='ltr'><strong>non</strong></span> <span class='ocrx_word' id='word_1_212' title='bbox 1051 2399 1254 2454; x_wconf 86' lang='lat' dir='ltr'><strong>tamen</strong></span> <span class='ocrx_word' id='word_1_213' title='bbox 1303 2393 1540 2453; x_wconf 89' lang='lat' dir='ltr'><strong>omnino</strong></span> <span class='ocrx_word' id='word_1_214' title='bbox 1587 2391 1809 2453; x_wconf 88' lang='lat' dir='ltr'><strong>subito.</strong></span> <span class='ocrx_word' id='word_1_215' title='bbox 1888 2392 2151 2455; x_wconf 88' lang='lat' dir='ltr'><strong>Accedit</strong></span> <span class='ocrx_word' id='word_1_216' title='bbox 2197 2401 2399 2458; x_wconf 87' lang='lat' dir='ltr'><strong>tamen</strong></span> <span class='ocrx_word' id='word_1_217' title='bbox 2449 2394 2583 2470; x_wconf 87' lang='lat' dir='ltr'><strong>huc,</strong></span> <span class='ocrx_word' id='word_1_218' title='bbox 2635 2396 2686 2458; x_wconf 89' lang='lat' dir='ltr'><strong>si</strong></span> <span class='ocrx_word' id='word_1_219' title='bbox 2735 2414 2849 2456; x_wconf 88' lang='lat' dir='ltr'><strong>non</strong></span> <span class='ocrx_word' id='word_1_220' title='bbox 2900 2402 3032 2457; x_wconf 89' lang='lat' dir='ltr'><strong>tota</strong></span> <span class='ocrx_word' id='word_1_221' title='bbox 3078 2396 3301 2456; x_wconf 87' lang='lat' dir='ltr'><strong>Terrae</strong></span> 
     </span>
     <span class='ocr_line' id='line_1_24' title="bbox 589 2480 1774 2564; baseline -0.002 -19"><span class='ocrx_word' id='word_1_222' title='bbox 589 2481 981 2564; x_wconf 82' lang='lat' dir='ltr'><strong>corpulentia,</strong></span> <span class='ocrx_word' id='word_1_223' title='bbox 1033 2488 1102 2542; x_wconf 89' lang='lat' dir='ltr'><strong>at</strong></span> <span class='ocrx_word' id='word_1_224' title='bbox 1145 2481 1364 2542; x_wconf 86' lang='lat' dir='ltr'><strong>saltem</strong></span> <span class='ocrx_word' id='word_1_225' title='bbox 1409 2480 1774 2560; x_wconf 82' lang='lat' dir='ltr'><strong>superficies.</strong></span> 
     </span>
    </p>

    <p class='ocr_par' dir='ltr' id='par_1_9' title="bbox 1705 2569 2199 2632">
     <span class='ocr_line' id='line_1_25' title="bbox 1705 2569 2199 2632; baseline 0.002 -2"><span class='ocrx_word' id='word_1_226' title='bbox 1705 2569 1979 2630; x_wconf 87' lang='lat' dir='ltr'><strong>Thesis</strong></span> <span class='ocrx_word' id='word_1_227' title='bbox 2024 2569 2199 2632; x_wconf 87' lang='lat' dir='ltr'>XIV.</span> 
     </span>
    </p>

    <p class='ocr_par' dir='ltr' id='par_1_10' title="bbox 586 2657 3307 2917">
     <span class='ocr_line' id='line_1_26' title="bbox 763 2657 3307 2738; baseline 0.002 -20"><span class='ocrx_word' id='word_1_228' title='bbox 763 2657 858 2719; x_wconf 86' lang='lat' dir='ltr'><strong>Ex</strong></span> <span class='ocrx_word' id='word_1_229' title='bbox 906 2657 1114 2718; x_wconf 89' lang='lat' dir='ltr'><strong>eodem</strong></span> <span class='ocrx_word' id='word_1_230' title='bbox 1143 2657 1532 2719; x_wconf 79' lang='lat' dir='ltr'><strong>fundamento</strong></span> <span class='ocrx_word' id='word_1_231' title='bbox 1561 2657 1828 2736; x_wconf 85' lang='lat' dir='ltr'><strong>praedici</strong></span> <span class='ocrx_word' id='word_1_232' title='bbox 1864 2663 2090 2737; x_wconf 88' lang='lat' dir='ltr'><strong>potest,</strong></span> <span class='ocrx_word' id='word_1_233' title='bbox 2132 2657 2550 2738; x_wconf 73' lang='lat' dir='ltr'><strong>Septembrem</strong></span> <span class='ocrx_word' id='word_1_234' title='bbox 2580 2664 2643 2719; x_wconf 91' lang='lat' dir='ltr'><strong>et</strong></span> <span class='ocrx_word' id='word_1_235' title='bbox 2672 2657 3019 2732; x_wconf 84' lang='lat' dir='ltr'><strong>Octobrem,</strong></span> <span class='ocrx_word' id='word_1_236' title='bbox 3058 2665 3307 2738; x_wconf 82' lang='lat' dir='ltr'><strong>propter</strong></span> 
     </span>
     <span class='ocr_line' id='line_1_27' title="bbox 587 2745 3305 2829; baseline -0.001 -18"><span class='ocrx_word' id='word_1_237' title='bbox 587 2749 742 2811; x_wconf 90' lang='lat' dir='ltr'><strong>hanc</strong></span> <span class='ocrx_word' id='word_1_238' title='bbox 791 2747 1028 2829; x_wconf 88' lang='lat' dir='ltr'><strong>quidem</strong></span> <span class='ocrx_word' id='word_1_239' title='bbox 1075 2765 1340 2817; x_wconf 87' lang='lat' dir='ltr'><strong>causam,</strong></span> <span class='ocrx_word' id='word_1_240' title='bbox 1390 2745 1706 2809; x_wconf 87' lang='lat' dir='ltr'><strong>calidiores</strong></span> <span class='ocrx_word' id='word_1_241' title='bbox 1757 2747 1989 2809; x_wconf 84' lang='lat' dir='ltr'><strong>futuros</strong></span> <span class='ocrx_word' id='word_1_242' title='bbox 2038 2765 2213 2828; x_wconf 87' lang='lat' dir='ltr'><strong>quam</strong></span> <span class='ocrx_word' id='word_1_243' title='bbox 2260 2749 2547 2813; x_wconf 88' lang='lat' dir='ltr'><strong>Martium</strong></span> <span class='ocrx_word' id='word_1_244' title='bbox 2596 2753 2661 2810; x_wconf 89' lang='lat' dir='ltr'><strong>et</strong></span> <span class='ocrx_word' id='word_1_245' title='bbox 2706 2747 3137 2811; x_wconf 85' lang='lat' dir='ltr'><strong>Februarium:</strong></span> <span class='ocrx_word' id='word_1_246' title='bbox 3186 2748 3305 2811; x_wconf 85' lang='lat' dir='ltr'><strong>etsi</strong></span> 
     </span>
     <span class='ocr_line' id='line_1_28' title="bbox 586 2836 2059 2917; baseline -0.002 -17"><span class='ocrx_word' id='word_1_247' title='bbox 586 2838 863 2917; x_wconf 89' lang='lat' dir='ltr'><strong>utrinque</strong></span> <span class='ocrx_word' id='word_1_248' title='bbox 907 2836 1114 2897; x_wconf 67' lang='lat' dir='ltr'><strong>futura</strong></span> <span class='ocrx_word' id='word_1_249' title='bbox 1159 2843 1255 2897; x_wconf 87' lang='lat' dir='ltr'><strong>est</strong></span> <span class='ocrx_word' id='word_1_250' title='bbox 1299 2837 1514 2899; x_wconf 88' lang='lat' dir='ltr'><strong>eadem</strong></span> <span class='ocrx_word' id='word_1_251' title='bbox 1561 2836 1680 2898; x_wconf 90' lang='lat' dir='ltr'><strong>diei</strong></span> <span class='ocrx_word' id='word_1_252' title='bbox 1727 2836 2059 2916; x_wconf 85' lang='lat' dir='ltr'><strong>longitudo.</strong></span> 
     </span>
    </p>

    <p class='ocr_par' dir='ltr' id='par_1_11' title="bbox 1707 2925 2231 2987">
     <span class='ocr_line' id='line_1_29' title="bbox 1707 2925 2231 2987; baseline -0.002 -1"><span class='ocrx_word' id='word_1_253' title='bbox 1707 2925 1807 2986; x_wconf 86' lang='lat' dir='ltr'><strong>Th</strong></span> <span class='ocrx_word' id='word_1_254' title='bbox 1824 2925 1972 2986; x_wconf 87' lang='lat' dir='ltr'><strong>esis</strong></span> <span class='ocrx_word' id='word_1_255' title='bbox 2018 2925 2173 2987; x_wconf 82' lang='lat' dir='ltr'><strong>XV.</strong></span> <span class='ocrx_word' id='word_1_256' title='bbox 2226 2959 2231 2969; x_wconf 94' lang='lat'>·</span> 
     </span>
    </p>

    <p class='ocr_par' dir='ltr' id='par_1_12' title="bbox 588 3010 3309 3450">
     <span class='ocr_line' id='line_1_30' title="bbox 767 3010 3304 3099; baseline 0 -25"><span class='ocrx_word' id='word_1_257' title='bbox 767 3012 988 3074; x_wconf 90' lang='lat' dir='ltr'><strong>Altera</strong></span> <span class='ocrx_word' id='word_1_258' title='bbox 1035 3028 1221 3073; x_wconf 86' lang='lat' dir='ltr'><strong>causa</strong></span> <span class='ocrx_word' id='word_1_259' title='bbox 1275 3011 1534 3093; x_wconf 85' lang='lat' dir='ltr'><strong>physica</strong></span> <span class='ocrx_word' id='word_1_260' title='bbox 1579 3014 2053 3099; x_wconf 79' lang='lat' dir='ltr'><strong>praedictionum</strong></span> <span class='ocrx_word' id='word_1_261' title='bbox 2102 3020 2199 3075; x_wconf 87' lang='lat' dir='ltr'><strong>est</strong></span> <span class='ocrx_word' id='word_1_262' title='bbox 2242 3010 2465 3075; x_wconf 88' lang='lat' dir='ltr'><strong>Luna.</strong></span> <span class='ocrx_word' id='word_1_263' title='bbox 2548 3013 2707 3075; x_wconf 87' lang='lat' dir='ltr'><strong>Nam</strong></span> <span class='ocrx_word' id='word_1_264' title='bbox 2748 3013 3121 3093; x_wconf 85' lang='lat' dir='ltr'><strong>experientia</strong></span> <span class='ocrx_word' id='word_1_265' title='bbox 3158 3031 3304 3094; x_wconf 90' lang='lat' dir='ltr'><strong>pro-</strong></span> 
     </span>
     <span class='ocr_line' id='line_1_31' title="bbox 588 3100 3307 3181; baseline -0 -16"><span class='ocrx_word' id='word_1_266' title='bbox 588 3103 798 3165; x_wconf 87' lang='lat' dir='ltr'><strong>batum</strong></span> <span class='ocrx_word' id='word_1_267' title='bbox 843 3107 957 3177; x_wconf 90' lang='lat' dir='ltr'><strong>est,</strong></span> <span class='ocrx_word' id='word_1_268' title='bbox 1007 3101 1204 3161; x_wconf 89' lang='lat' dir='ltr'><strong>omnia</strong></span> <span class='ocrx_word' id='word_1_269' title='bbox 1249 3101 1494 3163; x_wconf 80' lang='lat' dir='ltr'><strong>humore</strong></span> <span class='ocrx_word' id='word_1_270' title='bbox 1543 3103 1891 3165; x_wconf 85' lang='lat' dir='ltr'><strong>constantia</strong></span> <span class='ocrx_word' id='word_1_271' title='bbox 1936 3110 2243 3165; x_wconf 89' lang='lat' dir='ltr'><strong>crescente</strong></span> <span class='ocrx_word' id='word_1_272' title='bbox 2272 3100 2448 3164; x_wconf 87' lang='lat' dir='ltr'><strong>Luna</strong></span> <span class='ocrx_word' id='word_1_273' title='bbox 2494 3108 2871 3181; x_wconf 80' lang='lat' dir='ltr'><strong>turgescere3</strong></span> <span class='ocrx_word' id='word_1_274' title='bbox 2920 3102 3307 3166; x_wconf 83' lang='lat' dir='ltr'><strong>decrescente</strong></span> 
     </span>
     <span class='ocr_line' id='line_1_32' title="bbox 589 3186 3307 3271; baseline 0 -19"><span class='ocrx_word' id='word_1_275' title='bbox 589 3190 923 3252; x_wconf 86' lang='lat' dir='ltr'><strong>subsidere.</strong></span> <span class='ocrx_word' id='word_1_276' title='bbox 1018 3186 1192 3259; x_wconf 82' lang='lat' dir='ltr'><strong>Quae</strong></span> <span class='ocrx_word' id='word_1_277' title='bbox 1239 3208 1358 3252; x_wconf 87' lang='lat' dir='ltr'><strong>una</strong></span> <span class='ocrx_word' id='word_1_278' title='bbox 1403 3209 1501 3252; x_wconf 90' lang='lat' dir='ltr'><strong>res</strong></span> <span class='ocrx_word' id='word_1_279' title='bbox 1548 3192 1938 3271; x_wconf 87' lang='lat' dir='ltr'><strong>plurimarum</strong></span> <span class='ocrx_word' id='word_1_280' title='bbox 1982 3190 2342 3253; x_wconf 89' lang='lat' dir='ltr'><strong>electionum</strong></span> <span class='ocrx_word' id='word_1_281' title='bbox 2388 3198 2451 3251; x_wconf 91' lang='lat' dir='ltr'><strong>et</strong></span> <span class='ocrx_word' id='word_1_282' title='bbox 2494 3191 2972 3269; x_wconf 86' lang='lat' dir='ltr'><strong>praedictionum</strong></span> <span class='ocrx_word' id='word_1_283' title='bbox 3020 3192 3080 3253; x_wconf 89' lang='lat' dir='ltr'><strong>iu</strong></span> <span class='ocrx_word' id='word_1_284' title='bbox 3124 3210 3307 3254; x_wconf 86' lang='lat' dir='ltr'><strong>oeco-</strong></span> 
     </span>
     <span class='ocr_line' id='line_1_33' title="bbox 591 3277 3309 3363; baseline 0 -23"><span class='ocrx_word' id='word_1_285' title='bbox 591 3278 808 3353; x_wconf 86' lang='lat' dir='ltr'><strong>nomia,</strong></span> <span class='ocrx_word' id='word_1_286' title='bbox 859 3296 922 3340; x_wconf 89' lang='lat' dir='ltr'><strong>re</strong></span> <span class='ocrx_word' id='word_1_287' title='bbox 971 3277 1219 3352; x_wconf 88' lang='lat' dir='ltr'><strong>rustica,</strong></span> <span class='ocrx_word' id='word_1_288' title='bbox 1271 3279 1586 3350; x_wconf 89' lang='lat' dir='ltr'><strong>medicina,</strong></span> <span class='ocrx_word' id='word_1_289' title='bbox 1634 3281 1897 3349; x_wconf 85' lang='lat' dir='ltr'><strong>nautica,</strong></span> <span class='ocrx_word' id='word_1_290' title='bbox 1946 3298 2133 3341; x_wconf 87' lang='lat' dir='ltr'><strong>causa</strong></span> <span class='ocrx_word' id='word_1_291' title='bbox 2178 3288 2293 3343; x_wconf 85' lang='lat' dir='ltr'><strong>est.</strong></span> <span class='ocrx_word' id='word_1_292' title='bbox 2350 3278 2674 3341; x_wconf 85' lang='lat' dir='ltr'><strong>Rationem</strong></span> <span class='ocrx_word' id='word_1_293' title='bbox 2722 3279 2899 3360; x_wconf 84' lang='lat' dir='ltr'><strong>hujus</strong></span> <span class='ocrx_word' id='word_1_294' title='bbox 2926 3280 3309 3363; x_wconf 84' lang='lat' dir='ltr'><strong>sympathiae</strong></span> 
     </span>
     <span class='ocr_line' id='line_1_34' title="bbox 591 3367 2079 3450; baseline 0.001 -21"><span class='ocrx_word' id='word_1_295' title='bbox 591 3368 850 3429; x_wconf 88' lang='lat' dir='ltr'><strong>nondum</strong></span> <span class='ocrx_word' id='word_1_296' title='bbox 887 3367 1157 3446; x_wconf 84' lang='lat' dir='ltr'><strong>perfecte</strong></span> <span class='ocrx_word' id='word_1_297' title='bbox 1205 3369 1510 3447; x_wconf 86' lang='lat' dir='ltr'><strong>cognitam</strong></span> <span class='ocrx_word' id='word_1_298' title='bbox 1556 3368 1781 3431; x_wconf 87' lang='lat' dir='ltr'><strong>habent</strong></span> <span class='ocrx_word' id='word_1_299' title='bbox 1826 3368 2079 3450; x_wconf 87' lang='lat' dir='ltr'><strong>physici.</strong></span> 
     </span>
    </p>

    <p class='ocr_par' dir='ltr' id='par_1_13' title="bbox 1710 3456 2194 3521">
     <span class='ocr_line' id='line_1_35' title="bbox 1710 3456 2194 3521; baseline 0 -2"><span class='ocrx_word' id='word_1_300' title='bbox 1710 3457 1971 3519; x_wconf 82' lang='lat' dir='ltr'><strong>Thesis</strong></span> <span class='ocrx_word' id='word_1_301' title='bbox 2018 3456 2194 3521; x_wconf 88' lang='lat' dir='ltr'>XVI.</span> 
     </span>
    </p>

    <p class='ocr_par' dir='ltr' id='par_1_14' title="bbox 771 3543 3313 3625">
     <span class='ocr_line' id='line_1_36' title="bbox 771 3543 3313 3625; baseline 0.001 -20"><span class='ocrx_word' id='word_1_302' title='bbox 771 3543 890 3605; x_wconf 89' lang='lat' dir='ltr'><strong>Est</strong></span> <span class='ocrx_word' id='word_1_303' title='bbox 935 3551 1136 3605; x_wconf 86' lang='lat' dir='ltr'><strong>autem</strong></span> <span class='ocrx_word' id='word_1_304' title='bbox 1184 3543 1405 3623; x_wconf 83' lang='lat' dir='ltr'><strong>duplex</strong></span> <span class='ocrx_word' id='word_1_305' title='bbox 1449 3546 1658 3608; x_wconf 89' lang='lat' dir='ltr'><strong>Lunae</strong></span> <span class='ocrx_word' id='word_1_306' title='bbox 1705 3546 1933 3621; x_wconf 84' lang='lat' dir='ltr'><strong>virtus,</strong></span> <span class='ocrx_word' id='word_1_307' title='bbox 1983 3546 2179 3608; x_wconf 87' lang='lat' dir='ltr'><strong>altera</strong></span> <span class='ocrx_word' id='word_1_308' title='bbox 2224 3551 2561 3619; x_wconf 83' lang='lat' dir='ltr'><strong>menstrua,</strong></span> <span class='ocrx_word' id='word_1_309' title='bbox 2612 3545 2686 3606; x_wconf 90' lang='lat' dir='ltr'><strong>de</strong></span> <span class='ocrx_word' id='word_1_310' title='bbox 2736 3563 2848 3625; x_wconf 89' lang='lat' dir='ltr'><strong>qua</strong></span> <span class='ocrx_word' id='word_1_311' title='bbox 2887 3544 3021 3625; x_wconf 89' lang='lat' dir='ltr'><strong>jam</strong></span> <span class='ocrx_word' id='word_1_312' title='bbox 3067 3544 3221 3621; x_wconf 81' lang='lat' dir='ltr'><strong>dixi,</strong></span> <span class='ocrx_word' id='word_1_313' title='bbox 3272 3566 3313 3607; x_wconf 87' lang='lat' dir='ltr'><strong>a</strong></span> 
     </span>
    </p>

    <p class='ocr_par' dir='ltr' id='par_1_15' title="bbox 592 3630 3306 3712">
     <span class='ocr_line' id='line_1_37' title="bbox 592 3630 3306 3712; baseline 0 -17"><span class='ocrx_word' id='word_1_314' title='bbox 592 3630 866 3697; x_wconf 89' lang='lat' dir='ltr'><strong>mutabili</strong></span> <span class='ocrx_word' id='word_1_315' title='bbox 915 3632 1126 3693; x_wconf 89' lang='lat' dir='ltr'><strong>Lunae</strong></span> <span class='ocrx_word' id='word_1_316' title='bbox 1175 3631 1329 3695; x_wconf 85' lang='lat' dir='ltr'><strong>facie</strong></span> <span class='ocrx_word' id='word_1_317' title='bbox 1377 3635 1756 3712; x_wconf 88' lang='lat' dir='ltr'><strong>dependens;</strong></span> <span class='ocrx_word' id='word_1_318' title='bbox 1809 3634 2007 3697; x_wconf 90' lang='lat' dir='ltr'><strong>altera</strong></span> <span class='ocrx_word' id='word_1_319' title='bbox 2052 3634 2525 3707; x_wconf 86' lang='lat' dir='ltr'><strong>semimenstrua,</strong></span> <span class='ocrx_word' id='word_1_320' title='bbox 2579 3640 2642 3695; x_wconf 89' lang='lat' dir='ltr'><strong>et</strong></span> <span class='ocrx_word' id='word_1_321' title='bbox 2686 3635 2763 3697; x_wconf 90' lang='lat' dir='ltr'><strong>ob</strong></span> <span class='ocrx_word' id='word_1_322' title='bbox 2807 3634 2871 3696; x_wconf 87' lang='lat' dir='ltr'><strong>id</strong></span> <span class='ocrx_word' id='word_1_323' title='bbox 2903 3634 3089 3696; x_wconf 85' lang='lat' dir='ltr'><strong>etiam</strong></span> <span class='ocrx_word' id='word_1_324' title='bbox 3116 3633 3306 3697; x_wconf 89' lang='lat' dir='ltr'><strong>semi-</strong></span> 
     </span>
    </p>
   </div>
   <div class='ocr_carea' id='block_1_5' title="bbox 569 3722 3309 4781">
    <p class='ocr_par' dir='ltr' id='par_1_16' title="bbox 591 3722 3309 3963">
     <span class='ocr_line' id='line_1_38' title="bbox 591 3722 3309 3805; baseline 0 -21"><span class='ocrx_word' id='word_1_325' title='bbox 591 3723 822 3797; x_wconf 88' lang='lat' dir='ltr'><strong>diurua,</strong></span> <span class='ocrx_word' id='word_1_326' title='bbox 873 3740 1023 3802; x_wconf 89' lang='lat' dir='ltr'><strong>quae</strong></span> <span class='ocrx_word' id='word_1_327' title='bbox 1069 3722 1129 3782; x_wconf 86' lang='lat' dir='ltr'><strong>in</strong></span> <span class='ocrx_word' id='word_1_328' title='bbox 1179 3722 1544 3784; x_wconf 89' lang='lat' dir='ltr'><strong>medicorum</strong></span> <span class='ocrx_word' id='word_1_329' title='bbox 1591 3724 1847 3786; x_wconf 88' lang='lat' dir='ltr'><strong>crisibus</strong></span> <span class='ocrx_word' id='word_1_330' title='bbox 1894 3724 2071 3805; x_wconf 85' lang='lat' dir='ltr'><strong>inque</strong></span> <span class='ocrx_word' id='word_1_331' title='bbox 2120 3724 2303 3784; x_wconf 89' lang='lat' dir='ltr'><strong>maris</strong></span> <span class='ocrx_word' id='word_1_332' title='bbox 2362 3729 2537 3783; x_wconf 89' lang='lat' dir='ltr'><strong>aestu</strong></span> <span class='ocrx_word' id='word_1_333' title='bbox 2576 3722 2879 3803; x_wconf 89' lang='lat' dir='ltr'><strong>reciproco</strong></span> <span class='ocrx_word' id='word_1_334' title='bbox 2927 3724 3309 3803; x_wconf 87' lang='lat' dir='ltr'><strong>potissimam</strong></span> 
     </span>
     <span class='ocr_line' id='line_1_39' title="bbox 591 3810 1474 3889; baseline -0.002 -16"><span class='ocrx_word' id='word_1_335' title='bbox 591 3811 714 3873; x_wconf 84' lang='lat' dir='ltr'><strong>vim</strong></span> <span class='ocrx_word' id='word_1_336' title='bbox 759 3812 965 3883; x_wconf 87' lang='lat' dir='ltr'><strong>babet,</strong></span> <span class='ocrx_word' id='word_1_337' title='bbox 1013 3811 1088 3872; x_wconf 88' lang='lat' dir='ltr'><strong>de</strong></span> <span class='ocrx_word' id='word_1_338' title='bbox 1134 3828 1252 3889; x_wconf 89' lang='lat' dir='ltr'><strong>qua</strong></span> <span class='ocrx_word' id='word_1_339' title='bbox 1297 3810 1474 3873; x_wconf 84' lang='lat' dir='ltr'><strong>infra.</strong></span> 
     </span>
     <span class='ocr_line' id='line_1_40' title="bbox 1683 3898 2213 3963; baseline -0.002 -2"><span class='ocrx_word' id='word_1_340' title='bbox 1683 3898 1833 3961; x_wconf 88' lang='lat' dir='ltr'><strong>The</strong></span> <span class='ocrx_word' id='word_1_341' title='bbox 1850 3899 1913 3961; x_wconf 90' lang='lat' dir='ltr'><strong>si</strong></span> <span class='ocrx_word' id='word_1_342' title='bbox 1930 3920 1961 3961; x_wconf 89' lang='lat' dir='ltr'><strong>s</strong></span> <span class='ocrx_word' id='word_1_343' title='bbox 2005 3898 2213 3963; x_wconf 89' lang='lat' dir='ltr'>XVII.</span> 
     </span>
    </p>

    <p class='ocr_par' dir='ltr' id='par_1_17' title="bbox 569 3983 3305 4515">
     <span class='ocr_line' id='line_1_41' title="bbox 771 3983 3303 4068; baseline 0.001 -21"><span class='ocrx_word' id='word_1_344' title='bbox 771 3983 1235 4065; x_wconf 81' lang='lat' dir='ltr'><strong>Quibuscunque</strong></span> <span class='ocrx_word' id='word_1_345' title='bbox 1281 3987 1488 4068; x_wconf 89' lang='lat' dir='ltr'><strong>itaque</strong></span> <span class='ocrx_word' id='word_1_346' title='bbox 1535 3987 1746 4051; x_wconf 90' lang='lat' dir='ltr'><strong>diebus</strong></span> <span class='ocrx_word' id='word_1_347' title='bbox 1793 3988 1854 4049; x_wconf 89' lang='lat' dir='ltr'><strong>iu</strong></span> <span class='ocrx_word' id='word_1_348' title='bbox 1902 3988 2248 4051; x_wconf 88' lang='lat' dir='ltr'><strong>calendario</strong></span> <span class='ocrx_word' id='word_1_349' title='bbox 2296 3986 2661 4049; x_wconf 84' lang='lat' dir='ltr'><strong>novilunium</strong></span> <span class='ocrx_word' id='word_1_350' title='bbox 2706 3987 3037 4064; x_wconf 86' lang='lat' dir='ltr'><strong>invenitur,</strong></span> <span class='ocrx_word' id='word_1_351' title='bbox 3086 3989 3303 4052; x_wconf 89' lang='lat' dir='ltr'><strong>humo-</strong></span> 
     </span>
     <span class='ocr_line' id='line_1_42' title="bbox 591 4074 3302 4157; baseline 0.001 -20"><span class='ocrx_word' id='word_1_352' title='bbox 591 4094 692 4139; x_wconf 84' lang='lat' dir='ltr'><strong>res</strong></span> <span class='ocrx_word' id='word_1_353' title='bbox 748 4082 1034 4156; x_wconf 91' lang='lat' dir='ltr'><strong>quantum</strong></span> <span class='ocrx_word' id='word_1_354' title='bbox 1100 4094 1140 4135; x_wconf 85' lang='lat' dir='ltr'><strong>a</strong></span> <span class='ocrx_word' id='word_1_355' title='bbox 1191 4074 1367 4137; x_wconf 91' lang='lat' dir='ltr'><strong>Luna</strong></span> <span class='ocrx_word' id='word_1_356' title='bbox 1423 4079 1690 4157; x_wconf 90' lang='lat' dir='ltr'><strong>pendent</strong></span> <span class='ocrx_word' id='word_1_357' title='bbox 1765 4084 1941 4139; x_wconf 86' lang='lat' dir='ltr'><strong>erunt</strong></span> <span class='ocrx_word' id='word_1_358' title='bbox 2000 4077 2327 4151; x_wconf 89' lang='lat' dir='ltr'><strong>imminuti,</strong></span> <span class='ocrx_word' id='word_1_359' title='bbox 2416 4076 2629 4156; x_wconf 83' lang='lat' dir='ltr'><strong>quibus</strong></span> <span class='ocrx_word' id='word_1_360' title='bbox 2686 4096 2829 4139; x_wconf 84' lang='lat' dir='ltr'><strong>vero</strong></span> <span class='ocrx_word' id='word_1_361' title='bbox 2890 4077 3302 4157; x_wconf 87' lang='lat' dir='ltr'><strong>plenilunium,</strong></span> 
     </span>
     <span class='ocr_line' id='line_1_43' title="bbox 569 4160 3303 4247; baseline 0.001 -21"><span class='ocrx_word' id='word_1_362' title='bbox 569 4160 776 4227; x_wconf 63' lang='lat' dir='ltr'><strong>aucti.</strong></span> <span class='ocrx_word' id='word_1_363' title='bbox 870 4163 962 4226; x_wconf 87' lang='lat' dir='ltr'><strong>At</strong></span> <span class='ocrx_word' id='word_1_364' title='bbox 1007 4182 1138 4224; x_wconf 89' lang='lat' dir='ltr'><strong>cum</strong></span> <span class='ocrx_word' id='word_1_365' title='bbox 1187 4163 1244 4225; x_wconf 90' lang='lat' dir='ltr'><strong>iu</strong></span> <span class='ocrx_word' id='word_1_366' title='bbox 1293 4165 1385 4227; x_wconf 90' lang='lat' dir='ltr'><strong>his</strong></span> <span class='ocrx_word' id='word_1_367' title='bbox 1424 4166 1556 4247; x_wconf 84' lang='lat' dir='ltr'><strong>jam</strong></span> <span class='ocrx_word' id='word_1_368' title='bbox 1594 4166 1804 4239; x_wconf 90' lang='lat' dir='ltr'><strong>dictis,</strong></span> <span class='ocrx_word' id='word_1_369' title='bbox 1874 4174 2001 4229; x_wconf 89' lang='lat' dir='ltr'><strong>tum</strong></span> <span class='ocrx_word' id='word_1_370' title='bbox 2050 4166 2235 4228; x_wconf 83' lang='lat' dir='ltr'><strong>etiam</strong></span> <span class='ocrx_word' id='word_1_371' title='bbox 2281 4166 2341 4227; x_wconf 90' lang='lat' dir='ltr'><strong>in</strong></span> <span class='ocrx_word' id='word_1_372' title='bbox 2390 4166 2775 4245; x_wconf 88' lang='lat' dir='ltr'><strong>quadraturis</strong></span> <span class='ocrx_word' id='word_1_373' title='bbox 2834 4167 3115 4231; x_wconf 89' lang='lat' dir='ltr'><strong>humores</strong></span> <span class='ocrx_word' id='word_1_374' title='bbox 3169 4186 3303 4229; x_wconf 86' lang='lat' dir='ltr'><strong>mo-</strong></span> 
     </span>
     <span class='ocr_line' id='line_1_44' title="bbox 593 4252 3305 4336; baseline 0.003 -25"><span class='ocrx_word' id='word_1_375' title='bbox 593 4254 888 4315; x_wconf 80' lang='lat' dir='ltr'><strong>vebuntur</strong></span> <span class='ocrx_word' id='word_1_376' title='bbox 938 4252 1157 4314; x_wconf 89' lang='lat' dir='ltr'><strong>valide.</strong></span> <span class='ocrx_word' id='word_1_377' title='bbox 1252 4253 1424 4317; x_wconf 86' lang='lat' dir='ltr'><strong>Haec</strong></span> <span class='ocrx_word' id='word_1_378' title='bbox 1471 4264 1567 4317; x_wconf 91' lang='lat' dir='ltr'><strong>est</strong></span> <span class='ocrx_word' id='word_1_379' title='bbox 1597 4256 1856 4335; x_wconf 83' lang='lat' dir='ltr'><strong>simplex</strong></span> <span class='ocrx_word' id='word_1_380' title='bbox 1906 4262 1968 4315; x_wconf 91' lang='lat' dir='ltr'><strong>et</strong></span> <span class='ocrx_word' id='word_1_381' title='bbox 2014 4274 2177 4316; x_wconf 85' lang='lat' dir='ltr'><strong>mere</strong></span> <span class='ocrx_word' id='word_1_382' title='bbox 2226 4254 3001 4335; x_wconf 72' lang='lat' dir='ltr'><strong>astrologica-praedictio,</strong></span> <span class='ocrx_word' id='word_1_383' title='bbox 3051 4273 3205 4336; x_wconf 87' lang='lat' dir='ltr'><strong>quae</strong></span> <span class='ocrx_word' id='word_1_384' title='bbox 3252 4254 3305 4319; x_wconf 86' lang='lat' dir='ltr'><strong>si</strong></span> 
     </span>
     <span class='ocr_line' id='line_1_45' title="bbox 591 4340 3303 4427; baseline 0.002 -24"><span class='ocrx_word' id='word_1_385' title='bbox 591 4360 703 4422; x_wconf 87' lang='lat' dir='ltr'><strong>per</strong></span> <span class='ocrx_word' id='word_1_386' title='bbox 749 4340 1024 4420; x_wconf 80' lang='lat' dir='ltr'><strong>singulas</strong></span> <span class='ocrx_word' id='word_1_387' title='bbox 1073 4348 1240 4403; x_wconf 88' lang='lat' dir='ltr'><strong>artes</strong></span> <span class='ocrx_word' id='word_1_388' title='bbox 1287 4343 1685 4418; x_wconf 89' lang='lat' dir='ltr'><strong>diduceretur,</strong></span> <span class='ocrx_word' id='word_1_389' title='bbox 1739 4344 2087 4422; x_wconf 84' lang='lat' dir='ltr'><strong>astrologus</strong></span> <span class='ocrx_word' id='word_1_390' title='bbox 2133 4344 2358 4407; x_wconf 89' lang='lat' dir='ltr'><strong>limites</strong></span> <span class='ocrx_word' id='word_1_391' title='bbox 2408 4362 2553 4407; x_wconf 88' lang='lat' dir='ltr'><strong>suae</strong></span> <span class='ocrx_word' id='word_1_392' title='bbox 2598 4344 2995 4427; x_wconf 88' lang='lat' dir='ltr'><strong>professionis</strong></span> <span class='ocrx_word' id='word_1_393' title='bbox 3042 4345 3303 4409; x_wconf 83' lang='lat' dir='ltr'><strong>excede·-</strong></span> 
     </span>
     <span class='ocr_line' id='line_1_46' title="bbox 593 4430 2225 4515; baseline 0.002 -23"><span class='ocrx_word' id='word_1_394' title='bbox 593 4438 708 4507; x_wconf 87' lang='lat' dir='ltr'><strong>ret‚</strong></span> <span class='ocrx_word' id='word_1_395' title='bbox 757 4432 1044 4511; x_wconf 84' lang='lat' dir='ltr'><strong>fieretque</strong></span> <span class='ocrx_word' id='word_1_396' title='bbox 1093 4430 1380 4511; x_wconf 85' lang='lat' dir='ltr'><strong>agricola,</strong></span> <span class='ocrx_word' id='word_1_397' title='bbox 1429 4434 1716 4506; x_wconf 80' lang='lat' dir='ltr'><strong>medicuS‚</strong></span> <span class='ocrx_word' id='word_1_398' title='bbox 1765 4433 2073 4515; x_wconf 86' lang='lat' dir='ltr'><strong>chym&#39;icus</strong></span> <span class='ocrx_word' id='word_1_399' title='bbox 2120 4434 2225 4496; x_wconf 73' lang='grc' dir='ltr'><strong><em>διο.</em></strong></span> 
     </span>
    </p>

    <p class='ocr_par' dir='ltr' id='par_1_18' title="bbox 1672 4521 2225 4585">
     <span class='ocr_line' id='line_1_47' title="bbox 1672 4521 2225 4585; baseline 0.004 -3"><span class='ocrx_word' id='word_1_400' title='bbox 1672 4522 1818 4583; x_wconf 88' lang='lat' dir='ltr'><strong>The</strong></span> <span class='ocrx_word' id='word_1_401' title='bbox 1834 4522 1943 4584; x_wconf 87' lang='lat' dir='ltr'><strong>sis</strong></span> <span class='ocrx_word' id='word_1_402' title='bbox 1986 4521 2225 4585; x_wconf 89' lang='lat' dir='ltr'>XVIII.</span> 
     </span>
    </p>

    <p class='ocr_par' dir='ltr' id='par_1_19' title="bbox 772 4608 3301 4693">
     <span class='ocr_line' id='line_1_48' title="bbox 772 4608 3301 4693; baseline 0.002 -23"><span class='ocrx_word' id='word_1_403' title='bbox 772 4608 1078 4671; x_wconf 89' lang='lat' dir='ltr'><strong>Interdum</strong></span> <span class='ocrx_word' id='word_1_404' title='bbox 1143 4614 1347 4671; x_wconf 88' lang='lat' dir='ltr'><strong>tamen</strong></span> <span class='ocrx_word' id='word_1_405' title='bbox 1403 4610 1570 4690; x_wconf 89' lang='lat' dir='ltr'><strong>ipsos</strong></span> <span class='ocrx_word' id='word_1_406' title='bbox 1625 4610 1853 4673; x_wconf 86' lang='lat' dir='ltr'><strong>moneri</strong></span> <span class='ocrx_word' id='word_1_407' title='bbox 1914 4610 2179 4691; x_wconf 88' lang='lat' dir='ltr'><strong>expedit.</strong></span> <span class='ocrx_word' id='word_1_408' title='bbox 2270 4608 2379 4674; x_wconf 86' lang='lat' dir='ltr'><strong>Uti</strong></span> <span class='ocrx_word' id='word_1_409' title='bbox 2424 4608 2715 4691; x_wconf 87' lang='lat' dir='ltr'><strong>chymicis</strong></span> <span class='ocrx_word' id='word_1_410' title='bbox 2774 4611 2927 4673; x_wconf 85' lang='lat' dir='ltr'><strong>baec</strong></span> <span class='ocrx_word' id='word_1_411' title='bbox 2982 4624 3095 4693; x_wconf 79' lang='lat' dir='ltr'><strong>ego</strong></span> <span class='ocrx_word' id='word_1_412' title='bbox 3154 4630 3301 4693; x_wconf 87' lang='lat' dir='ltr'><strong>pro-</strong></span> 
     </span>
    </p>

    <p class='ocr_par' dir='ltr' id='par_1_20' title="bbox 591 4696 3301 4781">
     <span class='ocr_line' id='line_1_49' title="bbox 591 4696 3301 4781; baseline 0.001 -22"><span class='ocrx_word' id='word_1_413' title='bbox 591 4712 781 4776; x_wconf 87' lang='lat' dir='ltr'><strong>pono,</strong></span> <span class='ocrx_word' id='word_1_414' title='bbox 845 4696 1037 4759; x_wconf 86' lang='lat' dir='ltr'><strong>videri</strong></span> <span class='ocrx_word' id='word_1_415' title='bbox 1097 4698 1488 4779; x_wconf 87' lang='lat' dir='ltr'><strong>plenilunium</strong></span> <span class='ocrx_word' id='word_1_416' title='bbox 1547 4700 1765 4762; x_wconf 68' lang='lat' dir='ltr'><strong>fusioni</strong></span> <span class='ocrx_word' id='word_1_417' title='bbox 1833 4699 2213 4763; x_wconf 89' lang='lat' dir='ltr'><strong>metallorum</strong></span> <span class='ocrx_word' id='word_1_418' title='bbox 2272 4699 2623 4774; x_wconf 84' lang='lat' dir='ltr'><strong>adversum,</strong></span> <span class='ocrx_word' id='word_1_419' title='bbox 2686 4708 2935 4781; x_wconf 88' lang='lat' dir='ltr'><strong>propter</strong></span> <span class='ocrx_word' id='word_1_420' title='bbox 2998 4701 3301 4763; x_wconf 84' lang='lat' dir='ltr'><strong>humidum</strong></span> 
     </span>
    </p>
   </div>
   <div class='ocr_carea' id='block_1_6' title="bbox 591 4784 3301 4954">
    <p class='ocr_par' dir='ltr' id='par_1_21' title="bbox 591 4784 3301 4954">
     <span class='ocr_line' id='line_1_50' title="bbox 591 4784 3301 4871; baseline 0.002 -24"><span class='ocrx_word' id='word_1_421' title='bbox 591 4784 796 4847; x_wconf 86' lang='lat' dir='ltr'><strong>nimis.</strong></span> <span class='ocrx_word' id='word_1_422' title='bbox 819 4792 1037 4849; x_wconf 71' lang='lat' dir='ltr'><strong>aerem.</strong></span> <span class='ocrx_word' id='word_1_423' title='bbox 1132 4788 1201 4848; x_wconf 90' lang='lat' dir='ltr'><strong>Id</strong></span> <span class='ocrx_word' id='word_1_424' title='bbox 1261 4788 1311 4850; x_wconf 89' lang='lat' dir='ltr'><strong>si</strong></span> <span class='ocrx_word' id='word_1_425' title='bbox 1371 4794 1495 4863; x_wconf 84' lang='lat' dir='ltr'><strong>est,</strong></span> <span class='ocrx_word' id='word_1_426' title='bbox 1563 4806 1821 4871; x_wconf 83' lang='lat' dir='ltr'><strong>maguus</strong></span> <span class='ocrx_word' id='word_1_427' title='bbox 1879 4787 2107 4853; x_wconf 86' lang='lat' dir='ltr'><strong>orietur</strong></span> <span class='ocrx_word' id='word_1_428' title='bbox 2169 4796 2523 4870; x_wconf 85' lang='lat' dir='ltr'><strong>aspectuum</strong></span> <span class='ocrx_word' id='word_1_429' title='bbox 2580 4788 2853 4854; x_wconf 85' lang='lat' dir='ltr'><strong>delectus</strong></span> <span class='ocrx_word' id='word_1_430' title='bbox 2908 4790 2989 4853; x_wconf 89' lang='lat' dir='ltr'><strong>ad</strong></span> <span class='ocrx_word' id='word_1_431' title='bbox 3034 4790 3301 4870; x_wconf 85' lang='lat' dir='ltr'><strong>ipsorum</strong></span> 
     </span>
     <span class='ocr_line' id='line_1_51' title="bbox 591 4890 764 4954; baseline 0.012 -19"><span class='ocrx_word' id='word_1_432' title='bbox 591 4890 764 4954; x_wconf 75' lang='lat' dir='ltr'><strong>opus.</strong></span> 
     </span>
    </p>
   </div>
  </div>
 </body>
</html>
