3634 5575
1488 401 1655 456 Notae
1690 405 1927 465 auctori&
2949 411 3068 479 101

350 567 445 624 ille
480 581 629 622 anno
678 565 855 636 159ss
870 563 1276 636 witebergam,
1308 563 1485 618 iturus
1527 566 1599 620 ad
1639 564 2072 636 Imperatorum,
2111 567 2214 636 ubi
2235 583 2370 628 ,eum
2411 569 3072 641 ummffl.a1m,ifi‚‚

350 653 454 712 set,
504 663 649 700 anno
694 645 947 717 sequenti
982 643 1133 699 1599
1174 643 1231 698 in
1256 643 1577 700 Bohemiam
1621 662 1681 700 se
1726 646 1992 717 con-tulit3
2037 648 2124 704 oui
2149 648 2426 712 Bonatica
2452 665 2558 704 arx
2583 651 2785 722 Regia,
2833 629 3090 726 quisve·

346 726 673 783 milliaribus
700 727 895 796 Praga
934 724 1163 786 distans,
1204 722 1517 796 habitanda
1543 742 1806 783 concessa
1834 725 1964 790 ruia
2012 744 2134 782 oum
2160 728 2484 798 Rudolphus
2510 731 2647 800 Imp.
2674 711 3070 800 Pilsnae‘com..

346 809 673 869 moraretur,
719 807 789 860 ob
834 811 1052 875 pestem
1077 803 1301 874 Pragae
1346 811 1717 874 grassantem.
1800 807 1960 870 Haec
2005 806 2190 867 omnia
2233 806 2364 865 mihi
2391 808 2698 874 Friderious
2721 793 3069 877 Burmannus

346 888 413 942 L.
440 889 506 942 B.
534 887 751 958 Styrus.
792 887 935 956 ,Imp.
964 883 1244 953 Budolphi
1274 882 1631 940 Cuminarius
1658 885 1903 956 aulicus,
1941 886 2032 958 qui
2059 894 2192 942 tuuc
2215 888 2410 959 Praga
2433 875 2684 955 venerat,
2709 892 2952 951 retulitet
2983 871 3072 950 me

348 969 421 1022 ad
448 967 847 1036 capessendum
874 965 985 1020 iter
1010 964 1343 1022 adhortatus
1370 969 1474 1028 est.
1518 965 1639 1020 loco
1680 966 1813 1020 mihi
1841 967 2036 1021 oblato
2063 967 2119 1021 in
2147 966 2416 1022 comitatu
2439 985 2558 1022 suo.
2641 971 2732 1026 Ita
2757 969 2968 1030 foetum
3003 980 3070 1030 ut

346 1049 417 1102 ad
444 1047 721 1102 Braheum
749 1045 992 1100 venirem
1032 1043 1189 1098 initio
1236 1042 1367 1098 anni
1411 1045 1581 1108 1600,
1622 1047 1840 1116 quando
1869 1046 2244 1102 Perdinaudus
2270 1046 2558 1102 Archidux
2597 1049 2824 1119 nuptios
2853 1051 3072 1108 Gratti

342 1126 651 1184 celebravit
696 1142 818 1180 cum
844 1123 1175 1181 consobrina
1201 1140 1307 1181 sua
1333 1123 1639 1187 Raurica:
1686 1125 1949 1197 brevique
1995 1127 2176 1197 captis
2217 1122 2635 1184 Braheanorum
2671 1125 2956 1195 laborum,'
2985 1131 3070 1188 vi·

346 1207 639 1277 eissimque
686 1204 953 1274 exhibitis
998 1203 1211 1275 ingenii
1244 1202 1355 1258 mei
1402 1204 1828 1274 experimentis.
1871 1214 2070 1276 paetus
2111 1205 2451 1270 conditiones
2497 1224 2618 1264 cum
2659 1209 2811 1278 ipso,-
2831 1225 3066 1268 comm·

344 1287 523 1350 randi,
566 1302 706 1357 quas
750 1285 977 1356 styriae
1018 1301 1275 1354 proceres
1316 1291 1471 1339 ratas
1513 1285 1804 1350 haherent,
1853 1293 1986 1356 post
2028 1287 2245 1358 aliquot
2279 1286 3068 1352 mensiumfconver-tionem

343 1383 601 1427 reversus
650 1383 771 1422 sum
798 1363 1101 1428 Graetium.
1178 1362 1449 1434 Receptis
1490 1371 1680 1428 autem
1723 1364 2376 1437 brevi,.aliquot.13,rahei
2417 1366 2686 1436 epistolis.
2709 1365 2942 1440 (quihus
2969 1371 3068 1426 illo

342 1465 431 1504 me
470 1447 827 1512 vacillantem
870 1445 927 1498 in
968 1443 1255 1514 proposito
1294 1449 1525 1514 propter
1544 1445 1924 1512 :difficultates
1967 1453 2126 1506 ortas
2161 1446 2534 1510 confirmavit,
2562 1448 2784 1514 ‚addita
2833 1431 3066 1510 comme-

342 1527 667 1590 moratione,
712 1525 837 1596 quid
880 1524 1001 1594 ipse
1043 1540 1163 1580 oum
1204 1525 1549 1594 Imperatore
1588 1527 1655 1580 de
1696 1542 1789 1592 me,
1825 1527 2158 1589 advocando.
2179 1525 2304 1595 jam
2327 1521 2571 1597 egisset)
2611 1528 3064 1599 deniquemem

342 1607 571 1664 Octobri
602 1605 864 1670 familiam
890 1606 1140 1675 Pragam
1168 1604 1449 1668 transtuli.
1507 1605 1625 1660 Nec
1650 1605 1856 1660 diutius
1885 1621 2030 1664 anno
2057 1623 2168 1662 uno
2195 1606 2410 1676 potitus
2429 1607 2708 1677 magistro
2738 1597 3062 1679 super-siin,

339 1696 475 1758 post
513 1688 635 1756 ejus
678 1687 889 1742 obitum
930 1685 1003 1738 ab
1046 1685 1307 1754 Imperat.
1350 1685 1645 1754 Rudolpho
1686 1689 1914 1740 curator
1953 1686 2138 1755 operis
2179 1685 2534 1750 Tabularum.
2577 1687 2778 1757 quibus
2807 1689 3066 1770 Braheun

341 1785 380 1825 a
418 1769 714 1838 Rudolpho
774 1783 977 1824 nomeu
1010 1779 1135 1818 esse
1176 1763 1381 1828 voluit,
1442 1773 1772 1836 surrogatus
1814 1781 1968 1820 sum:
2029 1765 2086 1820 in
2131 1782 2238 1836 quo
2293 1765 2627 1834 perficiendo
2681 1784 2783 1836 per
2841 1769 2944 1824 hos
2987 1756 3064 1824 211

338 1865 517 1904 annos
558 1846 839 1902 desudavi.
924 1847 1015 1898 lta
1055 1843 1226 1898 omnis
1268 1844 1399 1898 mihi
1440 1844 1611 1910 vitae,
1654 1845 1958 1900 studiorum
1996 1862 2332 1916 operumque
2373 1860 2616 1899 meorum
2654 1847 2800 1905 ratio
2842 1847 2918 1908 ab
2954 1849 3066 1910 ,heo

338 1947 451 1986 uno
492 1928 685 1982 libello
726 1925 1091 1980 consurrexit.
1172 1925 1253 1978 Et
1290 1941 1391 1980 cur
1428 1941 1537 1978 non
1592 1925 1884 1996 magnifice
1942 1942 2028 1980 me
2059 1926 2276 1995 jactem
2291 1965 2306 1988 ,
2370 1927 2498 1978 dum
2535 1927 2721 1980 recolo
2779 1928 3060 1992 memoria,

338 2012 485 2082 quod
526 2005 915 2062 demonstratis
949 2004 1065 2074 ‚jam
1107 2006 1461 2074 planetarum
1502 2005 1739 2059 omnium
1781 2004 2036 2068 motibus,
2085 2007 2308 2060 tandem
2349 2007 2419 2058 ad
2461 2005 2858 2061 absolvendam
2885 2008 3062 2063 telam

336 2092 447 2146 hoc
486 2088 678 2143 libello
720 2093 1001 2156 coeptam,
1064 2087 1134 2138 ad
1189 2101 1329 2154 opus
1369 2101 1445 2138 sc.
1488 2084 1906 2147 Harmonicnm,
1966 2084 2066 2138 illo
2123 2083 2247 2154 ipso
2299 2101 2473 2146 anuo,
2536 2101 2644 2154 quo
2685 2085 3062 2142 Fer-dinamius

334 2169 627 2226 Archidux
668 2168 724 2222 in
764 2183 955 2238 reg-em
998 2166 1297 2220 Bohemiae
1338 2172 1630 2234 susceptus
1672 2171 1777 2228 est,
1822 2165 2060 2219 animum
2087 2163 2402 2234 adjecerim,
2445 2166 2590 2234 quod
2617 2181 2766 2220 anno
2805 2167 3060 2237 sequenti

342 2249 523 2313 1618,
569 2266 677 2319 quo
717 2264 861 2301 anuo
882 2245 1260 2300 Ferdinaudus
1301 2245 1557 2300 diadema
1594 2245 1757 2316 reg-ni
1798 2245 2082 2316 Ungariae
2125 2243 2385 2314 suscepit,
2429 2261 2538 2314 ego
2587 2245 2786 2299 librum
2814 2246 2882 2300 V.
2911 2245 3058 2302 Har-

333 2331 669 2386 monicorum
709 2325 1073 2381 absolverim:
1136 2327 1277 2395 quod
1320 2325 1553 2396 denique
1596 2341 1741 2378 anno
1790 2325 1970 2387 1619,
2017 2341 2146 2394 quo,
2165 2322 2509 2378 Ferdiuando
2552 2315 2768 2379 summa
2805 2323 3052 2396 dignitas

332 2409 639 2481 imperialis
680 2406 941 2466 accessit,
990 2405 1371 2460 Harmonicen
1424 2405 1543 2474 ipse
1600 2404 2012 2458 meam.eodem
2068 2411 2128 2458 et
2173 2404 2294 2457 loco
2343 2405 2416 2460 ,οι
2456 2420 2646 2457 mense
2687 2404 3058 2460 coronationis

331 2490 461 2560 ejus
518 2485 930 2558 publicaverim.
1016 2486 1183 2538 Faxit
1223 2487 1375 2539 Deus
1392 2526 1406 2548 ,
1470 2491 1534 2538 ut
1574 2483 1842 2538 extinctis
1903 2483 2250 2537 dissidiorum
2305 2482 2544 2536 civilium
2585 2482 2939 2538 dissonantiis
3003 2483 3062 2539 in

274 2628 283 2640 ,
330 2577 455 2626 toto
494 2567 827 2623 monarchae
890 2565 1052 2635 hujus
1097 2565 1339 2635 imperio,
1403 2563 1567 2635 inque
1608 2563 1842 2617 Austria
1901 2563 2210 2632 superiore,
2271 2563 2530 2616 moderno
2591 2579 2711 2617 meo
2767 2563 3058 2628 domicilio,

332 2649 667 2706 suavissima
703 2647 857 2718 pacis
902 2645 1213 2707 harmonia,
1276 2660 1418 2716 quae
1472 2644 1527 2697 in
1587 2643 1876 2714 aequitate
1936 2642 2284 2713 imperiorum
2319 2649 2394 2704 ,et
2449 2642 2842 2714 promtitudine
2897 2644 3058 2698 obse-

332 2731 585 2803 quiorum
626 2727 901 2789 consistit,
964 2727 1037 2778 ab
1078 2726 1183 2778 hoc
1223 2725 1343 2797 ipso
1388 2731 1639 2794 tempore
1676 2727 2056 2786 restauretur,
2119 2711 2376 2793 quo'ego
2419 2721 2652 2793 primum
2693 2724 2840 2777 hunc
2877 2739 3060 2778 meum

330 2811 587 2866 libellum
626 2808 771 2863 notis
832 2810 1183 2860 emendatum
1240 2806 1686 2879 integratumque
1738 2806 1918 2857 denuo
1962 2804 2016 2856 in
2080 2802 2360 2871 publicum
2400 2805 2524 2857 edo.
2609 2803 2700 2858 Sic
2739 2803 2884 2859 enim
2939 2804 3060 2859 fieri

331 2890 567 2962 poterit,
630 2895 693 2942 ut
731 2885 983 2941 vastitati
1028 2886 1431 2955 provinciarum
1474 2882 1824 2938 cicatricibus
1867 2880 2144 2945 obductis,
2205 2888 2269 2937 ut
2313 2881 2534 2937 siccatis
2577 2882 2737 2954 aquis
2795 2884 3056 2938 horrendi

330 2971 554 3032 diluvii,
598 2968 915 3037 solibusque
954 2966 1191 3021 reversis
1230 2968 1585 3020 reflorescens
1642 2965 1836 3033 copiae
1879 2980 2078 3027 cornu,
2135 2962 2304 3016 etiam
2345 2962 2474 3016 mihi
2516 2962 2824 3017 destinatos
2868 2980 2905 3017 a
2943 2964 3058 3017 Ru·-

331 3052 541 3121 dolpho
584 3050 717 3119 Imp.
762 3053 971 3106 sumtus
1014 3042 1328 3115 (impeditos
1370 3061 1476 3114 per
1512 3044 1854 3113 superiorum
1893 3048 2202 3113 temporum
2243 3038 2668 3111 turbulentiam)
2711 3043 2954 3113 denique’
2983 3044 3060 3099 ad

332 3132 653 3187 tabularum
695 3126 1183 3183 astronomicarum
1225 3142 1363 3196 opus
1407 3126 1673 3183 edendum
1718 3125 1988 3191 affundat,
2592 3170 2603 3175 -

496 3206 563 3278 b)
607 3207 756 3271 Quia
789 3208 993 3277 dogma
1030 3208 1097 3260 de
1139 3206 1377 3277 quinque
1434 3204 1628 3276 figuris
1669 3203 2022 3275 geometricis
2075 3200 2234 3256 inter.
2277 3202 2554 3257 mundana
2590 3218 2830 3272 corpora
2867 3200 3051 3256 distri-

333 3291 486 3355 butis
528 3289 770 3344 refertur
790 3289 879 3343 ad
909 3287 1309 3365 Pythagoram,
1354 3301 1391 3338 a
1432 3302 1536 3355 quo
1572 3284 1737 3343 Plato
1776 3285 1922 3337 hanc
1961 3282 2370 3352 philosophiam
2411 3288 2500 3335 est
2539 3287 2844 3367 mutuatim.
2915 3282 3056 3365 vide

332 3368 697 3427 Harmonices
740 3366 837 3421 lib.
871 3368 911 3421 1.
956 3372 1016 3420 et
1058 3367 1151 3419 lib.
1184 3366 1250 3419 Π.
1334 3364 1477 3419 Nam
1517 3365 1745 3417 eaedem
1787 3357 2002 3433 q'uid‘em
2045 3369 2105 3416 et
2140 3358 2250 3415 illis
2293 3369 2353 3415 et
2389 3361 2518 3415 mihi
2559 3360 2776 3433 figurae
2815 3354 3056 3433 quinque

268 3464 273 3475 ⁴
330 3458 499 3506 erant
536 3448 877 3520 propositae,
920 3447 1063 3501 idem
1103 3452 1164 3499 et
1204 3444 1315 3499 illis
1356 3451 1417 3498 et
1456 3443 1589 3497 mihi
1628 3443 1880 3505 mundus,
1923 3448 1988 3497 at
2023 3459 2131 3495 non
2173 3442 2403 3495 eaedem
2426 3440 2685 3511 utrinque
2711 3442 2896 3497 mundi
2923 3457 3052 3512 par-

330 3538 440 3596 tes,
482 3530 527 3585 si
570 3528 791 3584 literam
833 3528 1008 3581 solam
1052 3532 1299 3595 spectes:
1344 3541 1447 3578 neo
1486 3524 1679 3577 eadem
1722 3521 2043 3591 applicandi
2084 3520 2250 3574 ratio.
2395 3530 2401 3537 ·

494 3605 552 3679 e)
594 3610 859 3663 Condona
898 3608 1077 3660 lector
1115 3602 1299 3676 'tyroni
1340 3598 1671 3658 locutionem
1698 3602 1879 3655 minus
1907 3602 2272 3654 emendatam:
2357 3600 2568 3669 Corpus
2597 3600 2846 3671 equidem
2876 3594 3052 3671 ag'no-

331 3691 438 3747 soit
480 3688 853 3761 philosophia,
872 3688 1264 3757 quodammodo
1315 3685 1591 3739 diversum
1628 3682 1888 3753 quiddam
1946 3680 2022 3736 ab
2080 3679 2298 3735 homine
2309 3690 2330 3743 ·,
2389 3679 2522 3749 quia
2577 3679 2714 3733 illud
2757 3680 3052 3735 continuae

332 3769 627 3827 mutationi
666 3776 757 3822 est
796 3766 1123 3829 obnoxium,
1180 3782 1303 3820 cum
1342 3766 1505 3819 homo
1565 3779 1783 3832 semper
1836 3762 1978 3815 idem
2019 3760 2110 3814 sit.
2191 3758 2446 3813 Animum
2490 3775 2620 3813 vero
2679 3758 2938 3829 perhibet
2977 3758 3050 3823 id,

331 3868 441 3923 quo
482 3851 643 3906 homo
686 3847 761 3903 sit
798 3848 991 3909 homo;
1034 3848 1172 3901 adeo
1214 3863 1323 3900 non
1364 3851 1454 3899 est
1492 3842 1703 3899 animus
1744 3842 2018 3899 diversum
2046 3839 2174 3910 quid
2197 3840 2276 3893 ab
2305 3838 2542 3896 homine.
2579 3864 2586 3874 ·
2625 3840 2832 3895 Verum
2870 3837 3052 3893 illatio

330 3938 521 3987 manet
558 3932 783 3992 eadem,
828 3945 951 3985 esse
994 3944 1149 3982 suum
1190 3926 1360 3983 etiam
1403 3924 1582 3979 animo
1626 3923 1920 3992 pabulum,
1987 3920 2216 3975 seorsim
2257 3936 2294 3973 a
2333 3920 2542 3989 pabulo
2583 3917 2857 3991 corporis..
2919 3934 3052 3978 suas

331 4012 501 4067 etiam
543 4009 770 4065 seorsim
813 4006 1057 4061 delicias.
1760 4018 1771 4035 ⁹
2619 4060 2626 4069 ¹

492 4088 549 4155 d)
590 4092 715 4145 Non
758 4090 1007 4159 legeram
1048 4086 1343 4147 Senecam,
1406 4082 1498 4153 qui
1541 4098 1683 4152 pene
1724 4082 1955 4135 eandem
1997 4078 2331 4137 sententiam
2372 4074 2726 4149 eloquentiae
2767 4076 3052 4133 Romanae

332 4170 573 4226 flosculis
616 4170 695 4224 sic
735 4166 1057 4222 exornavit:
1115 4164 1325 4235 pusilla
1374 4180 1464 4217 res
1506 4164 1735 4216 mundus
1788 4166 1903 4225 est,
1967 4160 2073 4215 nisi
2126 4160 2182 4214 in
2243 4176 2310 4214 eo
2377 4159 2520 4229 quod
2581 4164 2820 4227 quaerat
2877 4152 3052 4213 omnis

333 4254 565 4306 mundus
608 4248 857 4304 iuveniat
898 4242 1054 4316 (Nat.
1088 4246 1321 4307 Quaest.
1351 4243 1474 4297 vn.
1509 4238 1629 4307 31).

372 4338 382 4343 ’
492 4328 551 4395 e)
591 4331 716 4386 Non
756 4328 1006 4399 equidem
1044 4325 1423 4397 cogitaveram
1464 4329 1598 4377 tuno
1616 4362 1631 4385 ,
1686 4320 1807 4376 fore
1848 4325 1912 4373 ut
1955 4318 2014 4373 in
2051 4320 2189 4389 Imp.
2231 4317 2514 4389 Rudolphi
2575 4318 2761 4373 aulam
2799 4330 3050 4372 vocarer.

331 4413 583 4482 Namque
638 4412 797 4465 hunc·
832 4407 1197 4462 ‘monarcham
1237 4420 1367 4457 vere
1408 4404 1647 4457 alterum
1688 4402 1947 4455 carolum
2001 4398 2092 4454 hic
2129 4398 2494 4471 deprehendi,
2551 4414 2664 4453 non
2703 4396 3052 4452 abdicatione

332 4492 579 4563 quidem:
622 4497 683 4544 at
720 4489 973 4559 protecto
1014 4484 1240 4541 fastidio
1280 4482 1555 4539 ωιὶοιιιιιιι
1597 4480 2058 4552 iniquissimarum
2073 4518 2090 4543 ‚
2140 4480 2282 4537 domi
2337 4478 2578 4548 forisque
2631 4476 3050 4542 occurrentium,

332 4570 650 4627 reductione
689 4568 889 4625 mentis
940 4569 1013 4625 ab
1056 4567 1123 4621 iis
1163 4571 1225 4619 et
1264 4565 1431 4619 beato
1476 4560 1763 4637 (quantum
1802 4562 1876 4615 ad
1929 4562 2220 4618 naturales
2259 4553 2786 4628 contemplationes)
2827 4572 3048 4613 moro&

332 4652 541 4707 tionum
580 4648 875 4710 exercitio;
931 4656 995 4703 ut
1033 4644 1267 4717 ‚aequius
1326 4642 1520 4707 fuerit,
1582 4641 1832 4697 subditos
1873 4640 1988 4695 suis
2047 4641 2236 4711 potius
2287 4636 2828 4711 importunitatibus,
2885 4652 3050 4709 quam

331 4732 483 4805 regis
526 4731 611 4787 sui
652 4728 877 4785 fastidio
920 4726 1101 4783 irasci.

490 4808 536 4877 f>
578 4812 665 4867 Ad
708 4810 1001 4879 sphaeram
1046 4801 1213 4877 allusi
1252 4800 1576 4875 systematis
1614 4798 1944 4873 planetarii,
1997 4804 2368 4856 constructam
2409 4817 2483 4853 ex
2524 4797 2748 4863 orbibus
2775 4796 3048 4869 ,planeta-

328 4890 441 4957 riis,
484 4898 545 4947 et
584 4890 904 4965 corporibus
945 4887 1183 4963 quinque
1221 4880 1576 4959 regularibus
1616 4879 2009 4961 Pythagoricis
2026 4922 2041 4947 ,
2087 4878 2199 4934 suis
2244 4895 2472 4977 quoque⁸
2502 4876 2776 4959 coloribus
2818 4894 2857 4934 a
2897 4890 3046 4933 cete.
