3634 5575
1505 341 1744 408 ⁰⁸1>=¹²1·
2727 280 2730 289 Ι
2812 389 2822 398 .
2889 347 3012 414 1⁴5

307 503 487 571 nitate
534 503 777 586 insuper
802 503 1095 580 mutabili,
1118 502 1175 578 ¹²)
1222 494 1538 583 tripliciter
1576 502 1747 570 nobis
1778 501 2244 566 considerandus
2283 513 2400 568 est.
2433 503 2478 580 ἰ)
2552 505 2734 570 Initio
2779 515 3014 570 remota

304 593 749 658 eccentricitate
770 591 858 668 ¹33
906 593 1067 658 orbis
1102 592 1290 672 igitur
1330 590 1425 654 hic
1462 599 1777 673 motusque
1816 590 2040 654 Terrae
2070 592 2180 654 has
2211 593 2666 658 commoditates
2697 604 2980 676 praestat
2995 587 3018 658 ε’

307 681 457 764 quod
505 702 621 746 non
666 681 999 763 indigemus
1046 681 1240 744 tribus
1297 680 1647 743 eccentricis
1703 680 1763 742 iu
1818 679 2063 742 usitatis
2121 680 2582 762 hypothesibuS,
2643 684 2776 748 scil.
2828 684 3008 760 Solis,

306 771 561 834 Veneris
608 778 673 834 et
715 770 1017 834 Mercurii.
1090 771 1251 834 Nam
1295 789 1403 853 pro
1452 789 1543 840 eo,
1594 770 1750 850 quod
1793 769 1980 830 Terra
2024 769 2186 831 circa
2231 771 2340 833 hos
2387 780 2516 834 tres
2561 773 2842 854 planetas
2869 759 3012 836 'cir-

305 859 707 936 cumvehitur,
774 859 1091 922 terricolae
1150 857 1502 922 existimant
1558 867 1685 920 tres
1741 857 1878 918 illos
1935 859 2094 920 circa
2140 879 2206 918 se
2254 860 2586 924 immobiles
2633 861 3010 924 circumvehi.

309 947 409 1012 Sic
457 968 533 1010 ex
578 966 693 1010 uuo
740 956 905 1010 motu
952 955 1077 1011 tres
1129 947 1375 1010 faciunt.
1471 944 1648 1019 Quod
1705 946 1756 1010 si
1811 947 2016 1026 plures
2073 957 2280 1010 essent
2337 951 2552 1013 stellae
2601 951 2763 1014 intra
2809 953 3014 1017 orbem

304 1037 553 1112 Terrae,
614 1035 885 1116 pluribus
941 1039 1123 1100 etiam
1170 1037 1325 1099 hunc
1368 1045 1593 1098 motum
1648 1036 2042 1098 ascriberent.
2138 1035 2381 1100 Cadunt
2447 1041 2627 1102 etiam
2691 1041 2804 1102 hoc
2869 1043 3012 1104 orbe

305 1127 503 1207 posito
549 1134 676 1188 tres
712 1126 915 1205 magni
946 1125 1214 1208 epicycli,
1266 1124 1531 1198 Saturni,
1580 1124 1775 1197 Jovis,
1825 1133 1890 1188 et
1917 1125 2155 1201 Martis,
2203 1146 2336 1189 cum
2365 1147 2566 1192 eorum
2596 1131 2873 1192 motibus.
2943 1131 3013 1192 Id

306 1214 599 1296 quomodo
630 1214 889 1291 aecidat,
936 1214 995 1276 iu
1028 1213 1325 1295 adjunctis
1354 1213 1663 1294 parallelis
1692 1212 2097 1276 schematibus
2146 1216 2332 1278 videri
2377 1226 2582 1296 potest
2629 1217 2742 1291 (10
2775 1229 2838 1280 et
2884 1217 3012 1294 11),

306 1323 537 1366 rursum
584 1303 761 1377 enim,
810 1303 950 1383 quia
995 1304 1185 1366 Terra
1230 1303 1289 1364 in
1336 1310 1663 1382 conspectu
1710 1300 1961 1364 Saturni
2009 1305 2211 1384 (quasi
2259 1305 2640 1385 quiescentis,
2695 1309 2832 1390 quia
2877 1317 3010 1370 tar-

302 1393 434 1456 dior
479 1393 603 1467 est)
650 1391 710 1454 in
758 1392 901 1454 orbe
946 1410 1056 1455 suo
1101 1392 1403 1466 circumit,
1452 1411 1489 1452 a
1537 1391 1800 1454 Saturno
1848 1393 2136 1454 recedens
2183 1401 2249 1454 et
2293 1397 2615 1473 accedens,
2665 1397 3013 1460 existimant

305 1482 556 1556 incolae,
604 1479 928 1544 Saturnum
976 1480 1035 1542 in
1082 1480 1351 1562 epicyclo
1396 1500 1504 1543 suo
1552 1480 1878 1556 circumire,
1931 1481 2259 1556 accedere‚'
2287 1485 2597 1560 recedere,
2647 1505 2714 1547 se
2762 1505 2904 1548 vero
2952 1485 3010 1547 in

299 1579 505 1634 centro
554 1569 715 1632 orbis
762 1569 854 1632 sui
900 1571 1227 1650 quiescere.
1324 1567 1625 1633 Circulum
1672 1570 1856 1649 igitur
1897 1571 2014 1632 AB
2063 1570 2192 1648 (fig.
2249 1569 2358 1645 10)
2413 1583 2630 1652 putant
2685 1593 2821 1636 esse
2877 1576 3006 1654 epi-

299 1659 501 1740 cyclos
549 1679 622 1740 g,
671 1657 727 1732 i,
776 1658 798 1720 l
843 1660 971 1737 (fig.
1026 1657 1151 1732 11).
1245 1659 1398 1721 Item
1456 1665 1702 1738 propter
1749 1657 2006 1721 Telluris
2062 1659 2216 1722 hunc
2272 1662 2524 1724 eundem
2573 1681 2882 1725 accessum
2931 1663 3011 1724 ad

308 4177 591 4261 planetas
637 4182 701 4239 et
742 4192 1045 4239 recessum
1087 4170 1153 4235 in
1198 4171 1341 4234 orbe
1386 4190 1496 4234 suo
1554 4169 1834 4234 videntur
1887 4167 2060 4231 nobis
2113 4167 2284 4249 ipsae
2331 4166 2586 4247 quinque
2631 4163 3010 4245 planetarum

312 4267 660 4332 latitudines
706 4265 969 4346 aliquam
1014 4262 1375 4325 varietatem
1419 4260 1731 4341 accipere3
1780 4278 1959 4340 quam
2004 4257 2382 4321 librationem
2429 4265 2496 4319 ut
2541 4256 2810 4317 salvaret
2853 4254 3005 4315 Pto-

312 4359 605 4431 lemaeus,
664 4373 915 4418 necesse
960 4352 1075 4433 ipsi
1121 4351 1235 4415 fuit
1280 4350 1535 4431 quinque
1582 4350 1735 4412 alios
1782 4356 1980 4410 motus
2027 4354 2324 4422 statuere,
2391 4346 2489 4427 qui
2544 4362 2750 4407 omnes
2810 4343 3007 4423 posito

312 4447 487 4510 unico
531 4444 789 4507 Telluris
832 4448 997 4506 motu
1042 4441 1285 4503 cadunt.

488 4534 573 4597 Et
614 4532 883 4615 quamvis
928 4532 993 4594 hi
1027 4548 1233 4609 omnes
1268 4536 1485 4601 motus,
1533 4526 1805 4588 undecim
1841 4543 2104 4599 numero,
2154 4544 2188 4585 e
2215 4522 2433 4585 mundo
2471 4520 2851 4584 exterminati
2889 4519 3010 4583 sint

314 4625 641 4689 substituto
695 4622 811 4685 hoc
863 4620 1039 4683 unico
1084 4619 1304 4681 Terrae
1368 4623 1529 4678 motu
1550 4658 1569 4685 ‚
1632 4613 2011 4677 nihilominus
2072 4613 2264 4675 adhuc
2319 4610 2570 4673 aliarum
2621 4610 3007 4693 plurimarum

314 4731 507 4779 rerum
564 4730 785 4818 caussa
841 4710 1195 4779 redduntur,
1260 4722 1407 4788 quas
1452 4704 1842 4768 Ptolemaeus
1896 4722 1973 4765 ex
2025 4708 2152 4765 tam
2205 4698 2409 4765 multis
2455 4698 2726 4763 motibus·
2757 4700 3008 4763 reddere

314 4822 435 4869 mm
475 4808 885 4975 &gumiae
928 4906 971 4951 a
1010 4886 1360 4951 Ptolemaeo
1407 4881 1613 4967 quaeri
1662 4881 1864 4963 potuit
1877 4928 1898 4959 ,
1953 4880 2056 4965 qui
2105 4880 2216 4943 fiat
2233 4926 2254 4955 ,
2309 4880 2469 4963 qued
2521 4878 2837 4943 eccentrici
2879 4886 3008 4965 tres

2500 4981 2536 5035 8
2552 4986 2586 5018 {-
