3634 5575
1389 381 1454 432 «ιο
1487 383 1634 432 rebus
1669 382 1995 448 astrologicis.
2916 385 3041 452 341

504 535 914 614 Keplerus:
981 535 1306 600 octiduum
1362 537 1653 600 Paschati
1713 499 2075 620 adjectum,=
2116 542 2255 620 quia
2316 541 2513 605 triduo
2562 545 2808 608 aberrat
2864 547 3047 608 index

329 634 536 688 noster
583 620 1036 688 noviluniorum.
1134 626 1355 688 Nescio
1405 628 1536 710 quis
1583 645 1695 688 nos
1745 631 1821 690 ad
1870 629 2110 710 regulas
2158 631 2419 693 rusticas
2468 633 2863 714 ablegaverit‚
2912 654 3047 697 cum

329 715 660 776 habeamus
708 715 1162 776 astronomiam.
1231 765 1242 784 ,

474 802 835 852 Fabricius:
889 801 996 868 Ego
1031 809 1180 866 puto,
1219 818 1372 854 novas
1409 803 1608 862 stellas,
1645 820 1690 853 v.
1730 819 1773 855 c.
1814 806 1936 855 anni
1968 801 2101 853 1572
2141 811 2193 856 et
2226 805 2517 858 hodiernam
2551 810 2604 859 in
2642 811 2789 876 cygni
2826 818 3045 875 pectore.

327 876 448 924 item
485 879 790 924 cometarum
828 887 1058 937 corpora.
1111 889 1210 924 non
1245 881 1366 926 tunc
1403 877 1610 940 primum
1665 875 1772 926 fieri
1809 877 2053 940 incipere,
2110 879 2274 942 quoad
2318 880 2611 936 essentiam.
2668 897 2779 932 cum
2816 897 2869 933 se
2906 885 3046 934 nobis

329 945 682 1010 conspicienda
725 945 994 1008 praebent.
1046 946 1136 995 sed
1169 947 1221 996 in
1257 947 1362 1010 ipso
1397 946 1567 996 mundi
1603 948 1865 1010 primordio
1904 948 2129 998 conditas
2167 963 2304 1006 esse,
2361 957 2414 1000 et
2464 964 2499 1000 a
2534 954 2711 1002 ceteris
2748 953 2903 1002 stellis
2940 955 3047 1004 sola

327 1017 451 1066 lucis
477 1015 708 1065 carentia
730 1029 784 1065 se
810 1016 1108 1066 distinxisse.
1181 1015 1334 1067 Ratio
1361 1023 1455 1075 est,
1495 1019 1624 1083 quod
1659 1019 1756 1068 illis
1781 1019 2176 1070 extraordinarie
2201 1019 2340 1071 Deus
2378 1022 2443 1071 ad
2464 1022 2647 1087 aliquid
2682 1024 2866 1074 mundo
2891 1026 3045 1089 signi-

329 1087 580 1138 ficandum
635 1088 782 1136 certis
812 1085 1118 1151 ‘temporibus
1155 1088 1228 1136 uti
1267 1089 1604 1148 constituerit;
1657 1089 1797 1140 Deus
1834 1105 1949 1140 vero
2006 1090 2103 1140 illis
2157 1091 2319 1142 lucem
2366 1093 2583 1158 impertit
2630 1095 2709 1145 vel
2756 1095 3045 1146 immediate

327 1159 404 1208 vel
441 1159 595 1208 etiam
629 1158 848 1208 mediate
887 1172 976 1222 per
1011 1164 1172 1208 motus
1207 1159 1550 1222 planetarum,
1607 1167 1696 1210 aut
1747 1161 1959 1211 aliarum
1994 1161 2247 1211 stellarum
2294 1163 2501 1214 fixarum
2539 1166 2914 1223 accedentium,
2966 1167 3043 1217 vel

329 1235 470 1280 certa
506 1237 694 1293 σχεσει
731 1243 818 1278 eas
856 1230 1222 1293 aspicientium.
1298 1231 1368 1280 At
1402 1233 1668 1295 quaeritur,
1708 1247 1821 1282 cum
1858 1233 2023 1282 lumen
2060 1233 2251 1282 illarum
2290 1235 2339 1282 in
2376 1237 2537 1298 prima
2561 1236 2800 1286 effusione
2837 1237 2903 1285 sit
2936 1244 3042 1287 sta·

328 1302 417 1351 tim
455 1301 740 1354 maximum,
778 1313 865 1349 cur
899 1314 998 1349 non
1036 1301 1214 1352 eadem
1249 1303 1444 1364 ratione
1481 1304 1652 1353 statim
1692 1303 2001 1367 dispareant,
2038 1303 2127 1354 sed
2163 1306 2347 1353 sensim
2381 1305 2587 1369 potius?

469 1371 616 1420 Haec
651 1377 704 1421 et
739 1371 842 1420 alia
877 1377 984 1421 tam
1021 1372 1262 1422 audacter
1295 1373 1386 1422 abs
1421 1379 1474 1422 ts
1509 1387 1722 1438 quaero,
1761 1375 1892 1438 quod
1930 1376 2083 1424 sciam
2100 1409 2114 1432 .
2152 1381 2205 1425 te
2242 1378 2292 1424 in
2330 1377 2764 1442 imaginationibus
2800 1380 3041 1428 maxima·

328 1457 434 1492 rum
471 1457 633 1492 rerum
669 1456 788 1506 prae
824 1443 992 1492 multis
1030 1443 1140 1493 aliis
1177 1444 1438 1507 plurimum
1475 1445 1732 1496 excellere.
1811 1444 2046 1509 Opticam
2084 1452 2137 1496 et
2174 1446 2291 1504 alia,
2330 1462 2459 1512 quae
2494 1448 2591 1498 hoc
2628 1463 2759 1498 anno
2796 1450 2847 1498 in
2884 1450 3045 1500 lucem

329 1514 454 1565 data
487 1519 620 1570 sunt,
656 1527 840 1578 quaeso
875 1513 999 1564 mihi
1033 1516 1224 1564 mittas.
1297 1514 1445 1566 Vale.

499 1585 920 1664 Keplerus:
988 1585 1120 1666 Ego
1167 1595 1511 1648 cometas
1571 1587 1749 1666 plane
1789 1588 2065 1648 naturale
2113 1589 2253 1667 quid
2302 1608 2439 1650 esse
2494 1589 2730 1668 judice,
2798 1597 2863 1651 et
2908 1610 3043 1654 cum

329 1673 580 1735 mundus
629 1673 820 1735 omnis
870 1674 1068 1736 anima
1115 1673 1326 1752 plenus
1372 1675 1487 1749 sit,
1537 1683 1681 1754 puto
1729 1675 1841 1736 hos
1891 1676 2063 1754 quasi
2112 1695 2390 1738 secessus
2438 1678 2729 1740 materiae
2778 1678 3035 1742 munda-

329 1783 462 1836 nae,
511 1762 612 1824 ubi
658 1762 984 1824 incrassati
1032 1762 1272 1840 fuerint,
1321 1763 1584 1826 calefieri
1631 1765 1708 1826 ab
1740 1764 1943 1826 anima
1988 1764 2233 1845 fierique
2264 1765 2461 1828 bullas
2509 1773 2579 1828 ut
2615 1767 2834 1841 omnia,
2882 1765 3035 1848 (luae

327 1852 520 1931 primo
567 1851 829 1913 animam
877 1850 1249 1931 concipiunt,
1312 1873 1468 1932 quae
1514 1874 1552 1913 a
1598 1853 1851 1915 fixarum
1898 1853 2143 1916 animali
2212 1855 2505 1916 facultate
2552 1859 2693 1928 (seu
2750 1856 2867 1917 loci
2926 1875 3035 1919 seu

335 1940 643 2008 facultatis
692 1940 776 2002 sit
803 1940 1137 2020 proprium)
1178 1941 1508 2020 quiescere,
1560 1959 1712 2021 quae
1743 1963 1780 2002 a
1809 1942 2210 2021 planetarum,
2262 1944 2504 2007 moveri.
2598 1943 2857 2006 Stellam
2900 1945 3042 2006 anni

330 2027 413 2092 72
462 2029 596 2091 dico
643 2029 868 2091 bullam
915 2029 1130 2102 fuisse,
1198 2049 1385 2092 causa
1431 2030 1567 2092 hinc
1613 2030 1855 2092 subitae
1914 2031 2065 2092 lucis
2112 2030 2423 2106 indicium,
2490 2033 2647 2112 quod
2694 2033 3039 2094 successive

323 2119 554 2180 colores
585 2117 754 2179 iridis
786 2119 1092 2180 aemulata
1121 2127 1238 2193 est,
1289 2127 1353 2180 ut
1383 2119 1548 2180 bulla
1586 2118 2000 2199 smegmatica.
2025 2113 2089 2192 ⁴)
2166 2119 2258 2180 De
2289 2121 2543 2182 cometis
2574 2127 2773 2182 tamen
2807 2121 3035 2196 dubito,

328 2227 404 2269 an
450 2207 616 2268 intus
657 2207 789 2267 cavi
805 2226 824 2282 ;
872 2205 1158 2269 refractio
1207 2209 1366 2268 enim
1413 2215 1660 2286 cogeret
1706 2209 1911 2269 radios
1960 2214 2022 2268 et
2068 2208 2337 2270 sectione
2386 2209 2553 2270 facta
2598 2210 2815 2270 iterum
2854 2208 3041 2272 dissi-

329 2303 523 2376 paret.
617 2295 782 2357 Tuae
848 2295 1188 2357 sententiae
1253 2296 1404 2358 nihil
1450 2297 1642 2358 officit
1704 2297 2013 2359 naturales
2061 2315 2235 2371 esse3
2305 2296 2715 2377 significarent
2770 2298 2929 2360 enim
2974 2304 3046 2359 ut

331 2385 610 2464 eclipses.

504 2471 808 2552 Optica,
860 2479 1157 2551 quatenus
1204 2472 1436 2552 optim,
1487 2472 1758 2546 absolvi;
1805 2481 2035 2546 restat,
2089 2480 2154 2534 ut
2201 2473 2275 2534 de
2322 2493 2434 2535 usu
2481 2475 2710 2550 dicam,
2780 2474 2821 2536 i.
2872 2493 2924 2535 e
2974 2483 3041 2536 ut

326 2559 390 2624 4.
442 2560 503 2624 5.
553 2557 614 2624 6.
707 2561 1041 2623 Ptolemaei
1101 2561 1283 2623 libros
1343 2580 1495 2641 pene
1557 2569 1724 2622 totos
1781 2563 1955 2623 novis
2015 2561 2411 2663 problematis
2461 2564 2813 2643 exprimam.
2910 2563 3036 2624 Im-

327 2669 542 2732 pressa
587 2669 702 2712 non
751 2658 926 2724 sunt;
973 2669 1214 2730 magna
1245 2650 1570 2714 difficultas
1618 2651 1995 2731 imprimendi
2043 2649 2176 2713 erit.

505 2741 664 2802 Vale
713 2740 958 2801 tandem
1005 2747 1068 2802 et
1113 2759 1206 2801 me
1255 2759 1412 2822 ama,
1459 2740 1740 2820 mihique,
1787 2740 1841 2801 si
1887 2759 1994 2820 per
2029 2738 2283 2803 dicteria
2328 2746 2393 2802 et
2438 2705 2869 2803 morsiunculas
2900 2746 3037 2803 tae-

327 2829 486 2891 dium
567 2828 840 2910 prolutae
914 2828 1257 2909 scriptionis
1331 2836 1650 2904 (paginarum
1703 2839 1758 2887 in
1809 2839 1927 2888 folio
1980 2834 2075 2899 27)
2144 2828 2362 2891 alicubi
2438 2829 2649 2904 lenivi,
2736 2830 3035 2909 ignosces

331 2920 495 2980 ldem
539 2918 650 2980 tibi
698 2917 926 2979 licitum
973 2927 1123 2980 este.

505 3008 740 3087 Pragae
788 3008 848 3069 d.
897 3003 960 3069 4.
1009 3007 1133 3069 Jul.
1191 3002 1384 3069 1603.
2270 3006 2342 3068 Τ.
2394 3004 2469 3067 Ο.
2518 3005 2859 3067 AmantiSS.

2330 3095 2397 3158 J.
2444 3093 2782 3176 Kepleme.

467 3183 605 3244 Quas
657 3184 828 3233 literas
865 3198 978 3233 cum
1019 3182 1267 3247 Keplerus
1323 3183 1550 3248 Augusto
1604 3183 1801 3232 demum
1872 3196 2044 3232 mense
2094 3182 2345 3233 Esennam
2394 3184 2737 3237 transmiserit,
2800 3184 3041 3247 epistolae

327 3256 539 3306 Fabricii
587 3256 780 3304 interim
829 3254 893 3304 ad
929 3254 1200 3317 Keplerum
1249 3254 1400 3303 datae
1439 3251 1548 3316 (28.
1588 3253 1703 3303 .Ῐιιιι.
1753 3252 1804 3303 4.
1844 3253 1941 3304 Jul.
2001 3251 2088 3301 21.
2126 3252 2310 3319 Aug),
2362 3254 2491 3303 sicut
2540 3256 2693 3303 etiam
2745 3257 3040 3318 posteriores

325 3340 494 3377 mense
530 3325 656 3376 Dec.
699 3322 836 3374 1603
872 3326 1086 3375 refertae
1121 3330 1238 3374 sunt
1272 3324 1482 3388 querelis
1519 3331 1571 3375 et
1605 3326 1804 3375 monitis
1826 3361 1840 3383 ,
1894 3326 2067 3389 quibus
2100 3324 2374 3388 Keplerum
2413 3325 2479 3375 ad
2514 3325 2911 3388 respondendum
2948 3328 3037 3376 im·

325 3397 496 3461 pellat.
573 3397 766 3455 „Licea
803 3398 975 3447 scribit
1011 3395 1058 3445 4.
1099 3396 1201 3447 Jul.
1217 3430 1232 3453 ,
1283 3396 1350 3446 ad
1385 3402 1438 3445 ts
1475 3398 1903 3460 praestantissime
1938 3396 2401 3447 mathematicorum
2436 3398 2590 3445 nostri
2626 3396 2781 3447 seculi
2816 3398 3043 3461 princeps

329 3470 540 3519 Domine
575 3468 812 3531 Keplere,
849 3476 926 3517 ter
963 3473 1199 3532 quaterve
1237 3464 1312 3529 (in
1348 3467 1503 3517 literis
1543 3465 1626 3515 28.
1666 3466 1804 3517 Junii
1842 3467 2036 3517 scribit:
2077 3465 2259 3528 sexies)
2297 3467 2541 3517 hactenus
2578 3468 2871 3529 scripserim,
2906 3468 3041 3518 vide-

325 3543 391 3591 ris
429 3549 599 3589 tamen
637 3540 804 3589 omnia
840 3539 916 3588 vel
955 3553 1015 3588 ex
1049 3540 1301 3603 proposito
1338 3538 1415 3588 vel
1454 3539 1562 3589 aliis
1600 3538 1963 3603 impedimentis
2014 3538 2212 3588 silentio
2261 3540 2547 3603 praeterire.
2619 3536 2728 3587 Nisi
2776 3546 2946 3588 autem
2983 3538 3045 3589 de

327 3620 416 3662 tua
467 3612 782 3661 humanitate
833 3616 886 3660 et
929 3606 1226 3660 rescribendi
1271 3610 1517 3660 facilitate
1555 3616 1607 3659 et
1659 3608 2013 3673 promtitudine
2064 3609 2181 3658 mihi
2236 3616 2317 3659 sat
2372 3614 2648 3663 constaret,
2706 3615 2934 3673 putarem
2990 3615 3041 3658 te

323 3696 464 3732 meas
514 3684 729 3731 aversari
765 3681 964 3738 literas,
1021 3688 1112 3730 aut
1149 3694 1317 3731 earum
1353 3680 1676 3747 legendarum
1721 3681 1891 3731 taedio
1946 3686 1997 3729 te
2033 3680 2277 3732 laborare.
2350 3678 2563 3740 Quando
2610 3694 2727 3729 vero
2762 3681 3045 3730 commodus

335 3755 454 3803 mihi
489 3767 624 3803 nnnc
661 3754 808 3803 datur
841 3752 984 3812 lator,
1038 3752 1170 3801 volui
1207 3754 1386 3803 ceteris
1423 3758 1476 3801 et
1509 3752 1663 3802 hasce
1699 3752 1975 3815 adjungere
2011 3750 2211 3811 literas,
2250 3758 2307 3801 ιιι
2342 3754 2413 3801 sic
2453 3752 2517 3801 ad
2560 3751 2955 3814 respondendum
2992 3757 3043 3801 te

335 3824 540 3875 tandem
585 3824 850 3888 aliquando
901 3822 1261 3887 permoveam.“
1337 3823 1561 3880 Deinde,
1601 3821 1686 3872 21.
1725 3824 1939 3888 Augusti
1976 3823 2045 3873 sic
2084 3825 2273 3887 pergit:
2326 3822 2571 3873 Uranicus
2622 3822 2767 3872 ardor
2803 3822 3045 3873 deferbuit

337 3896 567 3953 multum,
619 3896 908 3959 praesertim
945 3894 1076 3959 quod
1111 3894 1274 3945 oleum
1310 3894 1668 3959 Keplerianum
1705 3894 1895 3944 nullum
1946 3894 2155 3958 amplius
2190 3894 2408 3958 lampadi
2456 3900 2655 3943 nostrae
2693 3893 3045 3957 suppeditetur.

331 3967 430 4017 Die
468 3964 552 4015 22.
593 3966 717 4016 Dec.
758 3962 831 4027 (1.
869 3965 986 4015 Jan.
1030 3962 1221 4027 1604),
1260 3968 1402 4031 quasi
1446 3965 1665 4015 nondum
1715 3966 1995 4029 accepisset
2040 3966 2244 4029 Kepleri
2286 3980 2600 4029 responsum,
2640 3966 2837 4014 scribit:
2898 3964 3041 4024 „Non

251 4084 272 4107 ⁸
333 4045 481 4103 puto.
535 4045 586 4088 te
624 4038 924 4087 liberalitate
961 4050 1076 4086 mea
1113 4038 1390 4100 opponendi
1430 4038 1670 4087 offensum
1707 4038 1875 4087 fuisse.
1948 4037 2067 4088 Feci
2102 4038 2155 4087 id
2190 4052 2289 4087 non
2326 4036 2591 4086 cavillandi
2628 4037 2791 4085 studio
2829 4032 3049 4098 (spectat

331 4111 410 4161 his
447 4122 524 4163 ea,
565 4122 694 4175 quae
731 4122 846 4157 cum
881 4108 1098 4171 Keplero
1135 4109 1198 4157 de
1235 4107 1411 4159 Martis
1447 4109 1658 4158 motibus
1697 4110 1818 4173 egit,
1857 4106 2119 4159 referenda
2154 4108 2219 4159 ad
2259 4108 2533 4158 Comment.
2564 4105 2767 4169 Martis)
2785 4140 2800 4164 ,
2838 4107 2927 4157 sed
2960 4120 3044 4156 ve-

331 4183 496 4233 ritatis
532 4182 712 4231 saltem
747 4180 1070 4244 inquirendae
1107 4180 1311 4231 causa.“
1390 4180 1616 4244 Denique
1629 4214 1642 4236 ‚
1681 4179 1942 4244 quatriduo
1974 4185 2113 4244 post:
2176 4180 2351 4245 „Rogo
2389 4186 2527 4229 tuam
2562 4178 2932 4229 Praestantiam
2962 4192 3049 4241 pro

333 4258 508 4303 nostra
543 4252 765 4303 Uranica
801 4252 1050 4309 amicitia,
1087 4256 1144 4300 ιιι
1181 4250 1246 4299 ad
1282 4252 1599 4315 quaestiones
1638 4257 1689 4300 et
1725 4264 1882 4313 nuper
1918 4255 1970 4298 et
2004 4266 2135 4301 nunc
2172 4252 2446 4316 propositas
2482 4249 2774 4314 respondere
2814 4248 3045 4315 digneris,

331 4339 428 4375 nec
466 4338 708 4374 remoram
745 4322 940 4385 injicias
957 4356 971 4379 ,
1029 4322 1158 4386 quod
1194 4336 1368 4386 parum
1405 4323 1592 4372 fructus
1629 4323 1718 4371 tibi
1758 4336 1818 4370 ex
1854 4334 1970 4369 mea
2006 4323 2229 4372 amicitia
2276 4323 2531 4386 obtingere
2570 4323 2739 4386 possit.
2812 4318 3046 4369 Balbutio

333 4400 388 4447 et
424 4395 544 4446 rude
579 4395 632 4444 in
669 4394 1036 4444 mathematicis
1071 4394 1325 4457 ingenium
1361 4394 1572 4443 libenter
1607 4406 1841 4459 agnosco.
1914 4390 2163 4442 Voluntas
2199 4408 2297 4442 non
2336 4400 2440 4443 tam
2476 4392 2612 4448 mihi,
2650 4406 2797 4456 quam
2832 4390 3047 4441 facultas

333 4474 388 4516 et
423 4466 746 4517 commoditas
779 4464 1024 4515 hactenus
1062 4465 1242 4514 defuit.
1313 4464 1460 4515 Nunc
1497 4465 1702 4514 meliora
1737 4478 1879 4527 spero
1893 4498 1907 4521 ,
1959 4465 2077 4527 quia
2114 4464 2180 4514 ad
2216 4478 2397 4515 novam
2434 4464 2760 4515 conditionem
2798 4468 3049 4527 promotus

333 4553 460 4595 sum.
498 4551 646 4601 quam
682 4536 816 4586 brevi
851 4535 1150 4600 suscipiam“
1193 4533 1428 4599 (pastoris
1467 4550 1644 4586 munus
1685 4530 1935 4593 Ostelae).

475 4606 806 4674 Tu‘qnotidie
843 4608 896 4655 in
933 4607 1052 4657 aula
1087 4609 1313 4669 versaris.
1352 4614 1404 4657 et
1439 4612 1580 4656 tuum
1615 4620 1796 4656 nomen
1838 4604 1963 4655 adeo
2000 4610 2167 4655 nostro
2204 4604 2416 4655 Domino
2454 4610 2507 4653 et
2542 4604 2650 4653 aliis
2686 4604 2960 4667 praecipuis
2997 4605 3048 4652 in

335 4696 401 4732 ea
435 4680 548 4729 viris
587 4685 783 4738 notum,
839 4691 902 4727 ac
937 4679 980 4727 si
1015 4677 1099 4728 hic
1134 4679 1362 4727 viveres.-
1411 4676 1652 4727 Dominus
1691 4675 2031 4727 Cancellarins
2062 4676 2282 4726 Francus
2335 4682 2387 4725 te
2424 4676 2521 4726 huc
2568 4675 2750 4724 salario
2787 4676 2919 4739 regio
2958 4675 3046 4725 ad-

334 4766 514 4802 vocare
553 4749 840 4807 constituit,
896 4750 960 4801 ad
996 4750 1348 4813 professionem
1385 4749 1733 4799 scholasticam
1776 4750 1829 4797 in
1868 4750 2127 4812 gymnasio
2176 4749 2441 4811 praecipuo
2478 4745 2769 4797 obeundam.
2845 4746 3051 4797 Utinam

332 4824 474 4873 fieret
511 4828 564 4872 et
600 4829 656 4871 tn
695 4820 864 4871 induci
899 4820 1096 4884 posses!
1173 4820 1280 4886 Ego
1317 4821 1444 4871 adeo
1481 4821 1582 4869 tuis
1617 4819 2037 4884 speculationibus
2072 4834 2205 4869 nunc
2242 4818 2486 4875 delector,
2538 4818 2694 4881 iisque
2730 4822 2929 4867 tantum
2962 4820 3047 4866 tri·

333 4895 458 4951 buo.
495 4900 552 4944 ιιι
585 4908 666 4944 me
702 4891 916 4957 pudeat,
969 4892 1222 4957 scripsisse
1261 4892 1352 4942 tibi
1389 4892 1450 4942 de
1486 4892 1609 4942 meis
1645 4892 1808 4957 nugis.
1885 4890 1995 4941 Tibi
2032 4890 2198 4941 divina
2230 4890 2395 4957 gratia
2442 4890 2695 4955 ingenium
2731 4888 3049 4939 mathemati-
