3634 5575
1395 397 1457 446 de
1494 396 1641 445 robur
1676 395 1999 462 astrologicis.
2929 394 3060 461 31?

349 552 767 632 multiplicatio
814 553 1089 633 ejusdem
1134 553 1193 615 in
1242 552 1356 615 sibi
1403 554 1616 629 simile,
1668 553 1978 633 quodlibet
2025 571 2096 615 eo
2134 553 2330 628 modo,
2382 573 2498 636 que
2547 555 2850 617 essentiae
2884 556 3060 618 modo

352 641 551 704 utitur.
648 642 859 721 Imago
922 642 1051 722 ejus
1106 642 1229 716 vis,
1294 660 1447 723 quae
1494 644 1553 705 in
1602 660 1781 705 manu
1829 650 1953 716 est,
2015 642 2370 723 relinquitur
2413 644 2474 706 in
2523 643 2722 724 lapide
2765 650 2846 704 et
2888 642 3058 705 illum

350 730 515 791 vehit
562 750 797 793 sursum
864 732 1047 809 fitque
1113 731 1429 814 impressio
1486 751 1673 793 causa
1712 731 2005 793 materiae
2065 739 2129 793 et
2171 733 2494 811 temporis,
2564 732 2704 813 quia
2748 740 3060 813 utrumque
3135 744 3140 748 ’

350 818 430 879 ad
477 827 677 881 motus
724 820 1053 881 essentiam
1100 818 1450 899 requiritur3
1498 820 1700 901 imago
1750 821 1900 881 lucis
1950 840 1986 881 a
2033 819 2162 882 luce
2211 821 2406 882 effluit
2452 840 2638 883 causa
2685 821 2870 883 solius
2920 821 3056 895 loci,

352 908 491 987 quia
538 917 709 970 caret
754 908 856 970 lux
900 908 1159 970 materia
1204 916 1265 971 et
1311 917 1600 988 tempore.
1692 909 1905 989 Imago
1972 908 2156 989 igitur
2223 918 2284 972 et
2342 910 2472 991 ejus
2523 910 2834 991 temporiS,
2905 910 3062 989 quod

346 1003 770 1077 postpartum
814 996 1083 1077 proxime
1132 997 1272 1072 fuit,
1331 998 1561 1072 effluit,
1632 998 1952 1077 elongatur
1997 1019 2036 1060 a
2081 1007 2348 1077 tempore
2397 998 2498 1061 illo
2568 998 2626 1059 in
2674 1000 3060 1078 proportione

350 1094 687 1165 temporum
738 1086 1007 1161 illorum,
1076 1094 1141 1148 et
1185 1087 1505 1167 elongatur
1558 1088 1617 1147 iu
1667 1087 1862 1149 locum
1909 1088 2199 1165 temporis
2265 1088 2526 1163 ratione,
2597 1088 2736 1167 quia
2781 1094 2845 1149 et
2889 1106 3064 1149 suum
3121 1123 3128 1131 ·

352 1173 643 1254 originale
708 1194 815 1237 seu
874 1174 1007 1235 fons
1064 1176 1313 1254 ejusque
1370 1174 1641 1237 essentia
1696 1183 1934 1255 tempus
2003 1180 2118 1240 est.
2212 1176 2312 1237 Ita
2365 1175 2703 1239 tricesimus
2752 1176 2880 1237 dies
2929 1196 3063 1239 cum

350 1264 849 1325 antecedentibus
894 1272 1254 1345 prorogatur
1301 1264 1359 1325 in
1409 1262 1497 1327 30
1542 1282 1749 1338 annos,
1802 1264 2075 1345 quodque
2116 1264 2230 1326 suit
2276 1264 2372 1327 die
2413 1265 2716 1327 tricesimo
2763 1264 2822 1326 in
2870 1266 3058 1341 coelo,

348 1361 635 1433 operatur
680 1371 836 1414 anno
882 1352 1187 1415 tricesimo
1236 1353 1294 1414 in
1344 1352 1607 1424 homine,
1675 1352 1923 1432 perinde
1971 1372 2042 1413 ac
2089 1352 2142 1413 ei
2209 1362 2335 1415 tum
2383 1354 2615 1416 demum
2663 1354 2958 1416 existeret
2999 1353 3058 1415 iu

350 1442 546 1516 coelo,
597 1442 777 1521 plane
824 1449 892 1503 ut
927 1442 1094 1503 calor
1138 1441 1271 1513 ille,
1321 1442 1419 1523 qui
1468 1449 1565 1503 est
1610 1441 1668 1503 in
1719 1440 1894 1514 Sole,
1960 1449 2244 1521 operatur
2291 1442 2750 1504 calefactionem
2799 1442 2856 1504 in
2907 1442 3060 1504 Ter·-

350 1548 512 1603 ram,
581 1530 829 1610 perinde
877 1550 947 1591 ac
996 1530 1047 1590 si
1096 1529 1203 1591 Sol
1252 1532 1379 1609 ipse
1425 1538 1591 1591 esset
1656 1530 1714 1590 in
1763 1531 1973 1591 Terra.
2066 1529 2182 1591 Hic
2231 1530 2424 1592 distat
2467 1532 2706 1610 patiens
2763 1540 2827 1592 et
2874 1550 3062 1610 agens

352 1638 537 1682 causa
586 1619 727 1694 loci,
796 1618 917 1681 illic
963 1637 1150 1680 causa
1194 1618 1499 1699 temporis,
1590 1619 1860 1681 Medium
1907 1618 2003 1679 hic
2049 1617 2220 1680 radio
2267 1618 2678 1693 continuatur,
2745 1619 2869 1681 illic
2914 1637 3062 1698 pro-

350 1709 653 1789 portione,
722 1706 860 1787 quia
918 1708 1031 1769 hoc
1088 1708 1187 1769 lux
1234 1716 1362 1782 est,
1436 1706 1585 1769 illud
1646 1716 1844 1769 motus
1907 1706 1966 1770 in
2033 1715 2198 1769 certo
2259 1726 2502 1770 numero
2568 1715 2632 1769 et
2675 1707 3058 1787 proportione

352 1806 855 1935 temg'ogbzicius:
890 1883 1101 1933 Praeter
1135 1884 1362 1935 cardines
1414 1884 1539 1934 coeli
1575 1883 1793 1934 nullas
1833 1884 2136 1949 agnoscis
2173 1882 2336 1932 alias
2373 1882 2603 1933 domus.
2675 1880 2842 1932 Miror.
2903 1882 3058 1933 Prae·

352 1962 428 2007 ter
465 1962 695 2019 aspectus
733 1955 1010 2005 cardinales
1063 1954 1235 2005 alies
1294 1961 1596 2019 aspectus
1646 1956 2035 2014 introducis;
2095 1959 2229 2004 certe
2284 1960 2338 2004 et
2372 1968 2528 2005 novas
2563 1954 2734 2005 domus
2780 1954 3062 2013 fabricabis,

351 2024 470 2077 nam
508 2033 738 2090 aspectus
776 2027 1027 2094 domorum
1061 2026 1331 2075 interstitia
1369 2028 1691 2077 constituunt.

530 2098 937 2177 Keplerus:
1006 2097 1282 2172 Miraris,
1353 2098 1511 2177 quod
1559 2117 1868 2159 numerum
1905 2098 2212 2158 domorum
2259 2094 2637 2169 imminuam,
2706 2104 3060 2175 aspectuum

356 2186 654 2266 augeam?
748 2184 907 2255 Quia
952 2186 1103 2247 illud
1152 2185 1421 2245 homines
1470 2192 1828 2259 sanxerunt,
1881 2186 1992 2246 hoc
2041 2191 2276 2246 natura.
2371 2182 2475 2245 Sic
2521 2183 2667 2246 mihi
2715 2184 3064 2247 demonstra

355 2285 597 2337 veteres
646 2276 876 2347 domna,
928 2280 997 2334 ut
1042 2292 1155 2353 ego
1206 2272 1315 2334 tibi
1356 2292 1541 2333 novos
1577 2283 1880 2355 aspectae.
1975 2272 2295 2335 Rationem
2321 2264 2512 2334 'redde
2541 2273 2769 2335 numeri
2785 2291 2804 2347 ς
2851 2272 3061 2353 proba,

354 2364 557 2445 plures
615 2371 678 2425 et
732 2361 1047 2443 pauciores
1111 2380 1244 2423 esse
1306 2380 1421 2422 nou
1468 2380 1680 2441 posse3
1750 2361 1939 2423 deduc
1987 2380 2231 2423 causam
2293 2378 2368 2421 ex
2414 2359 2546 2440 ipso
2593 2361 2792 2424 mundi
2843 2363 3061 2424 arche-

354 2463 529 2536 typo,
597 2471 675 2514 ex
718 2451 1116 2538 geometriae,
1188 2450 1482 2530 genuinae
1530 2450 1794 2525 scilicet,
1866 2448 2209 2530 principiis,
2275 2450 2528 2510 ostende
2577 2451 2853 2529 exempla
2899 2449 3060 2511 illius

358 2540 802 2605 distributionis
863 2538 1110 2601 indubia
1156 2548 1219 2601 et
1267 2538 1615 2618 splendida3
1680 2538 1931 2619 denique
1979 2538 2261 2613 ostende,
2309 2537 2370 2598 in
2415 2538 2667 2617 proclivi
2716 2558 2882 2611 esse,
2950 2559 3062 2601 ex-

354 2630 716 2711 perientiam
763 2646 1010 2708 capere,
1062 2646 1173 2689 nec
1223 2628 1438 2689 leviter
1485 2628 1825 2707 capientem
1875 2628 2085 2689 fallere
2133 2626 2317 2701 hanc,
2369 2646 2477 2687 nec
2527 2626 2956 2705 ambiguitates
3003 2629 3060 2690 in

356 2716 720 2800 experiundo
770 2716 970 2798 objici.
1064 2716 1235 2777 Haec
1288 2716 1487 2778 omnia
1535 2716 1651 2778 feci
1700 2716 1850 2778 meis
1885 2716 2253 2800 aspectibus,
2349 2714 2623 2777 Proclive
2671 2715 2784 2778 tibi
2823 2726 2922 2779 est
2966 2718 3064 2779 vel

355 2809 566 2888 cuique
616 2805 737 2885 alii,
788 2826 863 2867 ex
909 2805 1080 2867 novis
1131 2805 1477 2886 aspectibus
1524 2816 1588 2868 et
1614 2825 1804 2867 novas
1837 2805 2134 2866 fabricare
2167 2805 2394 2878 domus,
2447 2806 2606 2885 quia,
2655 2824 2750 2866 me
2781 2807 3061 2883 Hercule,
3131 2801 3139 2809 ’

359 2916 559 2977 quam,
594 2914 825 2975 paucae
882 2902 1023 2955 sunt
1090 2895 1165 2954 ad
1217 2895 1693 2973 respondendum
1761 2895 1842 2955 ad
1887 2894 2086 2955 omnia
2131 2893 2527 2973 interrogata.
2622 2894 2712 2956 Tu
2760 2914 2900 2956 vero
2951 2897 3062 2957 de-

353 2994 623 3048 monstra
687 2990 792 3045 aut
838 3003 875 3043 a
918 2983 1273 3044 Ptolemaeo
1342 2991 1692 3063 usurpatum
1751 2982 2210 3058 duodenarium,
2278 2989 2383 3043 aut
2449 2983 2575 3045 alia
2630 2983 2704 3045 ab
2752 2985 3062 3046 Arabibus

355 3073 721 3135 introducta.
818 3069 994 3142 Quod
1058 3089 1201 3132 vero
1267 3072 1561 3134 rationem
1627 3071 1703 3133 ab
1760 3072 2109 3152 aspectibus
2177 3070 2384 3145 duciS,
2452 3072 2715 3141 concedo
2775 3073 2884 3135 tibi
2949 3073 3064 3134 hoc

330 3161 536 3243 'pacto
587 3161 814 3234 domne,
844 3169 932 3244 ‚ut
978 3159 1103 3221 sint
1153 3161 1211 3221 in
1260 3160 1569 3239 patiend0,
1618 3160 1773 3241 quod
1821 3163 2069 3239 planeta
2113 3162 2170 3222 in
2204 3160 2459 3239 agendo.
2548 3160 2635 3222 Et
2674 3169 2872 3224 tamen
2904 3163 3062 3224 malo

356 3253 587 3324 dicere,
640 3249 969 3312 Saturnum
1014 3249 1072 3309 iu
1122 3249 1326 3310 sextili
1362 3249 1547 3310 Medii
1579 3247 1767 3320 Coeli,
1817 3268 1994 3332 quam
2041 3249 2097 3310 in
2130 3249 2483 3310 duodecima
2511 3249 2705 3325 domo,
2756 3249 2875 3313 nisi
2905 3251 3065 3331 quod

356 3349 421 3403 et
465 3339 808 3403 memoriam
848 3337 1024 3418 juvat
1072 3336 1435 3398 distributio,
1526 3337 1663 3400 Nou
1709 3354 1930 3424 pugno,
1983 3345 2050 3398 ut
2095 3338 2205 3399 has
2244 3337 2574 3413 destruam,
2626 3338 2734 3400 sed
2775 3357 3062 3420 repugn0,

354 3449 428 3491 ne
478 3427 790 3491 aedificem
837 3434 944 3488 aut
988 3427 1250 3488 sarciam
1295 3426 1450 3487 illos

496 3517 863 3568 Fabricius:
922 3513 1219 3576 Quaeritur,
1273 3528 1339 3564 an
1374 3514 1581 3578 planeta
1625 3513 1771 3575 juxta
1812 3509 2236 3561 latitudinem
2274 3511 2641 3578 dirigendus
2677 3516 2743 3564 sit
2781 3515 2846 3564 ad
2884 3527 3096 3575 assem„

356 3591 557 3640 dentem
606 3589 685 3638 vel
724 3587 914 3644 Solem,
964 3587 1038 3636 vel
1092 3587 1199 3636 sine
1249 3583 1547 3635 latitudine?
1620 3581 1797 3647 Magni
1851 3583 2088 3632 momenti
2123 3597 2202 3632 res
2243 3590 2346 3641 est,
2406 3591 2458 3633 et
2493 3585 2544 3633 in
2582 3585 2930 3636 directionibus
2965 3601 3064 3635 non

358 3675 564 3726 parvam
598 3661 723 3710 facit
759 3658 1131 3710 differentiam·
1182 3657 1285 3722 Ego
1322 3656 1465 3706 video
1501 3656 1663 3719 potius
1700 3654 1807 3704 sine
1846 3653 2108 3704 latitudine
2135 3654 2432 3704 directiones
2456 3657 2770 3718 respondere,
2809 3659 2926 3722 quia
2947 3658 3066 3707 lati·

354 3733 539 3784 tudinis
575 3733 646 3780 vis
684 3738 762 3780 est
796 3731 849 3780 in
883 3729 1043 3794 gradu
1075 3728 1413 3796 longitudinis.
1454 3732 1506 3776 et
1540 3725 1749 3790 planeta
1784 3726 1978 3775 ratione
2015 3725 2336 3790 longitudinis
2373 3727 2469 3776 rim
2513 3727 2704 3778 zodiaci
2730 3729 3062 3793 consequitur,

356 3819 484 3868 quae
521 3801 754 3852 videlicet
787 3801 859 3850 illi
893 3802 1040 3851 inest.

532 3875 949 3954 Keplerus:
998 3870 1209 3950 Dirigo
1258 3869 1478 3944 sidera,
1530 3875 1598 3930 ut
1643 3867 1931 3942 oriuntur,
1985 3867 2061 3928 ad
2094 3869 2520 3930 ascendentem
2551 3878 2615 3931 et
2642 3869 2729 3931 M.
2765 3867 2870 3944 C„
2919 3888 3062 3950 ergo

356 3983 464 4044 per
508 3963 885 4026 latitudines·
978 3960 1047 4021 Id
1095 3959 1615 4039 Regiomontanus
1662 3956 2007 4019 inculcavit.
2100 3954 2254 4019 Cum
2292 3955 2401 4019 Sol
2449 3958 2794 4039 dirigendus
2842 3965 2938 4020 est
2986 3960 3062 4020 ad

359 4053 685 4126 Venerem,
734 4059 796 4112 et
842 4048 948 4112 illa
993 4047 1181 4110 babet
1228 4045 1267 4111 9
1295 4043 1321 4078 ⁰
1367 4049 1508 4121 lat„
1559 4044 1691 4108 dico
1740 4045 1976 4108 fatuam
2022 4045 2450 4122 directionem,
2519 4047 2688 4128 quia,
2737 4067 2868 4110 cum
2913 4067 3062 4127 pro-

354 4142 500 4204 ximi
546 4141 693 4204 facti
738 4148 897 4214 sunt,
947 4134 986 4200 9
1008 4135 1034 4168 ⁰
1080 4137 1449 4199 distiterunt.
1543 4134 1633 4196 Tu
1677 4134 1882 4196 nesci'o
1931 4135 2072 4214 quid
2117 4155 2450 4212 τορατοωςε
2505 4137 2783 4216 planeta,
2835 4136 3055 4217 inquis,

357 4232 589 4292 ratione
636 4226 1025 4308 longitudinis
1073 4226 1193 4309 vim
1240 4225 1470 4286 zodiaci
1518 4222 1924 4302 consequitur.
2019 4223 2155 4288 Non
2197 4224 2478 4286 zodiacus
2523 4225 2809 4306 planetis,
2861 4219 2970 4286 sed
3001 4225 3060 4286 hi

358 4318 600 4379 zodiaco
648 4319 767 4379 vim
818 4315 1170 4394 largiuntur.
1264 4314 1556 4376 Planetae
1606 4311 1763 4373 enim
1811 4311 1872 4372 in
1920 4330 1986 4372 se
2035 4311 2185 4392 ipsis
2233 4320 2394 4374 sunt.

504 4405 863 4455 Fabricius:
904 4403 1195 4467 Eclipses
1230 4403 1407 4452 infra
1440 4399 1700 4451 Terram
1739 4400 2085 4464 contingentes
2119 4401 2172 4450 in
2208 4401 2475 4466 genesibus
2511 4416 2612 4450 non
2648 4407 2766 4451 sunt
2802 4402 3060 4468 negligen-

358 4476 469 4536 dae,
510 4491 621 4526 cum
654 4478 779 4525 vires
814 4490 931 4526 suas
968 4481 1235 4525 exerceant
1272 4474 1337 4524 ad
1371 4472 1571 4522 modum
1606 4471 1935 4535 planetarum.

535 4549 941 4628 Keplerus:
1006 4547 1153 4608 Illas
1210 4546 1415 4625 utique
1464 4543 1797 4604 censuerim
1845 4542 2344 4616 considerandas,
2411 4551 2476 4605 at
2521 4561 2639 4604 non
2687 4544 2896 4620 aliter,
2947 4543 3061 4605 nisi

358 4637 843 4716 conjunctionem
900 4635 1293 4715 corporalem.
1386 4631 1549 4694 Nam
1617 4629 1854 4693 luminis
1914 4630 2193 4692 subitam·
2235 4631 2638 4711 privationem
2693 4634 2860 4695 nulla
2905 4632 3060 4693 ratio

358 4725 633 4788 admittit
672 4725 787 4786 nisi
838 4743 907 4786 eo
958 4724 1087 4785 loco
1136 4722 1539 4795 considerare,
1588 4719 1690 4781 ubi
1720 4719 2002 4782 cernitur.
2105 4720 2238 4780 Tua
2276 4721 2719 4799 argumentatio
2765 4722 2929 4783 nulla
2967 4729 3062 4781 est

358 4836 397 4876 a
442 4817 817 4896 planetarum
882 4813 1111 4874 viribus
1172 4813 1249 4873 ad
1286 4811 1465 4872 vires·
1496 4806 1826 4888 eclipsium.
1919 4808 2180 4869 Planeta
2235 4817 2333 4870 est
2378 4809 2748 4885 substantia,
2817 4809 3062 4889 eclipsis

357 4913 454 4967 est
498 4903 781 4987 privatio,
832 4900 1235 4964 determinata
1280 4900 1399 4962 situ
1448 4898 1600 4962 certi
1648 4896 1782 4962 loci.
1875 4897 2006 4960 Illis
2032 4897 2222 4977 igitur
2267 4915 2404 4959 esse
2450 4897 2613 4962 vires
2649 4899 2733 4962 nil
2759 4899 3062 4981 prohibet,
