3634 5575
1483 428 1806 479 Prooemium.
2916 424 2997 492 51

297 580 458 644 ipsam
491 582 749 633 veritatem
786 583 1021 648 culpabis.
1093 584 1278 635 Postea
1322 586 1522 649 pretulit
1569 586 1919 637 caudelabrum
1966 587 2055 635 tibi
2100 585 2396 636 mittendum
2410 621 2425 644 ,
2478 592 2629 650 atque
2644 621 2662 642 ,
2711 600 2831 651 quos
2881 586 2999 637 mlhi

300 660 620 703 numeratum
643 654 808 705 fuerat
834 670 920 718 pro
957 652 1270 705 diminuendo
1308 656 1492 718 debito,
1529 658 1647 707 mihi
1683 659 1961 709 numeravit
1995 657 2103 714 hos,
2142 672 2263 721 quos
2298 658 2513 707 inclusos
2540 658 2779 715 iuvenies,
2822 657 2883 707 15
2908 658 3001 708 flo-

297 738 462 773 renos.
518 723 620 773 Hos
660 723 725 773 15
749 725 801 773 fl.
837 726 1047 777 libenter
1084 726 1185 777 alia
1221 742 1330 778 cum
1368 730 1877 792 pecunianutarem,
1915 743 2061 793 quam
2100 730 2191 779 tibi
2226 730 2488 783 mitterm.
2530 728 2605 779 vel
2640 728 2859 780 studioso
2897 731 3000 779 cui-

300 793 418 843 dam
468 795 792 855 exsolverem,
844 798 982 859 cujus
1018 804 1250 862 parentes
1289 813 1372 848 eos
1409 799 1499 849 tibi
1536 800 1665 849 domi
1701 798 2045 877 restituissent.
2114 798 2214 850 Sed
2251 814 2343 849 nec
2382 800 2535 849 aliam
2570 799 2791 863 profecto
2829 815 2999 853 mone-

299 873 408 913 tam
445 869 644 930 accepi,
692 880 786 917 nec
822 871 1081 932 quicquam
1119 868 1178 919 de
1229 870 1446 920 studioso
1500 870 1737 934 ejusmodi
1783 872 1956 921 rescivi
1974 907 1988 927 ,
2040 871 2151 921 ideo
2188 872 2318 921 sicut
2354 872 2557 935 accepi,
2610 871 2685 920 ita
2720 872 2810 921 tibi
2843 873 3001 921 mitto.

302 934 382 986 Tu
415 942 468 987 te
505 939 757 1002 accepisse
791 952 880 1003 per
915 942 1224 991 occasionem
1262 942 1308 989 ei
1343 942 1656 1009 significabis.
1715 941 1909 1007 Rogavi
1948 956 2076 999 eam,
2113 948 2171 991 ut
2200 941 2330 1006 apud
2355 956 2434 991 me
2460 947 2773 1005 permaneret
2802 942 3001 999 diutius.

299 1010 591 1069 praesertim
615 1009 682 1059 ad
703 1011 978 1073 prandium.
1037 1012 1138 1063 Sed
1171 1015 1436 1063 maturavit
1469 1012 1680 1063 reditum
1704 1020 1901 1078 propter
1924 1014 2117 1064 instans
2141 1013 2360 1073 Pascha,
2398 1014 2797 1079 iungentium
2830 1020 3003 1065 tuanen

301 1078 556 1141 poculum,
594 1086 736 1147 prout
769 1082 881 1147 ipsa
915 1082 1108 1135 scilicet
1143 1084 1312 1135 bibula
1345 1092 1436 1136 est.
1477 1108 1546 1117 —

444 1220 756 1287 Keplerus
795 1222 860 1273 ad
893 1223 1022 1275 haec
1059 1224 1107 1274 d.
1152 1219 1266 1289 ¹⁹3„
1307 1227 1436 1291 Aug.
1477 1222 1612 1274 1599
1651 1226 1933 1291 respondit:

480 1312 582 1373 De
629 1323 856 1376 matre
901 1333 1074 1376 mea.
1150 1314 1378 1377 Verum
1426 1324 1534 1389 est,
1589 1336 1692 1377 aes
1739 1315 1996 1378 alienum
2046 1317 2121 1377 ad
2169 1312 2297 1378 200
2344 1316 2406 1379 fl.
2456 1315 2597 1378 mihi
2632 1314 2999 1387 incumbere,

303 1400 465 1481 quod
509 1400 596 1463 illi
658 1420 840 1482 saepe
905 1422 1012 1483 per
1069 1403 1278 1466 literas
1335 1404 1648 1467 inculcavi.
1743 1402 1865 1468 Cur
1910 1414 2108 1466 autem
2155 1416 2215 1466 te
2276 1405 2628 1467 creditorem
2678 1404 2999 1483 existimet,

303 1508 491 1551 causa
541 1490 691 1567 haec
745 1501 876 1553 est:
954 1490 1206 1563 Quoties
1261 1493 1487 1575 aliquid
1545 1513 1608 1555 se
1664 1494 1808 1557 mihi
1871 1494 2144 1556 daturam
2193 1502 2290 1556 est
2334 1493 2635 1572 pollicita,
2688 1493 2875 1573 jussi,
2935 1501 3003 1556 ut

305 1578 464 1659 apud
511 1586 572 1640 te
619 1580 965 1660 deponeret.
1061 1580 1498 1644 Candelabrum
1561 1600 1807 1645 aeneum
1862 1584 1994 1664 plus
2053 1583 2277 1663 negotii
2324 1580 2653 1663 Schillingo
2716 1582 2999 1655 exhibuit,

305 1686 482 1748 quam
532 1675 710 1730 antea
755 1670 1029 1751 poculum
1067 1680 1432 1749 argenteum.
1511 1668 1629 1733 Sed
1671 1672 1868 1733 elucet
1904 1691 1978 1732 ex
2016 1672 2118 1734 illo
2166 1672 2419 1732 candela
2462 1679 2768 1732 maternae
2814 1671 3001 1733 bene-

306 1757 628 1831 volentiae,
680 1776 856 1838 quam
904 1760 1250 1839 amplector.
1327 1759 1500 1822 Fecit
1544 1770 1745 1822 tamen
1792 1760 1978 1822 scitus
2026 1759 2127 1823 ille
2159 1759 2527 1840 Schillingus
2574 1777 2789 1840 operae
2822 1778 3003 1841 ‘com-

305 1844 603 1924 pendium,
652 1865 786 1909 cum
832 1848 946 1909 duo
997 1848 1321 1927 bajulanda
1369 1859 1592 1923 essent,
1641 1849 2062 1911 candelabrum
2110 1858 2171 1911 et
2218 1847 2301 1912 75
2349 1848 2494 1923 (15)
2542 1848 2744 1927 capita
2786 1849 3004 1915 Ponti-

305 1932 535 2009 ficalia,
590 1936 934 2016 indignatus
983 1954 1129 1999 onus
1185 1945 1448 2012 tantum,
1509 1939 1718 2000 alteris
1766 1938 2019 2000 alterum
2068 1945 2131 1999 et
2168 1938 2294 2002 'una
2341 1957 2405 1999 se
2455 1940 2643 2019 ipsum
2691 1936 3004 2017 imposuit;

305 2022 443 2102 plus
509 2023 665 2086 enim
721 2025 834 2087 sibi
895 2026 1184 2106 prodesse
1249 2028 1482 2089 censuit-
1551 2022 1595 2088 4
1665 2028 1853 2107 pedes
1916 2028 2177 2103 ferreos,
2259 2046 2432 2107 quam
2501 2034 2596 2088 tot
2664 2026 3005 2106 ponderosa

196 2132 205 2140 ’
307 2111 533 2191 capita.
582 2144 664 2155 -

457 2253 600 2314 Quae
636 2253 826 2319 reliqna
860 2261 976 2305 sunt
1009 2256 1154 2317 hujus
1191 2256 1428 2319 epistolae
1463 2256 1726 2309 referenda
1759 2261 1875 2307 sunt
1910 2270 2035 2306 cum-
2058 2257 2123 2307 ad
2148 2256 2395 2321 opticen,
2432 2262 2539 2305 tum
2576 2226 2642 2304 ad
2675 2254 2892 2305 libellum
2927 2268 3003 2305 se·

307 2330 540 2389 quentem
580 2330 752 2375 contra
775 2324 970 2385 Ursum,
1008 2332 1112 2376 tum
1138 2326 1204 2377 ad
1232 2335 1400 2378 annot.
1439 2344 1540 2393 seq.
1568 2325 1652 2377 40.
1707 2326 1969 2378 Concludit
2002 2335 2171 2377 autem
2204 2327 2450 2391 Keplerus
2484 2325 2612 2377 haec
2648 2326 2711 2378 de
2747 2332 2884 2377 statu
2918 2340 3007 2377 suo

309 2396 646 2461 sociorumque
669 2397 722 2445 in
746 2394 914 2459 styria
935 2397 1169 2458 referens,
1207 2413 1334 2464 quae
1370 2406 1713 2464 comparentur
1749 2412 1862 2449 cum
1896 2400 1974 2455 iis,
2013 2412 2139 2465 quae
2178 2398 2352 2449 eadem
2389 2398 2449 2448 de
2486 2412 2539 2447 re
2576 2398 2840 2463 scripserat
2874 2410 3006 2449 auno

313 2460 453 2517 isse
489 2462 559 2532 (p.
599 2462 708 2529 ss).

490 2609 760 2690 Denique
807 2628 922 2672 non
968 2629 1210 2690 possum
1254 2612 1580 2691 praeterire
1601 2660 1616 2686 ,
1683 2620 1751 2673 ut
1795 2620 1857 2673 te
1904 2630 2099 2687 orem,
2146 2610 2511 2688 Praeceptor
2556 2610 3005 2686 humanissime,

313 2698 622 2771 consilium
669 2698 812 2763 mihi
857 2700 1238 2782 suppedites,
1297 2702 1348 2762 si
1396 2702 1628 2782 quando
1675 2720 1784 2762 usu
1832 2692 2065 2773 veniat,
2126 2706 2193 2761 ut
2250 2698 2533 2760 extrudar
2578 2718 2655 2761 ex
2697 2700 2810 2765 huc
2856 2701 3007 2772 loco,

313 2795 422 2849 aut
476 2789 686 2868 exigar
737 2798 832 2851 tot
890 2790 1442 2854 incommoditatum
1499 2791 1772 2869 objectu:
1840 2809 2115 2870 quorsum
2180 2807 2321 2870 ergo
2376 2789 2695 2869 praecipue
2750 2789 3009 2851 animum

311 2876 622 2940 intendere
671 2877 943 2941 debeam.
1031 2879 1188 2941 Nam
1244 2880 1340 2942 hic
1359 2927 1375 2955 ,
1443 2879 1562 2941 etsi
1617 2881 1746 2942 vita
1797 2879 1942 2942 mihi
1997 2879 2291 2957 supersit,
2360 2897 2479 2939 non
2535 2878 2739 2940 videor
2786 2877 3009 2939 diutius

312 2964 578 3030 haerere‘
607 2983 807 3047 posse.
897 2968 1027 3029 Nec
1073 2968 1217 3032 mihi
1261 2970 1396 3050 plus
1443 2976 1540 3030 est
1584 2968 2021 3049 respiciendum
2076 2968 2151 3028 ad
2200 2967 2499 3048 jacturam
2561 2985 2768 3048 opum,
2830 2983 3007 3046 quam

312 3054 392 3118 ad
439 3074 540 3128 ea,
601 3057 811 3136 quibus
857 3065 1076 3119 natura
1120 3067 1184 3120 et
1227 3058 1504 3120 instituto
1551 3059 1714 3120 vitae
1761 3057 2099 3118 destinatus
2148 3075 2305 3130 sum,
2352 3055 2730 3136 perficienda.
2825 3055 3009 3118 Plura

309 3163 430 3206 non
479 3143 670 3218 addo;
728 3145 844 3208 nisi
889 3154 958 3208 ut
1003 3146 1114 3208 hoc
1161 3156 1223 3210 te
1267 3165 1566 3221 moneam,
1631 3146 1941 3208 consilium
1992 3165 2087 3207 me
2132 3153 2365 3225 petere,
2424 3164 2542 3206 non
2600 3140 3005 3206 autoritatem.

311 3233 474 3294 Nam
519 3232 664 3308 scio,
715 3242 784 3297 ut
827 3234 1054 3297 invidia
1097 3255 1327 3310 careae,
1379 3245 1554 3299 autor
1599 3256 1734 3299 esse
1780 3253 1897 3296 nou
1944 3235 2055 3296 vis.
2130 3239 2221 3296 At
2263 3234 2577 3296 consultor
2616 3253 2751 3296 esse
2796 3231 3007 3295 minori

310 3330 474 3384 metu
519 3331 714 3401 potes.
786 3324 928 3402 Ipse
955 3324 1046 3385 de
1095 3343 1188 3386 me
1235 3332 1518 3398 statuam,
1567 3333 1633 3387 tu
1679 3343 1833 3404 quae
1870 3323 1980 3384 tibi
2014 3323 2309 3398 videntur,
2358 3343 2433 3384 ea
2474 3343 2568 3385 me
2612 3341 2805 3385 mone.
2880 3321 3007 3385 Sed

312 3419 380 3476 et
425 3410 538 3473 hoc
565 3413 892 3474 monendus
930 3431 1014 3487 es,
1063 3433 1178 3474 non
1220 3432 1400 3494 posse
1437 3433 1530 3476 me
1559 3412 1934 3494 gravissimis
1964 3413 2037 3474 de
2066 3412 2264 3474 causis
2294 3413 2767 3474 ecclesiasticum
2795 3431 3007 3473 munus

313 3499 519 3562 obire:
587 3501 822 3581 quando
885 3502 1098 3582 majori
1152 3502 1547 3564 sollicitudine
1605 3510 1670 3564 et
1723 3520 1945 3582 augore
2002 3501 2347 3563 discruciari
2402 3520 2699 3582 nunquam
2743 3519 3005 3579 possem,

311 3607 488 3670 quam
535 3590 588 3651 si
633 3590 766 3670 jam
809 3591 922 3652 hac
968 3587 1337 3654 con-scientia
1389 3591 1448 3653 in
1509 3592 1616 3653 illa
1659 3592 1971 3670 palaestra
2016 3607 2212 3652 essem
2260 3591 2544 3652 inclusus.
2630 3591 2721 3652 At
2764 3590 3004 3669 profes-

311 3678 542 3740 sionem
587 3678 1060 3760 philosophicam
1109 3699 1518 3762 quamcunque
1563 3699 1738 3759 spero
1776 3699 1873 3742 me
1919 3698 2049 3741 cum
2096 3686 2443 3742 ornamento
2501 3678 2881 3750 academiae,
2940 3676 3002 3739 in

312 3786 492 3848 quam
543 3785 800 3840 venero,
859 3770 912 3830 si
965 3788 1080 3831 non
1137 3771 1346 3832 statim
1400 3779 1466 3831 at
1519 3787 1634 3830 non
1689 3768 1861 3830 multi
1908 3769 2190 3848 temporis
2239 3768 2409 3849 lapsu
2454 3769 2769 3830 facturum.
2864 3764 3003 3837 Qua

313 3857 630 3919 occasione
687 3858 864 3922 simul
915 3858 1172 3921 animum
1227 3858 1308 3920 ad
1359 3858 1713 3921 medicinam
1767 3858 2109 3938 adjicerem.
2204 3855 2328 3919 Sed
2384 3856 2523 3938 quia
2578 3864 2717 3918 aute
2765 3874 3001 3918 menses

311 3945 544 4026 aliquot
594 3965 898 4009 commune
955 3948 1142 4010 totius
1199 3947 1436 4028 collegii
1498 3946 1894 4038 philosophici
1958 3953 2022 4009 et
2084 3945 2270 4026 ipsius
2326 3963 2558 4026 quoque
2604 3942 3001 4006 Hafenrefferi

309 4034 622 4097 consilium
669 4037 744 4098 ad
792 4055 886 4098 me
932 4037 1368 4118 perscripsisti,
1417 4037 1588 4116 eique
1633 4035 1881 4098 consilio
1928 4055 2084 4098 nova
2126 4035 2277 4097 haec
2322 4054 2457 4097 mea
2500 4033 2837 4097 sollicitudo
2884 4033 2998 4094 ad-

309 4124 542 4186 versari
587 4133 653 4187 et
696 4125 1041 4206 obstrepere
1086 4127 1355 4188 videtur:
1415 4125 1726 4188 dicendum
1773 4126 1955 4205 igitur
1998 4125 2157 4190 mihi·
2186 4132 2309 4199 est,
2366 4123 2508 4206 quid
2551 4143 2644 4185 me
2690 4121 2995 4202 impediat,

311 4230 428 4292 quo
471 4212 664 4277 miuus
707 4213 804 4276 illi.
839 4235 1102 4296 paream.
1196 4215 1488 4277 Placebat
1532 4215 1704 4276 vobis
1725 4261 1743 4288 ,
1803 4215 2100 4294 tantisper
2142 4232 2235 4276 me
2290 4213 2349 4275 in
2396 4213 2659 4274 statione
2704 4213 2817 4273 hac
2862 4228 2999 4273 mea

309 4321 678 4383 permanere,
727 4304 866 4368 dum
912 4313 1180 4368 extrema
1224 4304 1588 4366 necessitate
1635 4304 1712 4366 ab
1735 4323 1829 4364 ·ea
1864 4304 2166 4367 detrudar.
2233 4303 2606 4383 Argumenta
2640 4299 2811 4362 vobis
2848 4299 2997 4361 haec

311 4391 430 4454 tria
481 4392 858 4472 potissimum
915 4394 1102 4456 fuisse
1156 4393 1404 4472 colligo:
1478 4393 1935 4469 conscientiam,
1996 4393 2346 4465 utilitatem,
2404 4390 2747 4471 periculum.
2837 4387 2998 4451 Nam

220 4542 228 4548 .
313 4481 452 4561 quia
495 4482 714 4545 ceteris
761 4483 1017 4550 exclusis
1064 4484 1227 4545 locus
1274 4483 1414 4544 mihi
1459 4483 1574 4545 soli
1619 4481 1863 4544 relictus
1918 4489 2045 4558 est,
2105 4481 2445 4562 sperabatis
2468 4529 2485 4556 ,
2543 4480 2667 4542 fore
2712 4486 2782 4541 ut
2823 4473 2994 4557 hujus

309 4589 482 4632 meae
525 4589 728 4634 morae
785 4581 952 4636 esset
1005 4571 1218 4653 aliquis
1273 4591 1418 4634 usus
1469 4571 1532 4634 in
1587 4570 1847 4634 ecclesia
1900 4579 2008 4632 aut
2050 4571 2275 4633 schola.
2370 4568 2743 4648 Scripseram
2786 4566 2990 4642 etiam,

311 4667 576 4722 metuere
619 4679 731 4736 me,
781 4669 850 4724 ut
893 4661 1164 4742 privigna
1207 4679 1342 4724 mea
1387 4661 1718 4723 deserenda
1761 4659 1860 4734 sit,
1909 4660 2233 4722 irretienda
2276 4659 2454 4739 paulo
2498 4663 2643 4737 post
2684 4655 2993 4719 blanditiis

312 4749 815 4825 adversariorum,
877 4757 940 4814 et
991 4750 1345 4832 pellicienda
1398 4752 1458 4814 in
1511 4749 1873 4829 pontificiam
1927 4749 2290 4829 religionem.
2381 4747 2453 4810 Id
2500 4765 2613 4826 quo
2658 4754 2991 4820 caveretur,

310 4836 544 4918 quidvis
580 4839 918 4902 faciendum
951 4840 1285 4903 censuistis.
1356 4839 1607 4912 Deinde,
1656 4837 1812 4918 qnod
1852 4838 2173 4902 utilitatem
2220 4836 2441 4900 attinet
2482 4836 2543 4898 in
2586 4835 2733 4898 meis
2778 4833 2986 4907 literis,

308 4926 642 5007 significavi
687 4927 861 4992 vobis
913 4929 1308 5007 certissimam
1361 4930 1666 5012 jacturam
1719 4927 2006 4990 bonorum
2058 4927 2261 4990 uxoris
2314 4943 2483 4988 meae
2500 4971 2519 5000 ‚
2586 4925 2639 4986 si
2698 4925 2863 4988 locus
2909 4923 2991 4986 sit

2485 5028 2520 5081 4
2536 5031 2569 5062 ss·
