3634 5575
1536 426 1713 472 matra
1747 420 1942 473 Ursuu.
2965 416 3096 485 269

284 604 318 654 ·,
373 590 583 645 centra
628 580 855 643 orbium
914 586 1151 643 tantum
1196 598 1327 641 cum
1374 578 1518 641 Sole
1564 586 1802 651 movet,
1867 578 2064 640 altera
2119 578 2178 639 in
2225 576 2420 657 ipsum
2485 578 2728 657 insuper
2771 577 2978 639 Solem
3025 599 3101 641 ea

238 2476 251 2483 -
360 2440 728 2501 ecceutricus
766 2439 954 2503 EFH.
1044 2436 1195 2501 Cum
1242 2455 1384 2517 ergo
1432 2442 1699 2498 centrum

372 671 653 733 collocat.
744 670 877 731 Nec
923 670 1105 731 debet
1150 685 1391 729 movere
1438 686 1825 749 quemquam,
1893 667 2048 749 quod
2107 684 2292 746 supra
2337 667 2488 739 dixi,
2551 667 2928 747 planetarum
2975 668 3096 729 cir·-

371 760 567 823 cuitus
612 761 674 821 in
728 758 1047 839 Apollonio
1096 764 1160 819 et
1204 775 1346 818 vero
1395 763 1459 817 et
1504 756 1644 817 ficto
1694 755 1769 817 ad
1818 754 1984 817 Solis
2029 754 2468 835 praescriptum
2517 762 2582 816 et
2625 774 2758 817 cum
2799 773 2870 816 eo
2917 755 3100 818 situm

372 858 645 911 mutare:
696 856 765 909 ut
809 852 1133 927 propterea
1162 845 1321 908 Urso
1366 844 1543 905 fidem
1590 843 1878 905 adhibeat
1919 842 2238 913 asserenti,
2285 842 2674 923 Apollonium
2703 863 2781 906 ex
2815 844 3098 906 Aristar-

371 938 483 999 cho
532 936 715 1016 loqui.
804 936 967 997 Nam
1016 933 1069 995 si
1112 942 1427 1014 utramque
1476 932 1727 995 formam
1770 930 2168 1011 problematis
2196 930 2586 1011 Apolloniaui
2633 932 2791 994 inter
2835 952 2900 994 se
2949 950 3099 995 con-

373 1026 558 1101 feras,
610 1022 847 1086 videbis
894 1022 1271 1085 occasionem
1320 1021 1571 1083 alterius
1621 1023 1846 1081 formae
1895 1019 2333 1099 excogitandae
2377 1040 2497 1082 non
2535 1040 2611 1081 ex
2641 1019 2787 1081 visis
2815 1020 3096 1083 Aristar-

375 1113 629 1186 chianis,
679 1112 789 1173 sed
837 1131 913 1174 ex
971 1111 1189 1191 prioris
1221 1113 1468 1184 formae,
1521 1128 1673 1188 quae
1702 1108 2080 1172 Ptolemaica
2117 1118 2230 1183 est,
2281 1108 2755 1187 transpositione
2802 1110 3006 1171 fluere.

551 1200 703 1263 Cum
750 1200 905 1263 enim
944 1200 1077 1279 jam
1124 1206 1249 1261 tum
1298 1198 1454 1260 inter
1500 1206 1880 1259 astronomos
1917 1216 2024 1258 seu
2053 1206 2397 1276 geometras
2443 1198 2847 1271 convenisset,
2898 1198 3102 1260 omnia

369 1310 521 1372 quae
576 1308 684 1370 per
740 1288 1109 1351 ecceutricos
1156 1288 1645 1349 demonstrantur
1706 1304 1889 1365 posse
1935 1284 2150 1347 itidem
2197 1293 2262 1347 et
2323 1302 2432 1363 per
2477 1284 2921 1349 concentricum
2965 1305 3100 1347 cum

368 1378 671 1461 epicyclo:
736 1377 1095 1457 Apollonius
1154 1377 1287 1456 jam
1351 1376 1407 1437 in
1473 1373 1675 1455 priori·
1720 1372 2118 1453 problematis
2181 1372 2275 1434 sui
2343 1374 2538 1435 forma
2600 1374 3098 1453 inaequalitatem

369 1468 408 1529 5
456 1467 836 1547 planetarum
880 1482 989 1546 per
1033 1465 1365 1546 epicyclum
1410 1464 1471 1524 in
1518 1462 1900 1525 conceutrico
1947 1461 2190 1525 confieri
2240 1462 2317 1523 ab
2365 1461 2732 1525 astronomis
2777 1472 3102 1544 acceperat

372 1564 437 1616 et
476 1561 869 1617 assumserat.
965 1552 1259 1616 Statuunt
1306 1552 1463 1614 enim
1507 1550 1864 1612 Ptolemaici
1911 1550 1968 1612 in
2019 1548 2262 1611 orbibus
2312 1546 2352 1611 3
2384 1550 2756 1629 superiorum
2803 1558 2934 1613 tres
2963 1570 3098 1613 esse

367 1644 697 1727 epicyclos‚
768 1644 868 1725 qui
916 1641 1204 1723 superiori
1253 1650 1428 1722 parte
1474 1640 1535 1702 in
1584 1639 1837 1701 eandem
1881 1639 2128 1719 plagam
2175 1645 2532 1700 moveantur
2578 1658 2712 1701 cum
2759 1640 3098 1703 ecceutrico

367 1752 442 1793 ea
490 1734 643 1811 lege,
691 1739 779 1805 ut,
829 1750 963 1793 cum
1011 1738 1291 1793 centrum
1342 1726 1596 1811 epicycli
1644 1734 1745 1789 est
1790 1746 1923 1789 cum
1971 1726 2136 1799 Sole,
2181 1727 2434 1805 planeta
2477 1726 2562 1789 sit
2589 1746 2825 1807 semper
2851 1728 2912 1792 in
2944 1748 3096 1807 apo·-

366 1840 517 1901 gaeo
569 1820 845 1902 epicycli.
938 1818 1113 1881 Hanc
1160 1837 1304 1899 ergo
1354 1820 1605 1879 sormam
1652 1816 2031 1895 transposuit
2075 1814 2434 1895 Apollonius
2481 1816 2542 1878 in
2589 1816 2876 1891 alteram,
2945 1834 3100 1897 quae

367 1909 429 1969 in
477 1910 815 1971 ecceutrico
864 1906 1175 1969 consistit:
1224 1916 1405 1987 utque
1454 1905 1514 1966 id
1560 1909 1724 1965 recte
1772 1904 1971 1979 fieret,
2037 1902 2306 1983 oportuit
2351 1904 2588 1966 omnino
2636 1911 2866 1967 motum
2909 1904 3102 1967 centri

366 1996 690 2060 ecceutrici
737 1996 869 2080 (qui
917 2004 1011 2057 est
1053 2014 1162 2075 pro
1209 2002 1375 2056 motu
1423 1992 1703 2075 epicycli)
1752 1992 1831 2053 ad
1880 1990 2088 2053 Solem
2135 1990 2408 2071 alligare,
2459 1993 2598 2073 quia
2643 1992 2808 2074 prius
2855 2002 2920 2054 et
2967 1994 3098 2073 epi-

366 2086 523 2169 cycli
590 2086 753 2147 circa
816 2103 987 2147 suum
1046 2091 1312 2147 centrum
1382 2080 1695 2145 conversio
1762 2082 1840 2142 ad
1889 2078 2096 2143 Solem
2161 2079 2549 2160 alligabatur.
2642 2081 2812 2151 Haec
2859 2082 3100 2144 occasio

368 2175 545 2254 hujus
594 2173 1020 2255 hypotheseos,
1072 2191 1185 2233 non
1236 2179 1399 2234 certe
1447 2170 1589 2232 alia.
1841 2183 1848 2188 ’

539 2261 1095 2325 Demonstrationis
1140 2280 1329 2322 causa
1376 2257 1687 2321 describa-

358 2358 459 2413 tur
521 2359 725 2413 centro
783 2350 853 2411 M
916 2357 981 2411 et
1045 2348 1494 2411 ecceutricitate
1569 2344 1701 2406 AM

358 2530 425 2592 M
471 2530 601 2590 loco
646 2547 763 2590 non
794 2534 1067 2589 movetur
1120 2544 1227 2607 per
1272 2524 1697 2587 circumferen-

360 2619 507 2679 tiam
562 2618 717 2690 MN,
784 2616 1041 2679 circulus
1093 2614 1399 2696 perfectus
1464 2610 1694 2675 descri-

359 2708 533 2767 betur
611 2723 721 2785 per
790 2704 976 2767 EFH.
1090 2703 1411 2767 videbitur
1494 2709 1695 2763 motus

358 2796 577 2858 stellae
608 2813 683 2856 ex
713 2796 774 2857 A
818 2795 1029 2856 tardus
1068 2794 1229 2856 circa
1256 2793 1309 2854 E
1338 2808 1690 2873 apogaeum,

362 2885 539 2946 velox
600 2885 761 2946 circa
803 2883 859 2944 P
909 2883 1275 2964 perigaeum.
1366 2881 1537 2944 Idem
1586 2897 1695 2940 ac-
1787 2949 1795 2957 ¹
1912 2878 1927 2907 ¹

359 2975 550 3044 cidet,
616 2973 669 3034 si
733 2968 1109 3036 describatur
1170 2979 1377 3033 centro
1430 2969 1493 3030 A
1548 2987 1696 3030 con·
1787 2976 1795 2987 ⁴

359 3061 659 3124 centricus
714 3056 914 3135 BOD,
984 3069 1047 3123 et
1108 3061 1202 3123 in·
1234 3077 1303 3120 eo
1368 3059 1694 3140 epicyclus,

358 3151 529 3230 cujus
593 3149 799 3212 radius
866 3149 997 3224 ΒΕ,
1090 3147 1195 3212 CF
1264 3149 1362 3210 vel
1424 3148 1544 3208 DH
1614 3145 1699 3206 sit

361 3239 635 3320 aequalis
661 3239 793 3301 AM
826 3237 1261 3301 ecceutricitati
1294 3236 1511 3318 priori:
1560 3253 1694 3296 mo·-

360 3337 459 3390 tus
514 3347 656 3389 vero
721 3328 811 3388 sic
874 3335 1017 3388 sunt
1076 3327 1439 3406 comparati,
1502 3332 1572 3386 ut
1634 3329 1697 3383 et

360 3417 523 3479 orbis
568 3415 689 3478 ΜΕ
734 3416 899 3496 prior
954 3433 1133 3496 super
1178 3415 1245 3477 M
1308 3422 1373 3477 et
1416 3413 1531 3475 AB
1576 3429 1693 3492 po-

361 3505 577 3568 sterior
622 3523 803 3585 super
850 3505 909 3566 A
956 3503 1289 3584 aequaliter
1334 3509 1399 3564 et
1441 3503 1501 3564 in
1547 3519 1695 3584 par-

360 3603 457 3656 tes
505 3595 753 3656 easdem
798 3593 1116 3668 incedant,
1178 3593 1375 3654 lineae
1422 3611 1563 3654 vero
1622 3605 1697 3650 ex

359 3681 433 3758 Ε,
481 3685 553 3755 F,
594 3683 657 3744 H
699 3679 948 3765 planeta
973 3701 1083 3763 per
1107 3683 1179 3758 B,
1234 3679 1305 3759 Ο,
1334 3682 1391 3743 D
1430 3687 1699 3743 centrum

363 3772 613 3853 epicycli
659 3774 877 3836 ductae
926 3773 1121 3834 lineae
1168 3772 1294 3833 MA
1342 3769 1701 3833 ecceutrici-

362 3861 478 3922 tati
505 3872 794 3943 perpetuo
825 3861 1235 3942 aequidistent
1261 3861 1401 3922 dum
1446 3860 1868 3927 circumfertur
1905 3866 1963 3929 in
1993 3863 2164 3930 BCD
2201 3865 2602 3928 concentu-ico,
2697 3862 2838 3937 Qua
2865 3867 3104 3929 ratione

364 3951 638 4027 efficitur,
686 3961 755 4014 ut
803 3950 1103 4031 epicyclus
1148 3949 1209 4010 in
1258 3965 1393 4010 sese
1452 3955 1515 4010 et
1560 3963 1841 4030 respectu
1889 3955 2075 4017 totius
2123 3955 2387 4017 universi
2431 3973 2548 4018 non
2591 3957 2789 4017 minus
2829 3956 3105 4036 quiescat

365 4059 545 4120 quam
588 4041 655 4102 M
701 4048 983 4120 punctum
1033 4036 1308 4120 quiescit.
1407 4035 1533 4098 Sed
1584 4050 1936 4114 geometrae
1987 4044 2064 4104 ad
2111 4041 2197 4112 E,
2250 4039 2336 4118 G,
2385 4041 2418 4104 I
2464 4061 2801 4123 apogaeum
2849 4042 3102 4125 epicycli

363 4129 759 4207 respicientes
808 4129 1017 4190 dicunt
1069 4126 1377 4204 planetam
1432 4125 1491 4186 in
1542 4126 1813 4209 epicyclo
1867 4150 1983 4193 non
2035 4130 2372 4211 quiescere,
2441 4132 2550 4193 sed
2608 4129 2842 4194 moveri‘
2878 4133 2939 4194 iu
2987 4150 3101 4218 op—

363 4217 627 4298 positum
675 4215 1010 4278 ecceutrico
1068 4233 1154 4276 sc.
1207 4231 1284 4274 ex
1333 4211 1391 4273 G
1438 4213 1498 4274 iu
1546 4215 1599 4274 F
1642 4222 1817 4278 tanto
1869 4239 2039 4294 arcu,
2108 4225 2367 4298 quantus
2417 4226 2514 4281 est
2558 4217 2699 4292 ΒΟ,
2762 4219 2865 4282 via
2910 4219 3104 4282 centri

370 4306 643 4386 epicycli.
736 4306 889 4368 Esto
930 4303 1068 4383 jam
1118 4311 1185 4364 ut
1212 4302 1279 4362 M
1310 4309 1579 4363 centrum
1616 4305 1947 4386 ‚ecceutrici
1977 4315 2290 4370 moveatur
2337 4315 2398 4370 et
2439 4307 2618 4370 aliter
2647 4307 2885 4391 quidem
2923 4327 3102 4388 quam

374 4395 776 4456 ecceutricus:
826 4400 1150 4456 moveatur
1195 4389 1371 4453 modo
1420 4391 1476 4451 in
1525 4393 1770 4470 plagam
1818 4395 2070 4457 eandem
2117 4396 2176 4456 in
2217 4413 2394 4476 quam
2441 4403 2504 4458 et
2551 4397 2941 4473 ecceutricus,
2991 4397 3104 4458 sed

372 4481 635 4544 velocius
684 4482 821 4558 illo,
869 4491 937 4544 ut
986 4481 1359 4543 ecceutricus
1398 4479 1639 4558 quidem
1688 4483 1968 4562 angulum
2010 4482 2216 4558 QLK,
2268 4492 2544 4548 centrum
2586 4504 2731 4548 vero
2779 4484 3102 4548 ecceutrici

369 4571 653 4650 angulum
698 4571 883 4632 MAL
940 4564 1279 4632 conficiant.
1373 4567 1515 4629 Fiet
1577 4569 1689 4631 hoc
1748 4580 1932 4650 pacto
2002 4580 2072 4635 ut
2117 4573 2303 4635 stella
2366 4573 2441 4635 ab
2487 4573 2541 4634 Ε
2588 4573 2649 4635 iu
2695 4573 2758 4635 K
2811 4574 3102 4636 velociter

370 4661 650 4722 videatur
696 4660 1061 4722 descendere
1126 4676 1239 4720 nec
1295 4654 1581 4718 circulum
1634 4660 1972 4739 perfectum
2033 4661 2356 4723 describat.
2449 4661 2618 4724 Idem
2675 4662 2744 4724 fit
2797 4682 2906 4744 per
2951 4681 3100 4724 con-

308 4743 314 4751 ’
372 4748 699 4810 centricum
755 4767 887 4810 cum
934 4747 1232 4827 epicyclo,
1302 4743 1404 4805 ubi
1463 4747 1880 4810 concentricus
1937 4748 2034 4811 hic
2091 4749 2252 4812 illius
2300 4749 2620 4813 ecceutrici
2681 4759 2910 4814 motum
2956 4770 3098 4814 sus-

370 4838 537 4918 cipit,
588 4836 893 4918 epicyclus
940 4853 1083 4897 vero
1132 4835 1271 4915 sive„
1305 4833 1368 4895 iu
1414 4849 1485 4894 eo
1535 4835 1717 4898 stella
1762 4835 1824 4897 K
1869 4845 2098 4900 motum
2145 4837 2272 4900 illic
2317 4837 2508 4900 centri
2567 4839 2913 4914 ecceutrici,
2982 4859 3098 4901 uu-

370 4926 721 4990 merandum
768 4943 807 4986 a
852 4925 1012 4988 linea
1056 4921 1176 4986 DH
1224 4921 1671 5005 aequidistante
1718 4923 1880 5004 AM,
1940 4932 2008 4990 ut
2050 4925 2232 4989 HDK
2277 4934 2342 4989 et
2384 4925 2571 4991 MAL
2617 4925 2742 4991 siut
2788 4927 3096 5014 aequales.
