3634 5575
1495 374 1827 441 Prooemium!
2110 446 2119 455 ,
2786 396 2793 409 ·
2924 324 3025 457 13ο

283 549 664 631 aphaeresin
743 550 1004 613 eccentri
1073 567 1186 611 non
1257 566 1392 611 esse
1451 548 1888 629 adjungendam
1940 550 2016 611 ad
2072 549 2431 629 παραλλαειν
2484 552 2645 613 orbis
2699 569 2809 631 pro
2859 572 3005 613 arcu

281 639 394 701 illo
447 640 790 720 capiendo,
855 642 1022 719 cujus
1068 641 1234 701 sinus
1279 640 1359 699 sit
1405 639 1696 701 distantia.
1740 639 1995 701 Telluris
2044 660 2080 699 a
2122 650 2351 701 centro.
2443 641 2597 702 Nam
2646 642 2697 702 si
2746 642 3002 714 additur,

281 732 430 791 tota
481 728 1060 809 prosthaphaeresis·
1101 746 1214 790 non
1263 727 1568 789 exhibebit
1607 728 1927 790 maximam
1982 729 2295 807 planetae,
2370 729 2499 791 sive
2554 730 2755 811 potius
2820 731 3001 793 mini-

279 836 456 878 mam
513 818 738 879 Terrae
787 818 1167 890 distantiam,
1217 817 1325 879 sed
1371 816 1567 890 illam,
1615 834 1792 897 quam
1838 817 2018 877 habet
2064 818 2121 877 in
2168 817 2271 879 illo
2320 819 2449 880 loco
2496 827 2659 880 certo
2703 820 3001 882 eccentri-

279 906 538 969 citatis.
633 906 1128 969 Commodissime
1175 905 1356 985 igitur
1401 905 1718 967 maximam
1753 906 2035 985 planetae
2068 906 2419 969 distantiam
2450 908 2717 969 elicimus
2746 927 2821 969 ex
2842 926 3000 988 apo-

277 1012 455 1075 gaea
505 995 1060 1076 prosthaphaeresi.
1155 992 1534 1057 Contrarium
1581 1002 1780 1055 autem
1829 996 1887 1056 in
1917 988 2293 1058 inferioribus
2320 996 2776 1059 observandum.
2843 998 2999 1059 Nam

280 1083 412 1160 illi,
492 1086 636 1147 dum
689 1094 1010 1147 censentur
1053 1084 1112 1145 in
1159 1082 1356 1145 media
1399 1083 1802 1161 longitndine,
1862 1093 2001 1146 suut
2046 1086 2103 1145 in
2154 1082 2402 1163 ἀφηλιφ,
2448 1095 2512 1147 et
2556 1086 2817 1147 vicissim
2864 1088 3002 1147 dum

261 1182 606 1253 ‚apparent
651 1172 710 1234 in
756 1172 1002 1254 ἆπογειφ
1047 1173 1144 1234 vel
1188 1192 1466 1251 ποριγειφ,
1511 1182 1652 1233 sunt
1697 1172 1754 1233 in
1799 1172 1999 1235 media
2042 1172 2356 1235 distantia.
2450 1173 2644 1253 Igitur
2668 1192 2777 1254 pro
2804 1176 3001 1237 media

275 1279 508 1324 eornm
571 1262 867 1325 distantia
929 1282 970 1327 a
1013 1261 1156 1323 Sole
1219 1260 1624 1340 computanda
1685 1260 1959 1323 existimo
2004 1262 2419 1323 conferendam
2466 1263 2801 1342 parallaxiu
2846 1280 2997 1345 apo-

277 1368 524 1430 gaeam
571 1370 705 1413 cum
748 1349 1066 1431 perigaea:
1113 1368 1266 1429 quae
1312 1368 1425 1411 non
1468 1367 1578 1429 per
1621 1349 1993 1413 differentiae
2040 1368 2299 1424 arcuum,
2348 1352 2455 1413 sed
2490 1369 2599 1430 per
2626 1350 2999 1415 differentiae

275 1439 538 1503 sinuum
582 1439 974 1502 bisectionem
1019 1437 1432 1517 investigatur.
1521 1437 1791 1499 Maxima
1852 1446 2053 1501 autem
2118 1439 2412 1503 distantia
2476 1460 2513 1501 a
2556 1437 2701 1503 Sole
2746 1440 2997 1503 habetur

278 1546 361 1590 ex
409 1528 688 1591 maxima
733 1528 1112 1607 elongatione
1131 1547 1153 1602 ;,
1217 1527 1520 1607 elongatio
1561 1528 1859 1603 maxima,
1909 1529 1963 1590 si
2004 1528 2567 1609 prosthaphaeresis
2612 1529 2873 1593 eccentri
2920 1532 2995 1591 ad

275 1618 560 1681 mediam
605 1616 942 1697 parallaxin
989 1617 1150 1679 orbis
1197 1616 1572 1697 adjungatur.
2934 1656 2942 1659 -

474 1706 620 1769 Jam
665 1724 958 1769 summam
1003 1724 1222 1780 eorum,
1271 1724 1422 1786 quae
1469 1705 1728 1785 scriptas
1772 1706 1979 1768 theses
2025 1716 2372 1787 sequuntur,
2421 1706 2787 1787 subjungam.
2856 1709 2995 1770 Mo-

277 1796 412 1859 trix
465 1796 706 1870 anima,
752 1806 822 1857 nt
865 1794 1010 1868 dixi,
1055 1793 1116 1856 in
1163 1793 1326 1857 Sole.
1419 1794 1488 1857 Si
1533 1803 1730 1857 motus
1775 1796 2113 1875 aequalitas
2158 1806 2223 1855 et
2264 1796 2425 1857 idem
2468 1795 2641 1875 vigor
2686 1796 2915 1859 veniret
2960 1818 2997 1859 a

278 1882 438 1947 Sole
486 1886 554 1948 in
601 1903 808 1946 omnes
855 1885 1063 1955 orbes,
1109 1895 1306 1945 tamen
1357 1902 1504 1945 nnus
1552 1884 1670 1945 alio
1717 1886 1947 1946 tardius
1993 1884 2360 1959 circumiret,
2406 1891 2653 1963 propter
2702 1885 2992 1966 insequa-

275 1972 536 2035 litatem
581 1972 861 2035 ambitus.
955 1972 1248 2054 Tempora
1291 1971 1596 2051 periodica
1639 1983 1865 2046 essent,
1914 1983 1976 2037 ut
2016 1974 2238 2035 circuli.
2330 1973 2492 2037 Nam
2522 1974 2830 2056 quantitas
2860 1994 2990 2037 mo-

275 2072 414 2125 tum
463 2062 732 2138 metitur.
827 2060 1052 2123 Circuli
1097 2070 1296 2124 autem
1341 2070 1408 2124 ut
1449 2062 1903 2135 semidiametri,
1950 2062 2182 2124 scilicet
2210 2068 2279 2124 ut
2306 2061 2651 2125 distantiae.
2743 2061 2847 2125 Sic
2895 2066 2989 2125 fa-

275 2151 518 2215 cillime
565 2151 1066 2213 constitueremus
1113 2170 1188 2211 ex
1233 2150 1488 2213 motibus
1537 2151 1750 2213 mediis
1779 2158 1946 2212 certo
1976 2149 2235 2230 cognitis
2280 2151 2509 2213 medias
2539 2152 2723 2213 etiam
2750 2152 2989 2215 distan-

275 2242 430 2302 tias.
535 2239 657 2303 Sed
705 2239 939 2302 accedit
977 2240 1099 2301 alia
1142 2260 1361 2312 cansa,
1421 2256 1572 2319 qnae
1629 2241 1926 2301 tardiores
1974 2240 2159 2302 efficit
2204 2240 2571 2301 remotiores.
2668 2238 2991 2321 capiamus
3074 2276 3079 2281 ·

280 2349 319 2390 a
367 2331 514 2393 luce
559 2328 1050 2409 experimentum.
1138 2328 1300 2390 Nam
1340 2328 1442 2389 lux
1487 2338 1552 2389 et
1577 2339 1775 2390 motus
1805 2329 2005 2409 utique
2035 2341 2105 2390 ut
2154 2328 2379 2407 origine
2426 2330 2514 2389 sic
2544 2329 2727 2391 etiam
2758 2331 2989 2393 actibus

277 2418 633 2500 conjuncti,
697 2428 762 2479 et
819 2418 1026 2480 forsan
1083 2418 1216 2501 ipsa
1273 2418 1372 2477 lux
1418 2417 1754 2479 vehiculum
1800 2425 1997 2479 motus
2044 2425 2159 2478 est.
2251 2416 2445 2497 Igitur
2488 2417 2547 2479 in
2592 2437 2777 2498 parvo
2826 2416 2987 2493 orbe',

282 2517 348 2569 et
406 2508 502 2571 sic
560 2508 746 2569 etiam
799 2508 859 2568 in
912 2524 1098 2586 parvo
1153 2506 1374 2569 circulo
1427 2524 1610 2586 prope
1671 2505 1877 2569 Solem
1923 2514 2157 2569 tantum
2202 2514 2299 2567 est
2344 2505 2530 2580 lucis,
2599 2516 2885 2587 quantum
2929 2508 2987 2571 in

279 2614 514 2677 magno
561 2606 626 2658 et
664 2596 1002 2658 remotiore.
1095 2595 1351 2658 Tenuior
1399 2594 1578 2675 igitur
1625 2595 1726 2657 lux
1769 2596 1829 2657 in
1876 2613 2111 2676 magno,
2162 2595 2219 2655 in
2282 2602 2537 2673 angusto
2580 2596 2903 2659 confertior
2930 2609 2993 2659 et
3102 2664 3113 2675 ,

285 2685 529 2749 sortior.
623 2686 711 2749 At
771 2686 922 2747 haec
987 2684 1274 2747 fortitudo
1340 2702 1568 2747 rursum
1631 2692 1728 2746 est
1772 2685 1831 2746 in
1880 2682 2232 2747 circulorum
2276 2684 2655 2765 proportione
2676 2732 2693 2759 ,
2756 2686 2885 2747 sive
2932 2687 2989 2748 iu

283 2774 735 2840 distantiarum.
829 2772 897 2837 Si
935 2774 1061 2856 jam
1108 2774 1318 2836 eadem
1364 2775 1518 2837 ratio
1564 2782 1760 2838 motus
1807 2782 1903 2836 est
1968 2775 2117 2855 (qua
2162 2772 2403 2854 quidem
2445 2792 2509 2836 re
2554 2773 2700 2836 nihil
2746 2776 2989 2838 concin-

285 2863 424 2928 nius
471 2865 620 2944 fingi
665 2867 922 2945 potest),
972 2871 1254 2944 sequetur
1289 2863 1612 2928 distantias
1660 2864 1754 2925 bis
1805 2865 1999 2927 facere
2048 2864 2126 2925 ad
2164 2871 2361 2925 motus
2408 2863 2759 2926 tarditatem
2816 2864 2990 2928 indu-

284 2955 565 3016 cendam.
662 2951 864 3024 Quare
920 2952 1166 3016 dimidia
1219 2952 1554 3015 differentia
1609 2963 1871 3016 motuum
1927 2953 2175 3014 duorum
2218 2952 2505 3031 adjuncta
2548 2953 2761 3016 minori
2805 2951 2991 3016 motui

286 3043 408 3106 erit
453 3042 752 3106 distantia
797 3041 1167 3105 remotioris:
1215 3050 1410 3103 motus
1457 3041 1588 3122 ipse
1633 3043 1827 3105 minor
1854 3042 1971 3104 erit
1998 3041 2288 3106 distantia
2313 3041 2767 3122 propinquioris.
2834 3043 2991 3106 Vide

287 3133 434 3212 quid
485 3143 774 3213 sequatur
817 3131 879 3193 in
925 3131 1036 3193 hoc
1083 3131 1533 3212 diagrammate.

2020 3273 2096 3323 Ex
2129 3243 2284 3322 motu·
2346 3236 2421 3288 ΕΙ
2454 3237 2632 3288 abab
2698 3269 2767 3322 Di
2768 3271 2994 3324 fferentia

1213 3375 1254 3458 Β
1355 3409 1361 3415 -
2028 3379 2091 3455 ‘24
2136 3376 2263 3443 574
2424 3375 2553 3443 563
2731 3376 2816 3459 -ff-
2868 3376 2941 3442 11

1211 3467 1274 3543 ‘24
1391 3477 1486 3528 est
1539 3464 1743 3543 1000,
1807 3476 1931 3530 tum
2034 3477 2085 3538 d*
2132 3465 2261 3532 274
2422 3465 2552 3532 294
2732 3467 2948 3545 -—‚20

473 3555 542 3619 Si
590 3556 882 3622 distantia
924 3557 1124 3620 media
1213 3564 1264 3626 d
1389 3556 1508 3618 erit
1567 3556 1766 3618 media
1835 3558 1930 3619 di·
1988 3597 1995 3602 -
2036 3560 2087 3632 ὅ
2130 3551 2258 3620 694
2420 3553 2553 3622 658
2732 3555 2817 3638 ·†·
2864 3555 2947 3622 36

1213 3647 1264 3722 ὁ
1537 3646 1768 3708 stantia
2038 3645 2089 3720 Q
2130 3642 2250 3709 761
2423 3643 2551 3710 719
2732 3647 2815 3725 -l-
2860 3645 2947 3712 42

1215 3734 1264 3808 Ω
2036 3735 2080 3813 Q
2125 3731 2253 3800 563
2418 3731 2546 3799 549
2731 3733 2815 3814 -l-
2869 3735 2945 3798 14

469 3840 628 3902 Ecce
677 3859 852 3921 quam
895 3857 1080 3919 prope
1125 3840 1442 3904 veritatem
1494 3840 1770 3902 venerim.
1862 3839 1948 3902 Et
1992 3840 2185 3902 adhuc
2232 3840 2507 3914 dubitas,
2573 3841 2805 3920 quoties
2863 3844 2987 3904 tale

291 3929 434 4007 quid
483 3928 743 4004 incidat,
809 3948 904 3991 me
971 3928 1133 4005 large
1201 3929 1534 3992 lachmmas
1583 3929 1844 3991 fundere.
1938 3929 2095 3992 Nam
2140 3929 2339 3992 hercle
2387 3931 2535 3992 haec
2580 3929 2679 3991 via
2724 3951 2762 3989 a
2804 3930 2985 4009 priori

293 4027 386 4080 est
434 4017 514 4080 ad
557 4027 754 4080 motus
800 4017 1182 4096 corrigendos
1202 4037 1222 4092 ;
1287 4035 1396 4079 nec
1443 4018 1609 4080 nulla
1641 4037 1782 4097 spes
1819 4019 1873 4080 si
1918 4018 2023 4080 alii
2068 4017 2455 4094 annitantur,
2504 4019 2713 4100 quibus
2760 4037 2985 4098 suppe-

290 4113 428 4170 tunt
474 4107 948 4170 observationes.
1041 4106 1110 4168 In
1159 4107 1362 4170 ordine
1399 4107 1580 4168 tertio
1625 4115 1768 4168 sunt
1813 4107 2183 4170 differentiae
2222 4107 2380 4169 inter
2408 4106 2759 4170 distantiam
2786 4127 2989 4170 veram

293 4191 610 4276 Copernici
677 4204 741 4258 et
804 4197 960 4258 inter
1021 4195 1352 4274 conjectam
1399 4213 1474 4258 ex
1519 4204 1700 4258 motu.
1793 4193 1969 4265 Quae
2016 4197 2288 4277 quamvis
2336 4197 2621 4260 immanes
2668 4197 2982 4260 videntur:

291 4291 494 4346 tamen
539 4285 704 4346 inest
747 4285 804 4349 in
851 4285 974 4347 illis
1021 4285 1358 4365 aequalitas
1405 4285 1730 4364 quaedam,
1778 4295 1846 4346 nt
1891 4284 2049 4348 sicut
2092 4285 2277 4348 cubus
2325 4286 2636 4356 octaedro,
2684 4286 2983 4348 dodecac-

295 4373 439 4436 dron
489 4373 798 4436 icosaedro
845 4373 1056 4436 similis
1087 4382 1202 4447 est,
1247 4373 1336 4435 ita
1381 4371 1564 4435 etiam
1613 4373 1985 4436 differentiae
2029 4374 2451 4454 propemodum
2497 4374 2557 4436 in
2605 4372 2647 4452 15
2691 4374 2769 4449 Ἡ,
2823 4373 2872 4449 ῼ
2922 4379 2983 4453 Q,

296 4460 438 4526 item
483 4463 543 4525 in
589 4471 641 4533 (ς
689 4465 761 4540 ὅ,
815 4464 864 4539 ὅ
899 4461 950 4536 ῼ
997 4463 1119 4524 sint
1165 4462 1414 4526 similes.
1506 4460 1740 4524 Deinde
1787 4469 1857 4524 nt
1900 4463 2205 4543 proportio
2241 4462 2399 4525 inter
2434 4463 2494 4537 ‘li
2521 4470 2572 4531 ό·
2602 4471 2701 4524 est
2728 4464 2983 4528 solitarii

295 4553 585 4632 corporis,
634 4571 720 4614 sc.
768 4551 1091 4614 tetraedri:
1157 4552 1244 4613 ita
1287 4551 1585 4632 peculiare
1631 4551 1744 4613 hoc
1790 4550 1976 4615 habet
2013 4551 2347 4615 differentia
2392 4553 2523 4632 eius
2546 4597 2562 4626 ,
2611 4558 2677 4614 ut
2716 4554 2854 4632 plus
2902 4553 2983 4616 sit

295 4637 351 4700 in
399 4637 752 4721 Coperuico,
803 4659 936 4702 cum
979 4639 1080 4702 ille
1117 4641 1179 4703 in
1226 4641 1444 4702 ceteris
1491 4640 1682 4703 minus
1728 4657 1967 4720 semper
2014 4641 2301 4703 obtineat.
2378 4638 2579 4702 Tertio
2610 4641 2708 4721 qui
2734 4642 2981 4722 planeta

295 4729 370 4790 ad
415 4731 781 4810 superiorem
825 4729 1080 4792 vicinum
1123 4728 1366 4810 propius
1401 4729 1694 4802 ascendit,
1742 4745 1979 4809 semper
2024 4729 2209 4791 habet
2245 4729 2539 4810 majorem
2562 4731 2977 4794 differentiam.

300 4815 345 4890 Q
391 4815 497 4886 42.
546 4821 598 4894 ὅ
647 4813 752 4892 36,
803 4821 845 4895 Q
898 4815 996 4894 14,
1042 4819 1102 4894 '²4
1153 4817 1260 4892 11,
1311 4826 1362 4888 d
1406 4815 1492 4882 20
1539 4819 1786 4881 alterius
1832 4818 2073 4899 speciei.
2166 4818 2279 4880 Hic
2316 4819 2447 4898 jam
2492 4819 2783 4884 hacteuus
2829 4823 2976 4884 hae-

295 4923 414 4969 reo.
507 4909 664 4970 Nam
707 4907 1012 4988 piaculare
1060 4907 1356 4984 existimo,
1405 4906 1708 4972 distantiis
1755 4908 1967 4970 mediis
1996 4908 2056 4970 in
2084 4907 2449 4972 correctione
2479 4917 2712 4973 tantum
2740 4911 2979 4986 addere,

3328 5465 3587 5542 l
