3634 5575
543 356 673 424 32⁸
1386 358 1587 409 Litorae
1622 356 1830 423 Ksplosi
1861 354 2165 421 aliorumque
2201 360 2404 407 munuae

714 518 998 579 Excusas
1044 524 1127 591 te,
1174 534 1281 579 cur
1326 516 1473 579 mibi
1516 536 1635 579 uon
1684 516 2055 590 satisfacias,
2103 514 2340 577 interea
2387 516 2596 578 sedulo
2647 537 2684 578 a
2721 532 2816 577 me
2863 514 3074 577 literas
3123 514 3262 575 exi-

542 606 659 686 gis.
752 604 967 680 Scias,
1016 624 1111 667 me
1160 605 1431 685 cogitare
1478 606 1735 684 posthac
1780 612 1846 667 te
1892 604 2132 679 ulcisci,
2182 624 2297 664 non
2345 603 2511 683 prius
2559 604 2921 683 rescribere,
2972 623 3151 684 quam
3197 602 3262 663 iu

546 692 927 775 astrologicis
976 694 1333 779 quibusdam
1381 692 1572 755 literis
1620 692 1771 755 meis
1818 692 2117 772 prioribus
2166 692 2559 754 satisfeceris.

718 782 1010 861 Princeps
1041 781 1283 861 quidam
1310 790 1489 843 natus
1520 790 1618 843 est
1660 778 1851 853 1578,
1899 778 2004 845 25.
2039 780 2177 845 Oct.
2219 782 2276 842 h.
2329 772 2450 861 3¹),
2497 799 2554 860 p.
2589 802 2665 843 m.
2711 780 2818 842 alt.
2850 780 2970 858 poli
3001 768 3244 855 48‘l,·
3245 825 3261 839 .

544 872 717 933 Mars
761 888 871 949 per
918 866 1005 931 3⁰
1050 870 1210 931 ultra
1256 870 1548 933 calculum
1598 870 1795 932 Stadii
1844 879 1908 932 et
1952 869 2266 932 Maestlini
2313 869 2528 933 fuerat.
2623 870 2718 931 De
2764 876 2956 929 morte
2989 864 3261 929 Cardani

544 958 692 1021 nihil
736 957 885 1020 scio.
977 958 1071 1019 De
1119 958 1501 1039 astrologicis
1551 959 1736 1021 etiam
1782 958 1930 1020 nihil
1975 958 2253 1039 posthac,
2303 956 2418 1018 nisi
2463 959 2632 1037 prius
2677 977 2788 1038 per
2833 964 3044 1037 partes
3084 954 3262 1035 judi-

547 1066 671 1123 ces,
719 1046 1004 1126 quidquid
1046 1047 1110 1107 in
1157 1064 1293 1107 mea
1339 1046 1767 1119 dissertatione
1814 1047 2035 1126 probes
2081 1046 2177 1107 vel
2225 1045 2487 1125 rejicias.

618 1144 630 1149 ’
724 1136 825 1197 Ad
890 1134 1210 1218 epistolam
1267 1134 1323 1196 d.
1372 1132 1476 1198 30.
1533 1134 1673 1196 Jan.
1722 1132 1814 1208 (9.
1864 1136 2044 1207 Feb.)
2111 1134 2417 1213 scriptam.
2511 1140 2666 1205 (Vide
2702 1155 2852 1205 supra
2884 1156 2932 1205 p.
2973 1136 3120 1201 328.)

724 1222 844 1285 Pro
891 1222 1420 1285 observationibus
1466 1218 1573 1287 29.
1621 1222 1762 1287 Jan.
1811 1224 2045 1304 gratias
2093 1242 2227 1303 ago.

726 1310 793 1372 In
844 1309 1173 1373 Germania
1234 1312 1371 1391 plus
1438 1312 1705 1392 frigoris,
1775 1313 1917 1392 quia
1971 1313 2122 1373 haec
2176 1309 2419 1391 propior
2485 1308 2738 1389 frigidae
2803 1310 2963 1372 aeris
3002 1310 3262 1389 regioni.

550 1398 861 1463 Maritima
908 1398 1314 1479 profundiora,
1366 1408 1427 1461 et
1472 1399 1601 1480 ipse
1650 1408 1858 1461 aestus
1907 1402 2214 1462 madorem
2263 1400 2469 1474 affert,
2519 1399 2674 1478 quod
2720 1398 2796 1459 D.
2843 1396 3263 1461 cancellarius

548 1491 819 1551 Francus
868 1489 1101 1549 erudite
1148 1488 1397 1549 monuit.
1492 1488 1735 1551 Nivium
1764 1508 1906 1550 vero
1953 1490 2090 1568 plus
2137 1488 2196 1549 in
2231 1486 2581 1563 Germania,
2632 1484 2773 1566 quia
2809 1486 2944 1566 plus
2972 1487 3053 1549 ibi
3083 1506 3262 1549 mon-

550 1578 715 1651 tium,
765 1576 923 1637 unde
968 1576 1120 1637 baec
1166 1576 1423 1639 materia
1469 1577 1735 1639 exhalat.

728 1664 1018 1726 Boreas
1084 1683 1122 1724 a
1168 1644 1580 1726 Groenlandia
1624 1664 1795 1726 venit
1855 1682 1966 1744 per
2020 1663 2281 1725 medium
2330 1680 2618 1724 oceanum
2683 1662 2844 1724 inter
2887 1664 3266 1725 Britanniam

554 1759 619 1815 et
664 1750 1155 1824 Scandinaviam,
1203 1752 1263 1817 h.
1296 1773 1348 1814 e.
1398 1754 1865 1833 Nordwegiam.
1915 1753 2099 1832 igitur
2143 1752 2363 1813 mitior.
2460 1750 2692 1813 Contra
2731 1750 3057 1813 Caeciae
3101 1752 3275 1813 veuit

554 1858 628 1901 ex
680 1840 787 1901 illa
832 1858 1018 1920 prope
1067 1840 1346 1919 regione,
1397 1842 1495 1903 ubi
1560 1842 1835 1904 Drace
1899 1840 2102 1903 media
2149 1848 2386 1902 aestate
2433 1858 2732 1902 summum
2777 1840 3006 1902 invenit
3051 1839 3266 1919 frigus.

552 1928 867 1993 Allabitur
932 1938 1171 1989 ventum
1237 1930 1468 2006 fluxus,
1546 1938 1614 1993 ut
1667 1949 1924 2011 aquam,
1992 1938 2316 2010 propterea
2359 1928 2420 1989 iu
2469 1928 2752 1990 circulum
2800 1928 2966 2003 abit,
3043 1947 3158 1991 uon
3207 1928 3268 1989 in

560 2026 811 2080 rectum.
904 2016 1067 2079 Nam
1112 2016 1375 2097 impetus
1423 2037 1493 2078 eo
1540 2038 1729 2103 usque
1776 2019 1945 2080 illum
1991 2037 2106 2079 non
2153 2024 2367 2098 posset
2412 2016 2678 2097 deferre,
2747 2018 2862 2079 nisi
2907 2019 3102 2081 fluxus
3150 2018 3268 2078 ad-

551 2104 819 2185 juvaret.
912 2104 1154 2168 Ventus
1203 2114 1299 2167 est
1343 2108 1538 2169 fluxus
1587 2106 1765 2176 aeris,
1812 2114 1883 2167 ut
1930 2125 2121 2187 aquae
2153 2106 2370 2167 fluxus.
2445 2104 2812 2184 Principium
2857 2106 3078 2172 fluendi
3119 2105 3272 2167 facit

558 2192 831 2255 ebullitio
880 2213 957 2255 ex
1020 2194 1337 2257 altissimis
1384 2195 1703 2258 montibus.
1809 2194 1912 2257 Ab
1973 2214 2045 2256 eo
2111 2194 2359 2273 fastigio
2425 2194 2683 2256 materia
2745 2194 2970 2273 partim
3029 2194 3269 2272 frigore,

556 2282 783 2361 partim
831 2302 943 2344 sua
989 2282 1293 2361 gravitate
1352 2285 1520 2355 (nam
1568 2290 1673 2344 aer
1719 2282 1778 2344 in
1829 2283 2074 2357 aethere
2122 2280 2326 2363 gravis
2373 2284 2500 2356 est)
2567 2282 2904 2345 devolvitur
2949 2291 3015 2344 et
3057 2284 3118 2344 iu
3165 2302 3274 2343 su-

560 2370 801 2451 perficie
850 2370 1009 2432 aeris
1058 2370 1207 2432 facit
1255 2372 1537 2435 circulum
1586 2370 1771 2435 alium
1819 2392 1894 2433 ex
1941 2372 2080 2444 alio,
2131 2370 2460 2433 latissimos
2504 2372 2862 2447 ultimoS‚et
2907 2370 3268 2433 laxissimos.

738 2456 1063 2521 Genesin
1107 2458 1711 2522 Dietrichstenii
1760 2459 2002 2534 nescim
2051 2459 2291 2525 incivile
2339 2466 2454 2534 est,
2503 2461 2765 2539 petendo
2814 2479 2948 2521 eam
2985 2459 3270 2522 refricare

560 2548 822 2611 dolorem
868 2548 1083 2629 patris.

739 2632 1092 2701 Cometas
1174 2643 1322 2722 puto
1405 2654 1657 2715 corpora
1734 2636 2059 2729 perspicua
2139 2636 2237 2697 vel
2317 2634 2656 2717 pellucida,
2743 2635 2907 2699 intus
2981 2634 3272 2709 materiae
3375 2620 3393 2629 ⁵

562 2724 796 2790 ratione
844 2724 1139 2787 colorata.
1235 2724 1521 2792 Transitu
1568 2716 1773 2804 itaque
1822 2724 2124 2791 radiorum
2155 2722 2321 2787 Solis
2367 2724 2728 2790 colorantur.
2823 2724 2916 2787 De
2966 2723 3078 2785 hoc
3125 2722 3270 2791 nihil

562 2814 791 2876 dubito.
888 2811 1201 2884 Quomodo
1250 2815 1461 2874 aether
1508 2814 1789 2894 limpidus
1837 2814 1946 2874 hos
1995 2813 2225 2876 colores
2271 2813 2591 2892 suscipiat,
2641 2834 2774 2875 cun
2823 2813 2988 2876 Solis
3035 2819 3098 2873 et
3141 2811 3270 2873 Lu-

562 2921 677 2964 nae
724 2900 928 2962 radios
976 2921 1091 2963 non
1142 2901 1461 2981 suscipiat,
1516 2902 1836 2986 plurimum
1883 2901 2145 2981 disputo,
2191 2919 2404 2980 parum
2451 2903 2594 2964 mihi
2639 2913 2871 2965 consto.
2965 2901 3272 2962 Interdum

560 2997 727 3072 puto,
780 2989 1097 3052 materiam
1147 3009 1281 3052 esse
1331 2989 1493 3053 circa
1540 2997 1833 3052 cometam
1881 2997 2005 3052 tam
2055 2989 2178 3052 late
2227 3007 2578 3068 expansam,
2629 3010 2778 3072 quae
2820 2989 3083 3069 excipiat
3117 2989 3272 3050 hanc

564 3078 1056 3152 illustrationem,
1116 3087 1183 3140 ut
1228 3079 1546 3157 pulvisculi
1592 3079 1799 3142 Solem
1849 3079 1906 3140 in
1955 3078 2212 3140 obscura
2257 3098 2535 3153 camera3
2601 3087 2741 3142 tunc
2789 3099 2974 3142 causa
3021 3075 3270 3138 visionis

562 3172 729 3227 esset
757 3166 817 3227 in
846 3167 1201 3228 collectione
1230 3175 1294 3230 et
1328 3167 1829 3247 multiplicatione
1857 3167 2178 3228 radiorum.
2253 3168 2558 3230 Interdum
2602 3168 2744 3229 mihi
2779 3175 2846 3229 et
2879 3166 2976 3228 bic
3005 3166 3273 3238 (aether)

560 3255 693 3333 ipse
739 3253 978 3315 videtur
1023 3256 1381 3316 materiatus
1428 3264 1493 3316 et
1520 3257 1783 3317 colorum
1821 3274 2034 3334 capax,
2083 3256 2442 3336 praesertim
2481 3257 2621 3336 quia
2667 3255 2968 3318 latissima
3013 3255 3140 3334 ejus
3177 3261 3276 3314 est

560 3342 887 3404 illustratio
938 3363 975 3403 a
1020 3351 1291 3419 cometa,
1359 3343 1544 3405 radiis
1584 3343 1747 3406 Solis
1802 3343 2104 3407 refractis.
2198 3344 2362 3405 Tunc
2417 3344 2603 3422 igitur
2657 3344 2906 3417 accidit,
2964 3351 3050 3416 ut,
3117 3343 3274 3423 quod

563 3439 657 3492 est
702 3431 1126 3510 propinquum,
1198 3433 1254 3492 in
1304 3441 1694 3512 conspectum
1748 3451 1866 3494 non
1915 3431 2140 3493 veniat.
2237 3432 2545 3494 Interdum
2609 3443 2785 3512 puto,
2861 3432 3116 3494 caudam
3163 3449 3270 3492 co-

560 3527 759 3580 metae
806 3521 1148 3599 pertingere
1166 3519 1352 3582 ‘infra
1398 3522 1651 3594 Lunam,
1703 3529 1765 3582 et
1811 3521 1967 3582 hanc
2014 3539 2257 3582 causam
2306 3521 2821 3600 esseapparentis
2868 3521 3098 3582 caudae
3127 3537 3273 3600 pro-

556 3607 857 3688 jectionis,
908 3617 971 3670 et
1016 3608 1203 3671 radiis
1248 3609 1413 3671 illius
1460 3609 1711 3670 colorari
1760 3609 2076 3672 materiam
2122 3611 2350 3670 aeriam
2397 3611 2776 3672 crassiorem.
2871 3608 3269 3670 Dilatationis

562 3715 751 3758 causa
813 3697 979 3758 venit
1042 3717 1117 3758 ex
1182 3697 1417 3776 legibus
1481 3697 1733 3776 opticis,
1801 3699 2209 3777 refringantur
2265 3699 2422 3758 radii
2483 3701 2559 3760 ad
2605 3698 3125 3778 perpendiculum,
3187 3705 3272 3769 et,

562 3785 833 3847 sectione
882 3783 1064 3859 faeta,
1114 3793 1435 3847 transeunt
1480 3786 1541 3846 in
1589 3785 1930 3864 oppositam
1977 3796 2229 3864 partem.

738 3872 833 3940 De
882 3872 1401 3934 incurvatione
1450 3873 1591 3954 quid
1640 3891 1755 3934 ιιοιι
1803 3874 1904 3946 sit,
1955 3875 2152 3935 dicere
2199 3892 2462 3953 possum,
2515 3881 2582 3934 at
2627 3892 2743 3934 uon
2779 3873 2918 3954 quid
2958 3873 3056 3934 sit.
3133 3873 3271 3935 Non

563 3967 663 4022 est
705 3961 1056 4039 parallaxiS,
1107 3969 1176 4022 ut
1223 3961 1427 4042 Tycho
1472 3961 1748 4041 putavit3
1796 3981 1937 4023 nam
1982 3962 2315 4040 parallaxis
2366 3981 2440 4024 ex
2489 3962 2672 4023 rectis
2720 3981 2835 4023 non
2884 3969 3093 4040 potest
3131 3961 3272 4021 red-

564 4049 704 4110 dere
752 4067 955 4110 curva.
1048 4047 1185 4110 Non
1232 4058 1333 4112 est
1376 4058 1445 4111 ut
1490 4051 1699 4112 Lunae
1746 4049 2132 4121 illuminatio,
2201 4069 2354 4130 quae
2401 4069 2542 4111 vere
2611 4059 2706 4111 est
2770 4069 2954 4112 curva
3015 4050 3276 4112 circula-

560 4137 728 4199 riter.
823 4137 915 4199 Tu
962 4135 1013 4195 si
1060 4155 1154 4198 me
1200 4138 1591 4209 refutaveris,
1643 4157 1757 4199 non
1809 4157 1904 4199 me
1951 4140 2238 4200 offendes.
2335 4137 2786 4201 obscurissima
2833 4147 2930 4200 est
2977 4139 3271 4219 quaestio.

560 4226 691 4288 Nee
738 4243 852 4302 ego
896 4225 1099 4307 plures
1147 4225 1269 4286 vidi
1318 4245 1459 4288 uno
1508 4227 1647 4288 anui
1700 4223 1868 4291 1596
1915 4227 2261 4290 Novembri.
2357 4235 2510 4298 (Vide
2545 4237 2714 4286 Prodi·-
2762 4251 2810 4299 p.
2854 4233 3000 4296 196.)

704 4312 1044 4362 Fabricius
1084 4307 1424 4377 [d.1.(¹1.‘)
1450 4309 1649 4378 Febr-J:
1712 4314 1894 4366 Scribis
1931 4315 1992 4365 de
2028 4321 2192 4366 terrae
2227 4320 2366 4366 notu
2401 4317 2450 4364 in
2490 4315 2652 4371 Rheni
2687 4321 2854 4366 tractu
2892 4313 2962 4378 (v.
2989 4331 3028 4365 s.
3055 4333 3106 4380 p.
3127 4311 3274 4376 313).

562 4382 716 4446 capio
768 4391 959 4446 tempus
1012 4397 1326 4450 cognoscere.
1400 4384 1536 4436 Nihil
1583 4399 1672 4436 uos
1707 4385 1789 4436 hic
1827 4387 2068 4436 sensimus
2107 4384 2195 4437 διο.
2273 4385 2382 4454 Ego
2420 4401 2481 4436 ex
2517 4387 2662 4436 ruina
2711 4387 2866 4450 partis
2905 4388 3113 4449 alicujus
3147 4388 3274 4440 inte-

560 4455 699 4513 rioris
737 4453 1003 4511 dissolutae
1039 4456 1090 4504 in
1128 4456 1468 4518 subjacentem
1507 4457 1781 4508 cavitatem
1806 4458 2087 4510 inferiorem
2125 4464 2287 4507 terrae
2324 4463 2486 4506 motus
2524 4458 2733 4508 existere
2757 4464 2894 4520 puto.
2969 4457 3110 4508 Sicut
3147 4458 3276 4510 enim

560 4537 713 4587 supra
746 4531 928 4574 terram
964 4532 1079 4575 suut
1114 4533 1324 4584 montes,
1364 4528 1439 4575 ita
1472 4526 1608 4576 haud
1645 4527 1789 4576 dubie
1826 4528 1878 4575 in
1915 4533 2053 4578 terra
2087 4541 2331 4578 cavernae
2369 4527 2717 4590 amplissimae,
2757 4529 2897 4594 quasi
2937 4535 3108 4584 antra,
3145 4543 3274 4596 quae

562 4595 913 4646 combustibilis
938 4598 1166 4657 materia,
1204 4597 1283 4647 vel
1318 4597 1509 4661 liquida
1544 4597 1841 4656 substantia,
1878 4597 1958 4647 vel
1994 4599 2151 4648 simile
2189 4599 2305 4664 quid
2341 4598 2528 4662 implet.

738 4667 968 4748 Keple
985 4686 1145 4729 rus
1222 4669 1297 4728 ad
1355 4667 1619 4747 prolixas
1679 4669 1817 4729 illas
1879 4670 1930 4730 Ι.
1979 4670 2155 4730 Febr.
2208 4671 2405 4732 datas.
2485 4669 2744 4746 Tempus
2807 4677 3006 4730 terrae
3077 4677 3275 4732 motus

565 4755 805 4833 quaeris
836 4755 1055 4816 rectius
1086 4777 1162 4818 ex
1190 4755 1582 4818 relationibus
1612 4755 1705 4817 hi.
1715 4757 1939 4820 toriciS.
1998 4757 2260 4819 Videtur
2295 4755 2394 4820 15.
2429 4756 2598 4837 Sept.
2631 4757 2815 4819 fuisse
2847 4777 3002 4820 anuo
3041 4753 3228 4820 1601.

741 4841 979 4921 Negas,
1048 4845 1273 4908 moveri
1318 4853 1542 4907 terram
1587 4855 1888 4921 vestram,
1957 4846 2274 4908 confirmat
2329 4854 2390 4909 te
2440 4843 2623 4910 Corn.
2675 4844 2949 4910 Gemma.
3041 4846 3274 4910 Exem-
