3634 5575
32 1148 34 1159 -
32 1094 34 1107 -
31 1022 36 1035 ν
31 814 40 965 -α--νν-

655 390 700 458 ’4
1359 442 1366 448 .
1852 392 2171 441 Prooemium.

657 553 1010 615 distantiam
1036 551 1208 615 Jovis
1239 560 1303 614 et
1329 552 1569 627 Martis,
1619 553 1977 633 quadratum
2006 552 2113 614 διο.
2156 550 2440 613 adhibere
2478 556 2749 621 conatus,
2786 566 2920 611 cum
2960 566 3075 611 non
3113 547 3356 609 meliore

655 678 938 722 successu
985 660 1306 740 gauderet,
1353 661 1428 721 ad
1476 658 1853 740 regularia
1897 657 2344 738 geometrica
2390 674 2727 735 corpora,
2786 664 2851 716 ut
2896 654 3356 733 globis-(neque

653 783 830 840 vero,
899 764 1056 847 quod
1111 765 1238 843 ipse
1284 750 1568 845 expresse
1615 763 1908 835 cavebat,
1977 762 2237 826 realibus
2296 782 2399 824 seu
2460 761 2899 835 materialibus,
2966 761 3173 843 quales
3228 754 3355 821 tum

653 872 938 952 temporis
993 872 1165 935 multi
1227 871 1602 951 fingebant),
1671 870 1882 953 quibus
1936 869 2417 949 circumscriptos
2472 868 2751 949 planetas
2806 866 3030 929 moveri
3076 864 3351 945 putabat,

651 978 843 1058 magis
889 996 1171 1058 congrua,
1219 996 1396 1058 quam
1441 977 1664 1057 figurae
1700 976 1921 1058 planae
1958 984 2116 1050 sunt,
2166 994 2510 1050 conversus,
2560 992 2703 1037 vera
2749 973 2861 1035 sibi
2908 973 3131 1035 vidisse
3178 971 3351 1033 vide-

646 1084 850 1159 batur,
900 1086 1260 1164 inventaque
1303 1084 1628 1147 Prodromo
1676 1084 1943 1165 pluribus
1990 1102 2267 1145 enarrare
2316 1090 2379 1143 et
2424 1080 2834 1144 demonstrare
2882 1087 3149 1141 conatur.

821 1192 1037 1273 Itaque
1081 1190 1331 1271 primum
1381 1193 1541 1273 (cap.
1575 1192 1642 1265 1)
1689 1176 1915 1273 quibus
1947 1190 2148 1254 causis
2194 1190 2487 1252 adductus
2536 1185 3011 1267 Copernicanam
3058 1184 3352 1248 rationem

647 1297 958 1375 amplexus
995 1296 1097 1369 sit,
1137 1303 1412 1371 enarrat;
1461 1296 1675 1359 deinde
1715 1297 1878 1376 (cap.
1910 1294 1983 1371 2)
2021 1295 2117 1371 iis,
2157 1313 2309 1376 quae
2348 1296 2475 1375 ipse
2512 1294 2824 1368 invenerit,
2874 1301 3157 1373 tanquam
3196 1308 3351 1351 novo

645 1401 1002 1465 adminiculo
1048 1403 1346 1466 rationem
1393 1402 1558 1465 illam
1605 1402 1798 1465 fulciri
1840 1403 2070 1477 credit3
2118 1409 2243 1465 tum
2283 1375 2446 1479 (cap.
2478 1396 2729 1475 3—17)
2777 1418 3029 1479 corpora
3064 1418 3175 1461 sua
3208 1398 3347 1477 pla·

643 1516 914 1570 netarum
961 1508 1201 1572 orbibus
1248 1508 1697 1572 accommodare
1741 1511 1975 1582 studet,
2024 1527 2133 1571 nec
2180 1526 2329 1581 non,
2378 1526 2528 1588 quae
2575 1508 2649 1569 de
2697 1505 2958 1567 numeris
3010 1524 3123 1567 non
3170 1504 3349 1584 plane

643 1632 752 1675 nec
796 1614 853 1675 in
903 1615 1174 1677 omnibus
1221 1616 1480 1696 planetis
1521 1634 1767 1697 prorsus
1805 1615 2266 1697 congruentibus
2297 1614 2674 1694 objiciuntur,
2724 1612 3047 1691 explanare
3094 1619 3201 1673 aut
3244 1630 3347 1672 re-

637 1718 878 1793 fellere3
941 1736 1157 1782 novam
1212 1700 1454 1801 insuper
1499 1731 1563 1782 et
1606 1721 1722 1789 huc
1767 1739 1953 1802 usque
2000 1720 2291 1783 intactam
2338 1721 2642 1799 ingressus
2698 1718 2893 1790 viam,
2952 1716 3089 1780 loca
3130 1716 3344 1797 plane·
3418 1791 3429 1799 -

636 1812 832 1887 tarum
878 1822 1096 1905 Capite
1141 1825 1297 1899 XV,
1343 1846 1458 1888 non
1507 1827 1586 1889 ad
1630 1828 1919 1903 medinm,
1970 1828 2078 1890 sed
2128 1828 2205 1889 ad
2254 1836 2641 1909 apparentem
2688 1824 2850 1887 Solis
2903 1802 3092 1887 focum
3136 1824 3345 1886 refert.

635 1930 949 1993 Postremo
998 1934 1160 2013 (cap.
1217 1930 1502 2009 18—21)
1550 1952 1781 1997 errores
1838 1936 1917 1997 ab
1972 1935 2332 1999 astronomis
2378 1936 2437 1995 in
2486 1932 2877 1995 observandis
2925 1932 3183 2012 planetis
3232 1930 3347 1991 ad-

635 2038 851 2102 missos
897 2058 1216 2103 recensens
1265 2048 1328 2103 et
1373 2041 1740 2123 dijudicans,
1805 2060 1990 2122 opera
2036 2051 2099 2104 et
2142 2042 2392 2105 consilio
2438 2038 2819 2104 Maestlini
2867 2056 3229 2118 magnopere
3276 2056 3345 2097 se

635 2143 906 2224 adjutum
955 2164 1090 2208 esse
1137 2154 1311 2228 grato
1360 2148 1555 2211 animo
1591 2148 1936 2229 profitetur3
1986 2168 2320 2231 quanquam
2349 2148 2604 2229 posthac
2644 2146 2799 2221 illas,
2850 2163 3002 2225 quae
3046 2143 3342 2206 videban-

637 2262 758 2323 tur,
821 2252 1270 2317 emendationes
1325 2256 1584 2318 numeris
1639 2275 1672 2317 e
1731 2256 2105 2339 regularibus
2150 2256 2495 2337 corporibus
2544 2254 2833 2315 desumtis
2878 2254 2967 2315 ita
3010 2259 3341 2313 retractat:

636 2368 918 2435 „ceterae
965 2360 1292 2423 errantium
1341 2380 1712 2425 numerorum
1759 2364 1837 2426 ad
1886 2364 2203 2426 veritatem
2252 2361 2595 2437 allusiones,
2650 2379 2799 2441 quas
2844 2357 3073 2440 passim
3120 2356 3340 2436 allego,

637 2464 922 2527 fortuitae
957 2474 1115 2541 sunt,
1165 2485 1278 2529 nec
1305 2468 1541 2547 dignae,
1592 2488 1743 2549 quae
1771 2470 2186 2543 excutiantnr;
2226 2467 2525 2550 jucundae
2574 2476 2773 2527 tamen
2822 2465 2961 2527 mibi
3009 2462 3339 2543 recognitu,

635 2570 774 2650 quia
817 2580 1087 2647 monent,
1148 2573 1360 2653 quibus
1407 2575 1776 2650 maeandris,
1840 2595 2083 2656 quorum
2127 2576 2421 2656 parietum
2466 2573 2840 2654 palpatione,
2897 2590 3005 2651 per
3059 2569 3341 2632 tenebras

633 2677 1034 2757 ignorantiae,
1086 2678 1164 2739 ad
1209 2679 1565 2759 pellucidum
1612 2681 1833 2743 ostium
1882 2681 2161 2743 veritatis
2207 2681 2609 2743 devenerim.“
2704 2679 2898 2751 (Nota
2944 2677 3021 2739 ad
3069 2694 3201 2757 cap.
3252 2673 3329 2739 21

633 2783 982 2864 posterioris
1031 2784 1372 2859 editionis.)
1455 2786 1705 2850 Duobus
1750 2787 2047 2870 supremis
2092 2789 2389 2870 capitibus
2436 2782 2575 2860 (22.
2623 2782 2765 2859 23.)
2825 2786 2897 2847 de
2959 2785 3339 2864 planetarum

635 2897 897 2954 motuum
942 2892 1161 2966 causis,
1212 2892 1285 2953 de
1333 2893 1504 2956 initio
1551 2901 1616 2956 et
1660 2895 1774 2958 fine
1822 2895 2023 2958 mundi
2070 2863 2401 2977 disputanS,
2452 2912 2601 2974 opus
2650 2911 2821 2954 suum
2868 2893 3017 2956 finit.

809 2995 934 3059 Sed
979 3015 1158 3078 quum
1203 2999 1519 3062 maximam
1563 3007 1798 3080 partem
1836 3002 1932 3065 hic
1979 3003 2219 3066 libellus
2271 3009 2533 3083 exponat
2570 3003 2825 3082 quinque
2863 2999 3161 3080 regularia
3194 3016 3335 3060 cor-

633 3121 810 3184 pora,
855 3103 1006 3166 haec
1051 3103 1314 3167 habeto:

810 3208 1072 3274 Veteres
1110 3211 1230 3274 illis
1269 3211 1613 3292 corporibus
1647 3214 1963 3294 plurimum
1996 3213 2364 3277 tribuebant.
2437 3211 2845 3296 Pythagoraei
2876 3211 3114 3292 quidem
3140 3229 3338 3274 rerum

635 3316 893 3380 omnium
939 3317 1240 3380 elementa
1284 3318 1406 3381 illis
1461 3320 1752 3382 contineri
1809 3320 2189 3395 statuebant,
2250 3318 2623 3382 dodecaedro
2678 3335 2873 3380 rerum
2920 3314 3337 3378 universitatis

633 3423 952 3504 imaginem
996 3423 1241 3500 referri,
1290 3425 1598 3489 tetraedro
1641 3426 1875 3508 ignem,
1924 3425 2075 3490 cubo
2112 3435 2363 3502 terram,
2414 3425 2699 3488 octaedro
2746 3429 2976 3499 aerem,
3023 3422 3335 3485 ioosaedro

631 3547 847 3609 aquam
896 3529 1218 3611 significari
1265 3531 1556 3596 dicentes.
1625 3534 1770 3598 Illos
1806 3535 2210 3616 sequebantur
2247 3533 2467 3596 similia
2502 3530 2869 3595 somniantes
2914 3529 3149 3613 mystici
3193 3527 3335 3611 phi-

633 3636 864 3716 losophi
912 3638 1112 3700 seculo
1149 3637 1274 3701 XV
1319 3647 1382 3700 et·
1419 3638 1611 3702 XVI:
1659 3641 1872 3722 quibus
1920 3641 2131 3703 iisdem
2176 3641 2249 3702 de
2296 3641 2473 3704 rebus
2520 3640 2703 3702 etiam
2748 3637 3081 3720 posteriore
3128 3644 3335 3698 aetate

629 3743 866 3824 Anglus
912 3743 1013 3807 ille
1055 3743 1358 3808 Robertus
1404 3746 1478 3808 de
1515 3746 1827 3808 Fluctibus
1874 3765 2009 3808 cum
2046 3745 2309 3825 Keplero
2356 3745 2412 3807 in
2460 3744 2649 3806 rixam
2698 3743 2881 3806 venit.
2954 3745 3026 3806 In
3062 3741 3331 3806 Euclidis

629 3851 942 3914 elementis
979 3850 1114 3912 libri
1145 3848 1316 3926 XIII,
1363 3851 1534 3928 XIV,
1575 3851 1720 3927 XV,
1769 3871 1883 3914 non
1924 3853 2037 3915 nisi
2075 3852 2373 3930 regularia
2410 3870 2659 3933 corpora
2704 3859 3026 3931 exponunt,
3072 3849 3147 3910 de
3196 3848 3329 3929 qui-

629 3957 740 4020 bus
778 3975 929 4039 quae
967 3957 1146 4018 affert
1177 3955 1494 4038 Keplerus,
1542 3957 1665 4020 illis
1711 3958 1880 4020 libris
1918 3957 2124 4020 innixa
2159 3958 2524 4038 geometrica
2569 3957 2801 4020 ratione
2849 3957 2926 4018 ab
2973 3955 3090 4018 illis
3138 3955 3328 4018 dedu-

627 4069 858 4126 cuntur.
919 4095 999 4104 —
1059 4059 1346 4126 Calculus
1399 4063 1919 4144 trigonometricus
1976 4065 2135 4127 haud
2189 4065 2389 4149 inepte
2446 4065 2558 4127 boc
2620 4065 2749 4126 loco
2808 4063 3199 4136 adhibeatur,
3266 4073 3333 4122 ut
3408 4061 3415 4064 ’

627 4167 828 4248 posita
871 4187 912 4230 a
955 4167 1218 4249 Keplero
1265 4171 1570 4233 sententia
1624 4171 1993 4235 examinetur
2046 4180 2110 4235 et
2164 4171 2377 4234 calculi
2433 4172 2591 4234 ratio
2646 4170 2878 4233 facilius
2934 4178 3333 4250 cognoscatur

629 4274 705 4335 ab
751 4273 855 4350 iis,
905 4273 1116 4354 quibus
1161 4273 1473 4340 Euclidica
1518 4277 1671 4342 ratio
1718 4278 1938 4354 minus,
1988 4297 2163 4359 quam
2207 4277 2315 4341 illa
2356 4277 2417 4340 in
2464 4297 2573 4340 usn
2618 4285 2734 4339 est.

805 4380 906 4443 Ad
950 4380 1337 4446 inveniendos
1383 4383 1584 4447 radios
1633 4385 1718 4460 (r,
1771 4383 1860 4459 R)
1908 4384 2216 4466 globorum
2260 4385 2418 4447 intra
2464 4393 2526 4446 et
2570 4383 2789 4446 circum
2836 4401 3086 4462 corpora
3131 4381 3325 4461 scrip·
3376 4409 3411 4438 -ι

630 4497 821 4548 torum
868 4505 1016 4566 opus
1063 4495 1160 4550 est
1203 4489 1459 4569 cognitis
1507 4491 1742 4570 angulis
1787 4493 2235 4555 inclinationum
2282 4494 2612 4572 planorum.
2702 4490 2803 4552 Illi
2849 4497 3049 4551 autem
3096 4488 3183 4552 ita
3228 4489 3327 4550 in-

629 4592 960 4656 veniuntur.
1055 4593 1124 4658 Si
1169 4613 1245 4658 ex
1290 4597 1515 4659 vertice
1563 4599 1764 4678 anguli
1808 4599 1984 4660 solidi
2041 4599 2403 4680 descriptum
2458 4597 2820 4678 cogitaveris
2876 4615 3109 4678 quoquo
3158 4596 3327 4659 radio

630 4700 891 4780 globum,
931 4700 1025 4792 bic
1052 4701 1250 4781 planis
1280 4705 1481 4784 anguli
1509 4684 1682 4766 solidi
1715 4715 1971 4781 secatur,
2010 4705 2225 4769 deinde
2265 4704 2639 4768 describatur
2664 4702 3037 4785 sphaericum
3064 4705 3321 4786 polygo-

498 4805 508 4814 '
631 4827 768 4870 num
798 4809 1163 4887 respondens
1195 4811 1411 4892 angulo
1450 4811 1660 4888 solido,
1702 4813 1866 4892 cujus
1904 4813 2101 4874 latera
2138 4813 2252 4875 sibi
2282 4821 2423 4874 sunt
2462 4809 2755 4891 aequalia,
2793 4811 3129 4894 angulique,
3176 4809 3321 4876 item
