3634 5575
1335 405 1654 471 Astrologlae
1688 405 1994 459 certioribus.
2108 417 2111 422 ·
2729 465 2737 473 .
2892 403 3023 476 421
3070 329 3076 336 1

291 566 466 631 tiore
511 583 630 628 non
677 562 1080 639 sufficientes,
1124 569 1192 628 et
1234 570 1306 628 ut
1347 564 1664 644 plurimum
1709 563 2134 646 imaginarias,
2181 583 2373 633 vanas
2418 572 2485 629 et
2528 565 2721 630 falsas
2742 613 2759 641 ,
2804 565 3029 648 partim

293 655 562 736 denique
609 653 850 717 omnino
895 655 1126 726 nullas,
1172 654 1586 716 enthusiasmo
1631 655 1930 716 calamum
1974 653 2427 732 permittentes;
2484 673 2601 736 quo
2656 653 2923 735 abrepti,
2970 654 3027 720 si
3117 682 3137 705 ι

291 761 515 806 verum
562 743 864 806 interdum
907 743 1153 818 dicant,
1203 743 1480 804 fortunae
1527 742 1911 805 tribuendum
1956 750 2085 817 est,
2149 742 2241 804 sin
2287 744 2533 824 saepius
2604 750 2671 806 et
2721 751 2791 804 ut
2831 744 3025 824 pluri·-

291 851 488 908 mum,
539 832 617 896 ab
665 831 867 894 altiori
915 837 980 894 et
1029 831 1264 895 occulto
1309 831 1512 911 aliquo
1557 830 1849 894 instinctu
1892 831 1955 894 id
2000 787 2295 910 pr’oficisci
2338 833 2671 940 putandum
2715 839 2832 896 est.

1452 917 1716 982 Thesis
1759 919 1877 981 IV.

483 1007 788 1090 Physicae
847 1025 1068 1070 causae
1131 1005 1370 1088 aliquae
1426 1008 1506 1070 ab
1551 1007 1825 1070 omnibus
1872 1015 2305 1088 agnoscuntur,
2355 1008 2590 1090 aliquae
2640 1029 2679 1070 a
2720 1008 3023 1090 paucissi-

289 1096 452 1161 mis:
499 1099 696 1160 multa
741 1115 976 1178 quoque
1023 1095 1297 1158 existunt
1339 1097 1700 1160 naturaliter
1743 1095 1985 1177 quidem
2005 1144 2021 1173 ,
2090 1098 2201 1159 sed
2254 1116 2332 1160 ex
2390 1097 2592 1160 causis
2636 1098 2783 1162 nulli
2828 1099 3025 1160 adhuc

289 1187 610 1250 hominum
655 1185 936 1266 cognitis.
1025 1185 1112 1248 Et
1155 1203 1474 1248 causarum
1522 1181 1672 1266 qu'as
1717 1190 1898 1248 notas
1942 1185 2233 1248 habemus
2254 1235 2271 1262 ,
2322 1185 2480 1250 aliae
2533 1193 2713 1262 sunt,
2774 1205 3025 1268 quarum

293 1277 548 1340 modum
595 1283 658 1338 et
704 1275 1002 1338 rationem
1047 1274 1440 1336 communiter
1487 1291 1692 1336 omnes
1749 1273 2139 1354 intelligimus
2154 1295 2174 1351 ;
2231 1275 2420 1348 aliae,
2481 1293 2731 1357 quarum
2784 1277 3027 1340 modum

299 1383 422 1428 seu
467 1383 690 1428 causas
733 1363 1072 1426 mediantes
1116 1363 1215 1424 vel
1259 1362 1608 1444 paucissimi
1651 1362 2015 1442 intelligunt,
2062 1365 2161 1426 vel
2206 1383 2402 1426 nemo.

1458 1452 1730 1514 Thesis
1775 1452 1859 1516 V.

487 1538 984 1629 Generalissima,
1035 1541 1366 1604 fortissima
1409 1547 1476 1602 et
1517 1540 1859 1602 certissima
1902 1559 2111 1615 causa,
2156 1547 2309 1602 nota
2352 1542 2627 1604 omnibus
2666 1539 3023 1616 hominibus,

298 1637 406 1694 est
449 1629 654 1694 Solis
702 1647 986 1692 accessus
1031 1636 1098 1692 et
1141 1647 1436 1692 recessus.
1527 1629 1594 1691 Is
1657 1628 1863 1710 itaque
1928 1628 2088 1692 circa
2140 1630 2425 1692 natalitia
2472 1627 2703 1694 Christi
2749 1628 3025 1692 brumam

299 1719 564 1794 conficit,
613 1717 708 1782 die
755 1717 1039 1780 videlicet
1085 1714 1190 1780 21.
1221 1717 1593 1793 Decembris,
1641 1718 1824 1797 paulo
1872 1723 2014 1780 aute
2060 1725 2297 1780 sextam
2338 1717 2844 1799 pomeridianam.-
2891 1717 3021 1778 sol-

297 1808 534 1872 stitium
579 1825 722 1870 vero
767 1807 864 1870 die
911 1804 1020 1870 21.
1065 1805 1232 1870 Junii
1271 1805 1526 1890 'dimidia
1571 1805 1889 1868 undecima
1934 1807 2149 1870 noctis.
2217 1807 2352 1872 Illic
2398 1809 2605 1888 itaque
2650 1804 2843 1884 frigus
2868 1806 3021 1890 hye-

295 1898 502 1968 male..
525 1894 622 1960 hic
667 1896 869 1958 fervor
913 1894 1183 1958 aestivus
1229 1893 1366 1958 erit.

1451 1982 1554 2044 Th
1569 1981 1720 2044 esis
1765 1983 1884 2044 VI.

477 2071 698 2135 Modus
741 2089 964 2134 causae
1007 2077 1186 2152 patet
1230 2091 1308 2133 ex
1351 2069 1760 2152 sequentibus.
1852 2071 2091 2150 Pragae
2154 2070 2555 2133 Bohemorum
2610 2077 2709 2132 est
2762 2068 3023 2133 altitudo

301 2161 428 2242 poli
477 2159 566 2224 50
611 2158 692 2222 G.
741 2157 805 2222 5⁴
851 2156 1006 2223 45¹¹.
1097 2157 1442 2222 Declinatio
1507 2176 1652 2221 vero
1711 2157 2029 2237 eclipticae
2076 2159 2191 2221 hoc
2236 2159 2441 2222 seculo
2487 2155 2572 2222 23
2618 2156 2697 2221 G.
2748 2155 2856 2222 31⁴
2894 2155 3026 2223 30¹⁴

303 2257 374 2313 ut
429 2267 560 2312 eam
618 2247 1016 2328 deprehendit
1065 2237 1330 2326 phoenix
1391 2247 1497 2311 ille
1543 2253 2020 2310 astronomorum
2066 2247 2271 2328 Tycho
2316 2248 2555 2322 Brahe3
2616 2265 2787 2328 quem
2834 2265 3024 2328 nuper

304 2338 630 2400 amisimus.
694 2339 912 2416 Itaque
953 2333 1082 2408 Sol,
1117 2337 1214 2416 qui
1261 2335 1436 2398 nobis
1484 2343 1696 2398 auctor
1741 2334 1963 2398 caloris
2010 2343 2123 2410 est,
2172 2336 2387 2419 hyeme
2433 2355 2551 2398 nou
2597 2336 2801 2415 plures
2846 2355 3024 2416 quam

305 2425 344 2490 7
391 2427 574 2489 horas
630 2433 696 2488 et
760 2420 848 2489 49
915 2426 1198 2504 scrupula
1275 2443 1462 2504 supra
1523 2423 1897 2486 horizontem
1967 2423 2166 2499 lucet,
2234 2431 2301 2486 et
2362 2425 2453 2486 sic
2516 2424 2685 2488 brevi
2750 2432 3021 2505 tempore

299 2523 575 2579 nostrum
621 2520 822 2577 aerem
869 2513 1133 2588 calfacit,
1185 2513 1364 2594 duplo
1413 2531 1556 2575 vero
1584 2512 1810 2574 diutius
1849 2519 1915 2574 et
1941 2512 2197 2592 amplius
2226 2513 2387 2576 iufra
2414 2513 2789 2576 horizontem
2822 2513 3023 2576 lateus

253 2665 282 2678 ,
303 2625 342 2668 a
387 2603 746 2667 calfactioue
792 2608 1016 2664 cessat.
1111 2600 1344 2665 Contra
1405 2619 1552 2663 vero
1608 2608 1849 2664 aestate
1902 2597 1983 2664 16
2028 2601 2299 2682 integras
2346 2602 2529 2664 horas
2584 2609 2649 2664 et
2714 2600 2801 2666 22
2846 2621 3023 2665 scru-

299 2693 446 2775 pula
488 2709 674 2772 supra
717 2691 1088 2755 horizontem
1135 2690 1196 2752 iu
1243 2689 1638 2754 calfactione
1649 2689 1948 2771 persistit,
1996 2689 2307 2772 minusque
2352 2690 2597 2754 dimidio
2638 2699 2909 2774 tempore
2946 2691 3023 2756 ab

301 2781 652 2864 operatione
699 2785 924 2844 cessat.
2779 2847 2786 2852 ,

1421 2866 1692 2929 Thesis
1740 2867 1885 2931 VII.
2676 2893 2697 2931 ο

481 2958 612 3021 Aer
656 2964 860 3021 autem
905 2964 1145 3032 noster,
1207 2962 1278 3017 ut
1322 2962 1386 3017 et
1431 2974 1591 3037 aqua
1635 2964 1700 3019 et
1743 2962 1913 3019 terra
1959 2957 2285 3037 (quatenus
2330 2955 2691 3019 elementum
2734 2960 2861 3034 est)
2908 2957 3027 3020 uisi

304 3047 586 3111 continuo
631 3048 912 3120 calfiant,
957 3046 1168 3109 statim
1215 3045 1294 3107 ad
1338 3053 1620 3108 naturam
1665 3064 1841 3108 suam
1884 3046 2171 3123 redeunt,
2220 3052 2287 3107 ct
2332 3042 2686 3125 frigescunt.
2776 3046 3027 3110 Falsum

303 3136 462 3201 enim
505 3142 606 3199 est
647 3136 794 3198 illud
839 3133 1232 3199 Aristotelis:
1282 3134 1464 3196 Aeris
1513 3128 1794 3198 natura‘m
1836 3152 1948 3213 per
1992 3154 2061 3197 se
2106 3152 2245 3197 esse
2290 3134 2573 3198 calidam.
2955 3165 2962 3172 ·

852 3260 860 3273 -
1408 3222 1510 3284 Th
1527 3242 1560 3283 e
1577 3222 1688 3285 sis
1735 3223 1917 3285 VIII.

478 3308 778 3393 Quicquid
825 3310 984 3373 enim
1027 3307 1286 3373 materia
1314 3310 1686 3389 participat,
1757 3318 2055 3391 quatenus
2100 3328 2177 3371 ea
2218 3310 2577 3391 participat,
2644 3330 2759 3375 sua
2803 3318 3026 3374 natura

305 3400 586 3482 frigidum
631 3408 749 3462 est.
800 3397 1100 3480 Quicquid
1143 3416 1286 3460 vero
1331 3404 1640 3478 potestate
1687 3398 1947 3461 calidum
1994 3403 2111 3471 est,
2156 3398 2220 3461 id
2264 3398 2454 3462 habet
2498 3418 2633 3463 eam
2670 3406 2949 3463 naturam
2985 3419 3028 3462 a

303 3492 366 3552 vi
413 3490 656 3553 animali
703 3497 811 3551 aut
853 3488 1062 3563 insita,
1110 3494 1218 3550 aut
1261 3506 1356 3563 ea,
1406 3506 1560 3567 quae
1605 3506 1672 3549 se
1716 3486 2053 3566 progenuit.

1442 3576 1634 3638 Thes
1652 3574 1714 3637 is
1759 3574 1873 3638 IX.

479 3665 705 3729 Altera
749 3671 812 3728 et
857 3664 1058 3745 potior
1105 3682 1310 3735 causa,
1357 3682 1464 3728 cur
1499 3663 1608 3726 801
1655 3665 1818 3727 altus
1862 3664 2001 3744 plus
2046 3662 2353 3737 calfaciat,
2401 3680 2581 3743 quarn
2626 3662 2885 3738 humilis,
2926 3670 3027 3727 est

305 3756 474 3829 haec,
523 3757 680 3837 quod
727 3753 834 3818 801
883 3753 1126 3817 humilis
1173 3753 1412 3834 oblique
1457 3760 1522 3815 et
1568 3752 1851 3817 debiliter
1896 3751 2267 3815 horizontem
2312 3760 2583 3815 nostrum
2626 3751 2803 3827 ferit,
2862 3752 3023 3816 altus

303 3863 445 3907 vero
492 3845 712 3925 angulo
758 3844 976 3923 magis·
1000 3850 1166 3906 recto
1215 3849 1278 3905 et
1325 3842 1560 3904 fortius.
1655 3839 1938 3919 Causam,
1990 3860 2093 3904 cur
2122 3840 2287 3905 Solis
2330 3840 2539 3905 radius
2580 3840 3023 3905 immateriatus

303 3934 400 3997 hic
445 3934 606 3996 idem
650 3938 942 4017 praestet,
993 3931 1152 4013 quod
1198 3932 1414 3994 solent*
1447 3949 1702 4011 corpora
1745 3932 1939 3993 densa
1980 3931 2445 4013 materiataque,
2494 3931 2635 3993 dum
2670 3930 2787 3994 sibi
2814 3937 3021 3993 mutuo

305 4022 729 4104 impinguntur,
775 4040 952 4085 nemo
997 4021 1292 4083 hactenus
1337 4020 1642 4101 explicare
1687 4021 1909 4099 potuit.

1459 4110 1609 4171 The
1626 4109 1730 4171 sis
1773 4109 1859 4173 X.
2928 4148 2943 4157 ‚

478 4200 694 4280 Itaque
741 4216 876 4261 cum
923 4196 1034 4261 801
1080 4203 1321 4259 aestate
1369 4197 1700 4300 quadruplo
1749 4198 1874 4260 fere
1922 4196 2105 4260 altius
2150 4194 2389 4275 Pragae
2447 4197 2776 4276 pervadat,
2846 4214 3023 4278 quam

305 4287 555 4370 hyeme.
627 4296 689 4351 et
751 4287 928 4367 hujus
993 4293 1060 4350 et
1111 4285 1439 4366 superioris
1485 4304 1706 4349 causae
1753 4286 2173 4367 conjunctione
2220 4285 2524 4365 sequitur,
2590 4286 2721 4367 eJ’us
2776 4286 3034 4361 caloris,-

306 4376 406 4457 qui
465 4396 506 4437 a
566 4374 710 4441 Sole
773 4377 855 4439 ad
917 4377 1222 4438 elementa
1265 4374 1362 4437 die
1410 4375 1644 4439 aestivo
1691 4375 2045 4455 longissimo
2090 4374 2433 4451 descendit,
2500 4373 2599 4437 die
2660 4374 3021 4438 brevissimo

303 4470 540 4545 partem
585 4473 867 4527 octavam
913 4482 1032 4527 uon
1068 4465 1204 4544 plus
1241 4483 1580 4546 superesse.

1450 4553 1720 4617 Thesis
1763 4552 1876 4616 XI.

483 4638 608 4705 Sed
655 4660 844 4724 neque
887 4642 1040 4705 haec
1087 4648 1312 4705 octava
1352 4660 1498 4723 pars
1543 4642 1764 4706 caloris
1811 4658 1964 4723 quae
2011 4640 2227 4723 hyeme
2270 4646 2583 4719 superest,
2646 4639 2819 4703 nobis
2870 4658 3021 4723 pro-

306 4732 446 4795 dest
509 4731 726 4795 omnis.
817 4732 978 4795 Nam
1031 4730 1141 4817 Sol
1204 4732 1416 4835 hyeme
1467 4750 1680 4813 parum
1743 4750 1929 4813 supra
1984 4729 2357 4793 horizontem
2419 4737 2690 4793 nostrum
2746 4730 3020 4795 elevatus

306 4839 578 4886 crassum
639 4828 910 4884 nostrum
975 4810 1176 4883 aerem
1233 4820 1430 4901 magis
1484 4840 1562 4883 ex
1609 4820 1850 4902 obliquo
1896 4818 2083 4883 habet
2137 4817 2494 4898 oppositum.
2583 4817 2797 4881 Posito
2840 4820 3017 4895 enim,

305 4912 462 4992 quod
507 4910 854 4991 superficies
899 4909 1105 4993 vapidi
1152 4910 1331 4985 aeris,
1381 4908 1482 4993 qui
1521 4909 1802 4991 refringit
1838 4908 2117 4973 Solarem
2158 4906 2413 4983 radium,
2463 4906 2629 4970 absit
2672 4926 2713 4969 a
2746 4907 2921 4973 nobis
2956 4909 3021 4971 in
