<?xml version="1.0" encoding="UTF-8"?>
<!DOCTYPE html PUBLIC "-//W3C//DTD XHTML 1.0 Transitional//EN"
    "http://www.w3.org/TR/xhtml1/DTD/xhtml1-transitional.dtd">
<html xmlns="http://www.w3.org/1999/xhtml" xml:lang="en" lang="en">
 <head>
  <title>
</title>
<meta http-equiv="Content-Type" content="text/html;charset=utf-8" />
  <meta name='ocr-system' content='tesseract 3.04.00' />
  <meta name='ocr-capabilities' content='ocr_page ocr_carea ocr_par ocr_line ocrx_word'/>
</head>
<body>
  <div class='ocr_page' id='page_1' title='image "./joanniskepleria30frisgoog_0401.png"; bbox 0 0 3634 5575; ppageno 0'>
   <div class='ocr_carea' id='block_1_1' title="bbox 623 373 2493 444">
    <p class='ocr_par' dir='ltr' id='par_1_1' title="bbox 623 373 2493 444">
     <span class='ocr_line' id='line_1_1' title="bbox 623 373 2493 444; baseline 0.004 -18"><span class='ocrx_word' id='word_1_1' title='bbox 623 373 753 440; x_wconf 76' lang='grc'><strong>382</strong></span> <span class='ocrx_word' id='word_1_2' title='bbox 1467 377 1670 430; x_wconf 81' lang='lat' dir='ltr'><strong>Literae</strong></span> <span class='ocrx_word' id='word_1_3' title='bbox 1703 377 1915 444; x_wconf 78' lang='lat' dir='ltr'><strong>Kepleri</strong></span> <span class='ocrx_word' id='word_1_4' title='bbox 1952 379 2255 444; x_wconf 73' lang='lat' dir='ltr'><strong>aliumque</strong></span> <span class='ocrx_word' id='word_1_5' title='bbox 2288 387 2493 434; x_wconf 83' lang='lat' dir='ltr'><strong>mutuae</strong></span> 
     </span>
    </p>
   </div>
   <div class='ocr_carea' id='block_1_2' title="bbox 619 534 3357 884">
    <p class='ocr_par' dir='ltr' id='par_1_2' title="bbox 1983 534 3357 602">
     <span class='ocr_line' id='line_1_2' title="bbox 1983 534 3357 602; baseline 0.005 -7"><span class='ocrx_word' id='word_1_6' title='bbox 1983 534 2124 598; x_wconf 82' lang='lat' dir='ltr'><strong>Jam</strong></span> <span class='ocrx_word' id='word_1_7' title='bbox 2171 537 2248 596; x_wconf 88' lang='lat' dir='ltr'><strong>ad</strong></span> <span class='ocrx_word' id='word_1_8' title='bbox 2287 536 2727 600; x_wconf 86' lang='lat' dir='ltr'><strong>divisionem</strong></span> <span class='ocrx_word' id='word_1_9' title='bbox 2752 538 3143 602; x_wconf 85' lang='lat' dir='ltr'><strong>intervalli</strong></span> <span class='ocrx_word' id='word_1_10' title='bbox 3170 539 3357 602; x_wconf 68' lang='lat' dir='ltr'><strong>‘dia-</strong></span> 
     </span>
    </p>

    <p class='ocr_par' dir='ltr' id='par_1_3' title="bbox 619 623 3355 884">
     <span class='ocr_line' id='line_1_3' title="bbox 619 623 3351 758; baseline 0.004 -79"><span class='ocrx_word' id='word_1_11' title='bbox 619 625 1754 758; x_wconf 51' lang='grc' dir='ltr'><strong>ΞέΞξῖἓ-ΞΞ-ῈΞΞ</strong></span> <span class='ocrx_word' id='word_1_12' title='bbox 1806 643 2054 704; x_wconf 80' lang='lat' dir='ltr'><strong>paeon.</strong></span> <span class='ocrx_word' id='word_1_13' title='bbox 2146 623 2245 686; x_wconf 77' lang='lat' dir='ltr'><strong>Ex</strong></span> <span class='ocrx_word' id='word_1_14' title='bbox 2291 644 2426 687; x_wconf 83' lang='lat' dir='ltr'><strong>mea</strong></span> <span class='ocrx_word' id='word_1_15' title='bbox 2472 626 2935 690; x_wconf 70' lang='lat' dir='ltr'><strong>ratiocinatione</strong></span> <span class='ocrx_word' id='word_1_16' title='bbox 2982 629 3351 708; x_wconf 75' lang='lat' dir='ltr'><strong>auriumque</strong></span> 
     </span>
     <span class='ocr_line' id='line_1_4' title="bbox 765 709 3355 800; baseline 0.005 -35"><span class='ocrx_word' id='word_1_17' title='bbox 765 733 962 800; x_wconf 58' lang='grc' dir='ltr'><strong>-ξ</strong></span> <span class='ocrx_word' id='word_1_18' title='bbox 972 709 1200 768; x_wconf 62' lang='grc' dir='ltr'><strong>Θ-ΕΘ-</strong></span> <span class='ocrx_word' id='word_1_19' title='bbox 1315 771 1360 778; x_wconf 64' lang='grc'>-</span> <span class='ocrx_word' id='word_1_20' title='bbox 1701 733 1752 744; x_wconf 91' lang='grc'><strong>·-·</strong></span> <span class='ocrx_word' id='word_1_21' title='bbox 1798 713 2027 793; x_wconf 89' lang='lat' dir='ltr'><strong>judicio</strong></span> <span class='ocrx_word' id='word_1_22' title='bbox 2050 722 2375 774; x_wconf 83' lang='lat' dir='ltr'><strong>nascuntur</strong></span> <span class='ocrx_word' id='word_1_23' title='bbox 2395 733 2577 778; x_wconf 83' lang='lat' dir='ltr'><strong>voces</strong></span> <span class='ocrx_word' id='word_1_24' title='bbox 2596 715 2773 784; x_wconf 82' lang='lat' dir='ltr'><strong>istae,</strong></span> <span class='ocrx_word' id='word_1_25' title='bbox 2805 723 2873 778; x_wconf 85' lang='lat' dir='ltr'><strong>ut</strong></span> <span class='ocrx_word' id='word_1_26' title='bbox 2892 717 3063 778; x_wconf 85' lang='lat' dir='ltr'><strong>vides</strong></span> <span class='ocrx_word' id='word_1_27' title='bbox 3090 717 3208 790; x_wconf 86' lang='lat' dir='ltr'><strong>hio,</strong></span> <span class='ocrx_word' id='word_1_28' title='bbox 3242 717 3355 778; x_wconf 86' lang='lat' dir='ltr'><strong>ubi</strong></span> 
     </span>
     <span class='ocr_line' id='line_1_5' title="bbox 1808 799 3355 884; baseline 0.003 -23"><span class='ocrx_word' id='word_1_29' title='bbox 1808 801 1931 862; x_wconf 88' lang='lat' dir='ltr'><strong>ima</strong></span> <span class='ocrx_word' id='word_1_30' title='bbox 1954 799 2012 862; x_wconf 80' lang='lat' dir='ltr'>G</span> <span class='ocrx_word' id='word_1_31' title='bbox 2034 808 2211 862; x_wconf 87' lang='lat' dir='ltr'><strong>notat</strong></span> <span class='ocrx_word' id='word_1_32' title='bbox 2230 803 2515 864; x_wconf 80' lang='lat' dir='ltr'><strong>chordam</strong></span> <span class='ocrx_word' id='word_1_33' title='bbox 2538 812 2750 866; x_wconf 88' lang='lat' dir='ltr'><strong>totam.</strong></span> <span class='ocrx_word' id='word_1_34' title='bbox 2824 802 3169 884; x_wconf 82' lang='lat' dir='ltr'>Sequuntur</span> <span class='ocrx_word' id='word_1_35' title='bbox 3186 805 3249 878; x_wconf 84' lang='lat' dir='ltr'><strong>h,</strong></span> <span class='ocrx_word' id='word_1_36' title='bbox 3286 805 3355 879; x_wconf 82' lang='lat' dir='ltr'><strong>h,</strong></span> 
     </span>
    </p>
   </div>
   <div class='ocr_carea' id='block_1_3' title="bbox 620 886 3355 1056">
    <p class='ocr_par' dir='ltr' id='par_1_4' title="bbox 620 886 3355 1056">
     <span class='ocr_line' id='line_1_6' title="bbox 621 886 3355 974; baseline 0.003 -27"><span class='ocrx_word' id='word_1_37' title='bbox 621 905 682 959; x_wconf 88' lang='lat' dir='ltr'><strong>c,</strong></span> <span class='ocrx_word' id='word_1_38' title='bbox 734 886 800 956; x_wconf 89' lang='lat' dir='ltr'><strong>d,</strong></span> <span class='ocrx_word' id='word_1_39' title='bbox 847 886 969 959; x_wconf 84' lang='lat' dir='ltr'><strong>dis,</strong></span> <span class='ocrx_word' id='word_1_40' title='bbox 1019 905 1079 961; x_wconf 89' lang='lat' dir='ltr'><strong>e,</strong></span> <span class='ocrx_word' id='word_1_41' title='bbox 1129 905 1169 965; x_wconf 86' lang='lat' dir='ltr'>g</span> <span class='ocrx_word' id='word_1_42' title='bbox 1215 897 1276 950; x_wconf 88' lang='lat' dir='ltr'><strong>et</strong></span> <span class='ocrx_word' id='word_1_43' title='bbox 1322 889 1683 967; x_wconf 78' lang='lat' dir='ltr'><strong>superiores.</strong></span> <span class='ocrx_word' id='word_1_44' title='bbox 1777 889 1915 952; x_wconf 86' lang='lat' dir='ltr'><strong>Jam</strong></span> <span class='ocrx_word' id='word_1_45' title='bbox 1962 890 2347 952; x_wconf 83' lang='lat' dir='ltr'><strong>intervallum</strong></span> <span class='ocrx_word' id='word_1_46' title='bbox 2398 890 2484 962; x_wconf 84' lang='lat' dir='ltr'><strong>G.</strong></span> <span class='ocrx_word' id='word_1_47' title='bbox 2534 892 2601 966; x_wconf 89' lang='lat' dir='ltr'><strong>b,</strong></span> <span class='ocrx_word' id='word_1_48' title='bbox 2662 901 2725 954; x_wconf 89' lang='lat' dir='ltr'><strong>et</strong></span> <span class='ocrx_word' id='word_1_49' title='bbox 2770 907 3115 972; x_wconf 85' lang='lat' dir='ltr'><strong>supremum</strong></span> <span class='ocrx_word' id='word_1_50' title='bbox 3160 893 3355 974; x_wconf 81' lang='lat' dir='ltr'><strong>primi</strong></span> 
     </span>
     <span class='ocr_line' id='line_1_7' title="bbox 620 973 3351 1056; baseline 0.003 -21"><span class='ocrx_word' id='word_1_51' title='bbox 620 973 1000 1037; x_wconf 66' lang='lat' dir='ltr'><strong>diastematis</strong></span> <span class='ocrx_word' id='word_1_52' title='bbox 1049 976 1340 1055; x_wconf 76' lang='lat' dir='ltr'>diapason</span> <span class='ocrx_word' id='word_1_53' title='bbox 1391 996 1452 1052; x_wconf 91' lang='lat' dir='ltr'><strong>e,</strong></span> <span class='ocrx_word' id='word_1_54' title='bbox 1512 995 1551 1056; x_wconf 84' lang='lat' dir='ltr'>g</span> <span class='ocrx_word' id='word_1_55' title='bbox 1597 978 1855 1040; x_wconf 87' lang='lat' dir='ltr'><strong>noudum</strong></span> <span class='ocrx_word' id='word_1_56' title='bbox 1905 988 2047 1038; x_wconf 87' lang='lat' dir='ltr'><strong>sunt</strong></span> <span class='ocrx_word' id='word_1_57' title='bbox 2092 975 2321 1054; x_wconf 85' lang='lat' dir='ltr'><strong>divisa,</strong></span> <span class='ocrx_word' id='word_1_58' title='bbox 2380 982 2600 1044; x_wconf 83' lang='lat' dir='ltr'><strong>desunt</strong></span> <span class='ocrx_word' id='word_1_59' title='bbox 2654 982 2813 1042; x_wconf 81' lang='lat' dir='ltr'><strong>enim</strong></span> <span class='ocrx_word' id='word_1_60' title='bbox 2862 999 3040 1044; x_wconf 86' lang='lat' dir='ltr'><strong>voces</strong></span> <span class='ocrx_word' id='word_1_61' title='bbox 3096 1003 3135 1044; x_wconf 87' lang='lat' dir='ltr'><strong>a</strong></span> <span class='ocrx_word' id='word_1_62' title='bbox 3182 993 3251 1042; x_wconf 87' lang='lat' dir='ltr'><strong>et</strong></span> <span class='ocrx_word' id='word_1_63' title='bbox 3304 983 3351 1044; x_wconf 81' lang='lat' dir='ltr'><strong>f.</strong></span> 
     </span>
    </p>
   </div>
   <div class='ocr_carea' id='block_1_4' title="bbox 1291 735 1700 744">
    <p class='ocr_par' dir='ltr' id='par_1_5' title="bbox 1291 735 1700 744">
     <span class='ocr_line' id='line_1_8' title="bbox 1291 735 1700 744; baseline 0 4831"><span class='ocrx_word' id='word_1_64' title='bbox 1291 735 1700 744; x_wconf 95' lang='lat' dir='ltr'><strong> </strong></span> 
     </span>
    </p>
   </div>
   <div class='ocr_carea' id='block_1_5' title="bbox 943 768 1308 779">
    <p class='ocr_par' dir='ltr' id='par_1_6' title="bbox 943 768 1308 779">
     <span class='ocr_line' id='line_1_9' title="bbox 943 768 1308 779; baseline 0 0"><span class='ocrx_word' id='word_1_65' title='bbox 943 768 1308 779; x_wconf 95' lang='lat' dir='ltr'><strong> </strong></span> 
     </span>
    </p>
   </div>
   <div class='ocr_carea' id='block_1_6' title="bbox 1365 769 1756 780">
    <p class='ocr_par' dir='ltr' id='par_1_7' title="bbox 1365 769 1756 780">
     <span class='ocr_line' id='line_1_10' title="bbox 1365 769 1756 780; baseline 0 0"><span class='ocrx_word' id='word_1_66' title='bbox 1365 769 1756 780; x_wconf 95' lang='lat' dir='ltr'><strong> </strong></span> 
     </span>
    </p>
   </div>
   <div class='ocr_carea' id='block_1_7' title="bbox 622 1060 3465 1148">
    <p class='ocr_par' dir='ltr' id='par_1_8' title="bbox 622 1060 3465 1148">
     <span class='ocr_line' id='line_1_11' title="bbox 622 1060 3465 1148; baseline 0.005 -25"><span class='ocrx_word' id='word_1_67' title='bbox 622 1060 774 1124; x_wconf 88' lang='lat' dir='ltr'><strong>Cum</strong></span> <span class='ocrx_word' id='word_1_68' title='bbox 820 1069 1024 1124; x_wconf 85' lang='lat' dir='ltr'><strong>autem</strong></span> <span class='ocrx_word' id='word_1_69' title='bbox 1075 1063 1161 1136; x_wconf 88' lang='lat' dir='ltr'><strong>G,</strong></span> <span class='ocrx_word' id='word_1_70' title='bbox 1219 1065 1256 1126; x_wconf 93' lang='lat' dir='ltr'>b</span> <span class='ocrx_word' id='word_1_71' title='bbox 1305 1065 1388 1127; x_wconf 87' lang='lat' dir='ltr'><strong>sit</strong></span> <span class='ocrx_word' id='word_1_72' title='bbox 1443 1060 1508 1148; x_wconf 71' lang='grc' dir='ltr'><strong>Ὗ,</strong></span> <span class='ocrx_word' id='word_1_73' title='bbox 1531 1113 1549 1140; x_wconf 89' lang='grc'><em>,</em></span> <span class='ocrx_word' id='word_1_74' title='bbox 1613 1065 1997 1128; x_wconf 84' lang='lat' dir='ltr'><strong>dividendum</strong></span> <span class='ocrx_word' id='word_1_75' title='bbox 2056 1065 2171 1128; x_wconf 87' lang='lat' dir='ltr'><strong>erit</strong></span> <span class='ocrx_word' id='word_1_76' title='bbox 2215 1068 2275 1128; x_wconf 87' lang='lat' dir='ltr'><strong>in</strong></span> <span class='ocrx_word' id='word_1_77' title='bbox 2322 1077 2571 1148; x_wconf 83' lang='lat' dir='ltr'><strong>recepta</strong></span> <span class='ocrx_word' id='word_1_78' title='bbox 2614 1079 2681 1130; x_wconf 71' lang='lat' dir='ltr'><strong>et</strong></span> <span class='ocrx_word' id='word_1_79' title='bbox 2726 1071 2955 1132; x_wconf 83' lang='lat' dir='ltr'><strong>usitata</strong></span> <span class='ocrx_word' id='word_1_80' title='bbox 2998 1071 3356 1134; x_wconf 73' lang='lat' dir='ltr'><strong>intervalla.</strong></span> <span class='ocrx_word' id='word_1_81' title='bbox 3454 1130 3465 1136; x_wconf 82' lang='grc'>,</span> 
     </span>
    </p>
   </div>
   <div class='ocr_carea' id='block_1_8' title="bbox 547 1147 3357 4888">
    <p class='ocr_par' dir='ltr' id='par_1_9' title="bbox 617 1147 3357 1768">
     <span class='ocr_line' id='line_1_12' title="bbox 627 1147 3353 1240; baseline 0.003 -28"><span class='ocrx_word' id='word_1_82' title='bbox 627 1149 786 1212; x_wconf 85' lang='lat' dir='ltr'><strong>Sunt</strong></span> <span class='ocrx_word' id='word_1_83' title='bbox 833 1160 1032 1212; x_wconf 89' lang='lat' dir='ltr'><strong>autem</strong></span> <span class='ocrx_word' id='word_1_84' title='bbox 1073 1154 1204 1232; x_wconf 86' lang='lat' dir='ltr'><strong>jam</strong></span> <span class='ocrx_word' id='word_1_85' title='bbox 1251 1155 1529 1218; x_wconf 83' lang='lat' dir='ltr'><strong>stabilita</strong></span> <span class='ocrx_word' id='word_1_86' title='bbox 1571 1155 1895 1217; x_wconf 87' lang='lat' dir='ltr'><strong>intervalla</strong></span> <span class='ocrx_word' id='word_1_87' title='bbox 1942 1175 1993 1226; x_wconf 88' lang='lat' dir='ltr'><strong>c,</strong></span> <span class='ocrx_word' id='word_1_88' title='bbox 2042 1156 2099 1230; x_wconf 89' lang='lat' dir='ltr'><strong>d,</strong></span> <span class='ocrx_word' id='word_1_89' title='bbox 2156 1147 2265 1236; x_wconf 64' lang='lat' dir='ltr'><strong>⁸l9,</strong></span> <span class='ocrx_word' id='word_1_90' title='bbox 2314 1158 2371 1231; x_wconf 93' lang='lat' dir='ltr'><strong>d,</strong></span> <span class='ocrx_word' id='word_1_91' title='bbox 2424 1175 2475 1232; x_wconf 78' lang='lat' dir='ltr'><strong>c,</strong></span> <span class='ocrx_word' id='word_1_92' title='bbox 2536 1153 2681 1240; x_wconf 60' lang='grc' dir='ltr'><strong>Ὑω,</strong></span> <span class='ocrx_word' id='word_1_93' title='bbox 2734 1159 2789 1231; x_wconf 89' lang='lat' dir='ltr'><strong>h,</strong></span> <span class='ocrx_word' id='word_1_94' title='bbox 2842 1175 2891 1231; x_wconf 88' lang='lat' dir='ltr'><strong>c,</strong></span> <span class='ocrx_word' id='word_1_95' title='bbox 2959 1152 3119 1240; x_wconf 59' lang='lat' dir='ltr'><strong>¹⁶lffl.</strong></span> <span class='ocrx_word' id='word_1_96' title='bbox 3216 1158 3353 1222; x_wconf 82' lang='lat' dir='ltr'><strong>Se·-</strong></span> 
     </span>
     <span class='ocr_line' id='line_1_13' title="bbox 621 1238 3357 1323; baseline 0.003 -22"><span class='ocrx_word' id='word_1_97' title='bbox 621 1238 968 1301; x_wconf 88' lang='lat' dir='ltr'><strong>miditonius</strong></span> <span class='ocrx_word' id='word_1_98' title='bbox 1037 1251 1240 1303; x_wconf 87' lang='lat' dir='ltr'><strong>autem</strong></span> <span class='ocrx_word' id='word_1_99' title='bbox 1289 1241 1378 1317; x_wconf 88' lang='lat' dir='ltr'><strong>G,</strong></span> <span class='ocrx_word' id='word_1_100' title='bbox 1429 1244 1464 1304; x_wconf 93' lang='lat' dir='ltr'>b</span> <span class='ocrx_word' id='word_1_101' title='bbox 1523 1263 1638 1306; x_wconf 87' lang='lat' dir='ltr'><strong>non</strong></span> <span class='ocrx_word' id='word_1_102' title='bbox 1687 1241 1875 1304; x_wconf 89' lang='lat' dir='ltr'><strong>habet</strong></span> <span class='ocrx_word' id='word_1_103' title='bbox 1920 1245 2055 1323; x_wconf 87' lang='lat' dir='ltr'><strong>plus</strong></span> <span class='ocrx_word' id='word_1_104' title='bbox 2104 1263 2281 1323; x_wconf 86' lang='lat' dir='ltr'><strong>quam</strong></span> <span class='ocrx_word' id='word_1_105' title='bbox 2328 1246 2705 1309; x_wconf 82' lang='lat' dir='ltr'><strong>semitonium</strong></span> <span class='ocrx_word' id='word_1_106' title='bbox 2749 1255 2817 1308; x_wconf 83' lang='lat' dir='ltr'><strong>et</strong></span> <span class='ocrx_word' id='word_1_107' title='bbox 2862 1257 3099 1320; x_wconf 80' lang='lat' dir='ltr'><strong>tonum3</strong></span> <span class='ocrx_word' id='word_1_108' title='bbox 3166 1247 3357 1310; x_wconf 78' lang='lat' dir='ltr'><strong>aufer</strong></span> 
     </span>
     <span class='ocr_line' id='line_1_14' title="bbox 621 1325 3356 1418; baseline 0.003 -28"><span class='ocrx_word' id='word_1_109' title='bbox 621 1329 808 1408; x_wconf 84' lang='lat' dir='ltr'><strong>igitur</strong></span> <span class='ocrx_word' id='word_1_110' title='bbox 851 1329 1238 1392; x_wconf 84' lang='lat' dir='ltr'><strong>semitonium</strong></span> <span class='ocrx_word' id='word_1_111' title='bbox 1301 1325 1436 1412; x_wconf 69' lang='lat'><strong>¹7„</strong></span> <span class='ocrx_word' id='word_1_112' title='bbox 1493 1353 1531 1394; x_wconf 85' lang='lat' dir='ltr'><strong>a</strong></span> <span class='ocrx_word' id='word_1_113' title='bbox 1575 1331 1961 1394; x_wconf 85' lang='lat' dir='ltr'><strong>semiditonio</strong></span> <span class='ocrx_word' id='word_1_114' title='bbox 2019 1325 2087 1413; x_wconf 70' lang='grc' dir='ltr'><strong>Ἰ,</strong></span> <span class='ocrx_word' id='word_1_115' title='bbox 2109 1379 2125 1406; x_wconf 92' lang='grc'><em>,</em></span> <span class='ocrx_word' id='word_1_116' title='bbox 2186 1342 2383 1396; x_wconf 81' lang='lat' dir='ltr'><strong>restat</strong></span> <span class='ocrx_word' id='word_1_117' title='bbox 2426 1353 2543 1396; x_wconf 74' lang='lat' dir='ltr'><strong>non</strong></span> <span class='ocrx_word' id='word_1_118' title='bbox 2590 1336 2783 1398; x_wconf 83' lang='lat' dir='ltr'><strong>minor</strong></span> <span class='ocrx_word' id='word_1_119' title='bbox 2830 1344 3009 1398; x_wconf 84' lang='lat' dir='ltr'><strong>tonus</strong></span> <span class='ocrx_word' id='word_1_120' title='bbox 3064 1329 3170 1418; x_wconf 67' lang='grc' dir='ltr'><strong>Ἃ,</strong></span> <span class='ocrx_word' id='word_1_121' title='bbox 3226 1336 3356 1398; x_wconf 85' lang='lat' dir='ltr'><strong>sed</strong></span> 
     </span>
     <span class='ocr_line' id='line_1_15' title="bbox 619 1409 3351 1506; baseline 0.003 -26"><span class='ocrx_word' id='word_1_122' title='bbox 619 1417 814 1496; x_wconf 85' lang='lat' dir='ltr'><strong>major</strong></span> <span class='ocrx_word' id='word_1_123' title='bbox 867 1409 979 1499; x_wconf 49' lang='grc' dir='ltr'><strong>θὴς</strong></span> <span class='ocrx_word' id='word_1_124' title='bbox 1028 1436 1171 1498; x_wconf 77' lang='lat' dir='ltr'><strong>ergo</strong></span> <span class='ocrx_word' id='word_1_125' title='bbox 1219 1419 1375 1482; x_wconf 86' lang='lat' dir='ltr'><strong>inter</strong></span> <span class='ocrx_word' id='word_1_126' title='bbox 1425 1419 1502 1495; x_wconf 88' lang='lat' dir='ltr'><strong>G,</strong></span> <span class='ocrx_word' id='word_1_127' title='bbox 1555 1442 1592 1482; x_wconf 89' lang='lat' dir='ltr'><strong>a</strong></span> <span class='ocrx_word' id='word_1_128' title='bbox 1637 1429 1736 1483; x_wconf 85' lang='lat' dir='ltr'><strong>est</strong></span> <span class='ocrx_word' id='word_1_129' title='bbox 1789 1413 1891 1502; x_wconf 65' lang='lat' dir='ltr'><strong>⁸l0.</strong></span> <span class='ocrx_word' id='word_1_130' title='bbox 1986 1419 2279 1484; x_wconf 84' lang='lat' dir='ltr'><strong>Similiter</strong></span> <span class='ocrx_word' id='word_1_131' title='bbox 2322 1423 2480 1486; x_wconf 79' lang='lat' dir='ltr'><strong>inter</strong></span> <span class='ocrx_word' id='word_1_132' title='bbox 2526 1424 2648 1500; x_wconf 85' lang='lat' dir='ltr'><strong>dis,</strong></span> <span class='ocrx_word' id='word_1_133' title='bbox 2698 1443 2737 1504; x_wconf 84' lang='lat' dir='ltr'>g</span> <span class='ocrx_word' id='word_1_134' title='bbox 2782 1432 2885 1486; x_wconf 89' lang='lat' dir='ltr'><strong>est</strong></span> <span class='ocrx_word' id='word_1_135' title='bbox 2917 1417 3013 1506; x_wconf 51' lang='grc' dir='ltr'><strong>Ἲς,</strong></span> <span class='ocrx_word' id='word_1_136' title='bbox 3076 1427 3237 1486; x_wconf 83' lang='lat' dir='ltr'><strong>inter</strong></span> <span class='ocrx_word' id='word_1_137' title='bbox 3281 1445 3351 1499; x_wconf 79' lang='lat' dir='ltr'><strong>e,</strong></span> 
     </span>
     <span class='ocr_line' id='line_1_16' title="bbox 617 1500 3354 1591; baseline 0.003 -24"><span class='ocrx_word' id='word_1_138' title='bbox 617 1523 676 1586; x_wconf 81' lang='lat' dir='ltr'><strong>g,</strong></span> <span class='ocrx_word' id='word_1_139' title='bbox 736 1500 802 1586; x_wconf 69' lang='grc' dir='ltr'><strong>Ἰ.</strong></span> <span class='ocrx_word' id='word_1_140' title='bbox 859 1515 923 1568; x_wconf 90' lang='lat' dir='ltr'><strong>et</strong></span> <span class='ocrx_word' id='word_1_141' title='bbox 967 1506 1126 1570; x_wconf 85' lang='lat' dir='ltr'><strong>iuter</strong></span> <span class='ocrx_word' id='word_1_142' title='bbox 1171 1508 1285 1580; x_wconf 89' lang='lat' dir='ltr'><strong>dis,</strong></span> <span class='ocrx_word' id='word_1_143' title='bbox 1319 1528 1364 1570; x_wconf 91' lang='lat' dir='ltr'><strong>.e</strong></span> <span class='ocrx_word' id='word_1_144' title='bbox 1413 1518 1509 1570; x_wconf 86' lang='lat' dir='ltr'><strong>est</strong></span> <span class='ocrx_word' id='word_1_145' title='bbox 1567 1503 1729 1590; x_wconf 66' lang='lat'><strong>²725,</strong></span> <span class='ocrx_word' id='word_1_146' title='bbox 1779 1517 2022 1588; x_wconf 82' lang='lat' dir='ltr'><strong>oportet</strong></span> <span class='ocrx_word' id='word_1_147' title='bbox 2065 1508 2249 1588; x_wconf 83' lang='lat' dir='ltr'><strong>igitur</strong></span> <span class='ocrx_word' id='word_1_148' title='bbox 2278 1530 2485 1574; x_wconf 88' lang='lat' dir='ltr'><strong>vocem</strong></span> <span class='ocrx_word' id='word_1_149' title='bbox 2522 1514 2549 1572; x_wconf 86' lang='lat' dir='ltr'>f</span> <span class='ocrx_word' id='word_1_150' title='bbox 2589 1513 2677 1574; x_wconf 87' lang='lat' dir='ltr'><strong>sic</strong></span> <span class='ocrx_word' id='word_1_151' title='bbox 2707 1513 2921 1591; x_wconf 81' lang='lat' dir='ltr'><strong>aptari,</strong></span> <span class='ocrx_word' id='word_1_152' title='bbox 2972 1522 3043 1576; x_wconf 85' lang='lat' dir='ltr'><strong>ut</strong></span> <span class='ocrx_word' id='word_1_153' title='bbox 3084 1514 3354 1585; x_wconf 81' lang='lat' dir='ltr'><strong>usitata,</strong></span> 
     </span>
     <span class='ocr_line' id='line_1_17' title="bbox 621 1594 3349 1684; baseline 0.003 -28"><span class='ocrx_word' id='word_1_154' title='bbox 621 1603 684 1656; x_wconf 89' lang='lat' dir='ltr'><strong>et</strong></span> <span class='ocrx_word' id='word_1_155' title='bbox 728 1594 787 1656; x_wconf 88' lang='lat' dir='ltr'><strong>in</strong></span> <span class='ocrx_word' id='word_1_156' title='bbox 835 1595 1132 1673; x_wconf 72' lang='lat' dir='ltr'><strong>prioribus</strong></span> <span class='ocrx_word' id='word_1_157' title='bbox 1179 1598 1532 1660; x_wconf 82' lang='lat' dir='ltr'><strong>confirmata</strong></span> <span class='ocrx_word' id='word_1_158' title='bbox 1579 1607 1927 1660; x_wconf 80' lang='lat' dir='ltr'><strong>statuantur</strong></span> <span class='ocrx_word' id='word_1_159' title='bbox 1974 1598 2333 1675; x_wconf 83' lang='lat' dir='ltr'><strong>intervalla,</strong></span> <span class='ocrx_word' id='word_1_160' title='bbox 2404 1602 2560 1680; x_wconf 90' lang='lat' dir='ltr'><strong>quod</strong></span> <span class='ocrx_word' id='word_1_161' title='bbox 2616 1602 2716 1673; x_wconf 82' lang='lat' dir='ltr'><strong>fit,</strong></span> <span class='ocrx_word' id='word_1_162' title='bbox 2785 1601 2839 1662; x_wconf 91' lang='lat' dir='ltr'><strong>si</strong></span> <span class='ocrx_word' id='word_1_163' title='bbox 2898 1603 2947 1675; x_wconf 87' lang='lat' dir='ltr'><strong>f,</strong></span> <span class='ocrx_word' id='word_1_164' title='bbox 3002 1621 3043 1680; x_wconf 83' lang='lat' dir='ltr'>g</span> <span class='ocrx_word' id='word_1_165' title='bbox 3098 1602 3181 1664; x_wconf 88' lang='lat' dir='ltr'><strong>sit</strong></span> <span class='ocrx_word' id='word_1_166' title='bbox 3234 1595 3349 1684; x_wconf 62' lang='grc' dir='ltr'><strong>Ἃ,</strong></span> 
     </span>
     <span class='ocr_line' id='line_1_18' title="bbox 625 1679 1880 1768; baseline 0.002 -24"><span class='ocrx_word' id='word_1_167' title='bbox 625 1695 762 1745; x_wconf 78' lang='lat' dir='ltr'><strong>tunc</strong></span> <span class='ocrx_word' id='word_1_168' title='bbox 811 1682 926 1753; x_wconf 79' lang='lat' dir='ltr'><strong>dis,</strong></span> <span class='ocrx_word' id='word_1_169' title='bbox 975 1685 1006 1746; x_wconf 85' lang='lat' dir='ltr'><strong>f</strong></span> <span class='ocrx_word' id='word_1_170' title='bbox 1044 1694 1141 1746; x_wconf 87' lang='lat' dir='ltr'><strong>est</strong></span> <span class='ocrx_word' id='word_1_171' title='bbox 1197 1680 1340 1767; x_wconf 61' lang='lat' dir='ltr'><strong>⁹s40,</strong></span> <span class='ocrx_word' id='word_1_172' title='bbox 1401 1695 1465 1746; x_wconf 88' lang='lat' dir='ltr'><strong>et</strong></span> <span class='ocrx_word' id='word_1_173' title='bbox 1509 1706 1562 1756; x_wconf 89' lang='lat' dir='ltr'><strong>e,</strong></span> <span class='ocrx_word' id='word_1_174' title='bbox 1613 1687 1652 1760; x_wconf 89' lang='lat' dir='ltr'><strong>f,</strong></span> <span class='ocrx_word' id='word_1_175' title='bbox 1718 1679 1880 1768; x_wconf 58' lang='lat' dir='ltr'><strong>¹⁵lw.</strong></span> 
     </span>
    </p>

    <p class='ocr_par' dir='ltr' id='par_1_10' title="bbox 622 1771 3349 2035">
     <span class='ocr_line' id='line_1_19' title="bbox 795 1771 3349 1854; baseline 0.002 -20"><span class='ocrx_word' id='word_1_176' title='bbox 795 1771 966 1834; x_wconf 81' lang='lat' dir='ltr'><strong>Haec</strong></span> <span class='ocrx_word' id='word_1_177' title='bbox 1014 1773 1200 1852; x_wconf 84' lang='lat' dir='ltr'><strong>igitur</strong></span> <span class='ocrx_word' id='word_1_178' title='bbox 1247 1783 1345 1836; x_wconf 82' lang='lat' dir='ltr'><strong>est</strong></span> <span class='ocrx_word' id='word_1_179' title='bbox 1381 1775 1556 1854; x_wconf 87' lang='lat' dir='ltr'><strong>justa</strong></span> <span class='ocrx_word' id='word_1_180' title='bbox 1601 1775 1818 1838; x_wconf 84' lang='lat' dir='ltr'><strong>divisio</strong></span> <span class='ocrx_word' id='word_1_181' title='bbox 1864 1795 1975 1836; x_wconf 75' lang='grc' dir='ltr'><strong>του</strong></span> <span class='ocrx_word' id='word_1_182' title='bbox 2020 1781 2343 1845; x_wconf 65' lang='lat' dir='ltr'><strong>demotum,</strong></span> <span class='ocrx_word' id='word_1_183' title='bbox 2394 1785 2462 1838; x_wconf 90' lang='lat' dir='ltr'><strong>ut</strong></span> <span class='ocrx_word' id='word_1_184' title='bbox 2506 1774 2832 1842; x_wconf 83' lang='lat' dir='ltr'><strong>intervalla</strong></span> <span class='ocrx_word' id='word_1_185' title='bbox 2876 1779 2965 1840; x_wconf 86' lang='lat' dir='ltr'><strong>sic</strong></span> <span class='ocrx_word' id='word_1_186' title='bbox 3014 1797 3079 1839; x_wconf 86' lang='lat' dir='ltr'><strong>se</strong></span> <span class='ocrx_word' id='word_1_187' title='bbox 3124 1787 3349 1840; x_wconf 82' lang='lat' dir='ltr'><strong>mutuo</strong></span> 
     </span>
     <span class='ocr_line' id='line_1_20' title="bbox 622 1857 3348 1948; baseline 0.001 -24"><span class='ocrx_word' id='word_1_188' title='bbox 622 1868 948 1940; x_wconf 88' lang='lat' dir='ltr'><strong>sequantur</strong></span> <span class='ocrx_word' id='word_1_189' title='bbox 991 1861 1054 1924; x_wconf 86' lang='lat' dir='ltr'><strong>in</strong></span> <span class='ocrx_word' id='word_1_190' title='bbox 1083 1869 1264 1924; x_wconf 85' lang='lat' dir='ltr'><strong>cautu</strong></span> <span class='ocrx_word' id='word_1_191' title='bbox 1294 1863 1476 1926; x_wconf 88' lang='lat' dir='ltr'><strong>duro:</strong></span> <span class='ocrx_word' id='word_1_192' title='bbox 1535 1857 1631 1944; x_wconf 65' lang='lat' dir='ltr'><strong>⁸l9,</strong></span> <span class='ocrx_word' id='word_1_193' title='bbox 1675 1857 1810 1942; x_wconf 69' lang='lat' dir='ltr'><strong>⁹l.0‚</strong></span> <span class='ocrx_word' id='word_1_194' title='bbox 1869 1857 2033 1946; x_wconf 64' lang='lat'>¹720,</span> <span class='ocrx_word' id='word_1_195' title='bbox 2090 1857 2187 1944; x_wconf 61' lang='grc' dir='ltr'><strong>Ὗς,</strong></span> <span class='ocrx_word' id='word_1_196' title='bbox 2251 1858 2381 1946; x_wconf 61' lang='lat' dir='ltr'><strong>”lum</strong></span> <span class='ocrx_word' id='word_1_197' title='bbox 2450 1859 2611 1944; x_wconf 67' lang='lat' dir='ltr'><strong>“sm</strong></span> <span class='ocrx_word' id='word_1_198' title='bbox 2671 1859 2789 1948; x_wconf 56' lang='grc' dir='ltr'><strong>Ἴος</strong></span> <span class='ocrx_word' id='word_1_199' title='bbox 2836 1866 2895 1928; x_wconf 90' lang='lat' dir='ltr'><strong>in</strong></span> <span class='ocrx_word' id='word_1_200' title='bbox 2924 1875 3105 1930; x_wconf 88' lang='lat' dir='ltr'><strong>cantu</strong></span> <span class='ocrx_word' id='word_1_201' title='bbox 3134 1867 3348 1930; x_wconf 88' lang='lat' dir='ltr'><strong>molli:</strong></span> 
     </span>
     <span class='ocr_line' id='line_1_21' title="bbox 627 1942 1883 2035; baseline 0.002 -7"><span class='ocrx_word' id='word_1_202' title='bbox 627 1943 726 2033; x_wconf 63' lang='grc'><strong>819,</strong></span> <span class='ocrx_word' id='word_1_203' title='bbox 793 1942 952 2032; x_wconf 61' lang='lat' dir='ltr'><strong>“ltu</strong></span> <span class='ocrx_word' id='word_1_204' title='bbox 1013 1942 1144 2032; x_wconf 57' lang='lat' dir='ltr'><strong>&#39;lto’</strong></span> <span class='ocrx_word' id='word_1_205' title='bbox 1204 1943 1304 2032; x_wconf 62' lang='lat' dir='ltr'><strong>el„</strong></span> <span class='ocrx_word' id='word_1_206' title='bbox 1369 1944 1530 2033; x_wconf 55' lang='lat' dir='ltr'><strong>stlte,</strong></span> <span class='ocrx_word' id='word_1_207' title='bbox 1590 1945 1721 2034; x_wconf 57' lang='lat' dir='ltr'><strong>olto·</strong></span> <span class='ocrx_word' id='word_1_208' title='bbox 1783 1947 1883 2035; x_wconf 55' lang='lat' dir='ltr'><strong>nso·</strong></span> 
     </span>
    </p>

    <p class='ocr_par' dir='ltr' id='par_1_11' title="bbox 613 2039 3345 3187">
     <span class='ocr_line' id='line_1_22' title="bbox 797 2039 3345 2122; baseline 0.002 -22"><span class='ocrx_word' id='word_1_209' title='bbox 797 2039 918 2101; x_wconf 88' lang='lat' dir='ltr'><strong>Ubi</strong></span> <span class='ocrx_word' id='word_1_210' title='bbox 963 2040 1024 2100; x_wconf 89' lang='lat' dir='ltr'><strong>in</strong></span> <span class='ocrx_word' id='word_1_211' title='bbox 1071 2040 1464 2112; x_wconf 79' lang='lat' dir='ltr'><strong>commissura</strong></span> <span class='ocrx_word' id='word_1_212' title='bbox 1509 2043 1758 2104; x_wconf 89' lang='lat' dir='ltr'><strong>duorum</strong></span> <span class='ocrx_word' id='word_1_213' title='bbox 1805 2048 2211 2122; x_wconf 79' lang='lat' dir='ltr'><strong>systematum</strong></span> <span class='ocrx_word' id='word_1_214' title='bbox 2256 2046 2563 2104; x_wconf 70' lang='grc' dir='ltr'><strong>διαπασωο</strong></span> <span class='ocrx_word' id='word_1_215' title='bbox 2590 2043 3013 2104; x_wconf 82' lang='lat' dir='ltr'><strong>continuantur</strong></span> <span class='ocrx_word' id='word_1_216' title='bbox 3050 2043 3168 2104; x_wconf 88' lang='lat' dir='ltr'><strong>duo</strong></span> <span class='ocrx_word' id='word_1_217' title='bbox 3206 2045 3345 2106; x_wconf 83' lang='lat' dir='ltr'><strong>toni</strong></span> 
     </span>
     <span class='ocr_line' id='line_1_23' title="bbox 619 2127 3339 2208; baseline 0.002 -18"><span class='ocrx_word' id='word_1_218' title='bbox 619 2128 902 2208; x_wconf 86' lang='lat' dir='ltr'><strong>majores,</strong></span> <span class='ocrx_word' id='word_1_219' title='bbox 949 2135 1014 2190; x_wconf 89' lang='lat' dir='ltr'><strong>et</strong></span> <span class='ocrx_word' id='word_1_220' title='bbox 1059 2127 1110 2201; x_wconf 89' lang='lat' dir='ltr'><strong>f,</strong></span> <span class='ocrx_word' id='word_1_221' title='bbox 1160 2149 1196 2190; x_wconf 87' lang='lat' dir='ltr'><strong>a</strong></span> <span class='ocrx_word' id='word_1_222' title='bbox 1243 2129 1598 2208; x_wconf 86' lang='lat' dir='ltr'><strong>imperfecte</strong></span> <span class='ocrx_word' id='word_1_223' title='bbox 1645 2137 2008 2204; x_wconf 80' lang='lat' dir='ltr'><strong>consonant,</strong></span> <span class='ocrx_word' id='word_1_224' title='bbox 2078 2137 2147 2190; x_wconf 92' lang='lat' dir='ltr'><strong>ut</strong></span> <span class='ocrx_word' id='word_1_225' title='bbox 2192 2137 2254 2191; x_wconf 86' lang='lat' dir='ltr'><strong>et</strong></span> <span class='ocrx_word' id='word_1_226' title='bbox 2301 2151 2365 2205; x_wconf 89' lang='lat' dir='ltr'><strong>a,</strong></span> <span class='ocrx_word' id='word_1_227' title='bbox 2416 2149 2478 2191; x_wconf 92' lang='lat' dir='ltr'><strong>c:</strong></span> <span class='ocrx_word' id='word_1_228' title='bbox 2548 2131 2889 2194; x_wconf 76' lang='lat' dir='ltr'><strong>differentia</strong></span> <span class='ocrx_word' id='word_1_229' title='bbox 2932 2139 3033 2194; x_wconf 86' lang='lat' dir='ltr'><strong>est</strong></span> <span class='ocrx_word' id='word_1_230' title='bbox 3076 2149 3339 2205; x_wconf 83' lang='lat' dir='ltr'><strong>comma,</strong></span> 
     </span>
     <span class='ocr_line' id='line_1_24' title="bbox 618 2214 3335 2298; baseline 0.001 -21"><span class='ocrx_word' id='word_1_231' title='bbox 618 2216 774 2297; x_wconf 91' lang='lat' dir='ltr'><strong>quod</strong></span> <span class='ocrx_word' id='word_1_232' title='bbox 817 2225 966 2294; x_wconf 87' lang='lat' dir='ltr'><strong>puto</strong></span> <span class='ocrx_word' id='word_1_233' title='bbox 1013 2235 1052 2277; x_wconf 90' lang='lat' dir='ltr'><strong>a</strong></span> <span class='ocrx_word' id='word_1_234' title='bbox 1095 2214 1444 2279; x_wconf 87' lang='lat' dir='ltr'><strong>Reinhardo</strong></span> <span class='ocrx_word' id='word_1_235' title='bbox 1494 2218 1788 2298; x_wconf 85' lang='lat' dir='ltr'><strong>appellari</strong></span> <span class='ocrx_word' id='word_1_236' title='bbox 1840 2219 2085 2297; x_wconf 86' lang='lat' dir='ltr'><strong>„lupum</strong></span> <span class='ocrx_word' id='word_1_237' title='bbox 2131 2218 2537 2296; x_wconf 85' lang='lat' dir='ltr'><strong>organicum“‚</strong></span> <span class='ocrx_word' id='word_1_238' title='bbox 2608 2219 2808 2282; x_wconf 88' lang='lat' dir='ltr'><strong>nescio</strong></span> <span class='ocrx_word' id='word_1_239' title='bbox 2858 2228 3079 2281; x_wconf 89' lang='lat' dir='ltr'><strong>tamen.</strong></span> <span class='ocrx_word' id='word_1_240' title='bbox 3170 2219 3335 2281; x_wconf 87' lang='lat' dir='ltr'><strong>Nam</strong></span> 
     </span>
     <span class='ocr_line' id='line_1_25' title="bbox 617 2305 3335 2390; baseline 0.001 -24"><span class='ocrx_word' id='word_1_241' title='bbox 617 2305 862 2368; x_wconf 87' lang='lat' dir='ltr'><strong>auribus</strong></span> <span class='ocrx_word' id='word_1_242' title='bbox 909 2305 1059 2366; x_wconf 89' lang='lat' dir='ltr'><strong>haec</strong></span> <span class='ocrx_word' id='word_1_243' title='bbox 1113 2305 1490 2386; x_wconf 83' lang='lat' dir='ltr'><strong>imperfectio</strong></span> <span class='ocrx_word' id='word_1_244' title='bbox 1547 2327 1666 2368; x_wconf 89' lang='lat' dir='ltr'><strong>non</strong></span> <span class='ocrx_word' id='word_1_245' title='bbox 1722 2307 2207 2390; x_wconf 85' lang='lat' dir='ltr'><strong>deprehenditur.</strong></span> <span class='ocrx_word' id='word_1_246' title='bbox 2300 2307 2619 2370; x_wconf 86' lang='lat' dir='ltr'><strong>Accedunt</strong></span> <span class='ocrx_word' id='word_1_247' title='bbox 2665 2317 2791 2370; x_wconf 86' lang='lat' dir='ltr'><strong>tres</strong></span> <span class='ocrx_word' id='word_1_248' title='bbox 2846 2309 3051 2370; x_wconf 84' lang='lat' dir='ltr'><strong>claves</strong></span> <span class='ocrx_word' id='word_1_249' title='bbox 3100 2309 3335 2386; x_wconf 22' lang='lat' dir='ltr'><strong>falsae—z</strong></span> 
     </span>
     <span class='ocr_line' id='line_1_26' title="bbox 617 2387 3326 2477; baseline 0.001 -21"><span class='ocrx_word' id='word_1_250' title='bbox 617 2395 705 2468; x_wconf 85' lang='lat' dir='ltr'><strong>fis,</strong></span> <span class='ocrx_word' id='word_1_251' title='bbox 755 2393 872 2475; x_wconf 85' lang='lat' dir='ltr'><strong>gis,</strong></span> <span class='ocrx_word' id='word_1_252' title='bbox 921 2393 1031 2468; x_wconf 88' lang='lat' dir='ltr'><strong>cis,</strong></span> <span class='ocrx_word' id='word_1_253' title='bbox 1081 2393 1294 2475; x_wconf 89' lang='lat' dir='ltr'><strong>quibus</strong></span> <span class='ocrx_word' id='word_1_254' title='bbox 1343 2415 1381 2456; x_wconf 88' lang='lat' dir='ltr'><strong>a</strong></span> <span class='ocrx_word' id='word_1_255' title='bbox 1425 2403 1567 2458; x_wconf 89' lang='lat' dir='ltr'><strong>tono</strong></span> <span class='ocrx_word' id='word_1_256' title='bbox 1617 2398 1762 2470; x_wconf 88' lang='lat' dir='ltr'><strong>(non</strong></span> <span class='ocrx_word' id='word_1_257' title='bbox 1811 2397 2043 2460; x_wconf 89' lang='lat' dir='ltr'><strong>minore</strong></span> <span class='ocrx_word' id='word_1_258' title='bbox 2100 2387 2232 2477; x_wconf 55' lang='grc' dir='ltr'><strong>Ἀθ,</strong></span> <span class='ocrx_word' id='word_1_259' title='bbox 2282 2403 2351 2456; x_wconf 89' lang='lat' dir='ltr'><strong>ut</strong></span> <span class='ocrx_word' id='word_1_260' title='bbox 2395 2395 2451 2456; x_wconf 91' lang='lat' dir='ltr'><strong>in</strong></span> <span class='ocrx_word' id='word_1_261' title='bbox 2502 2395 2559 2471; x_wconf 90' lang='lat' dir='ltr'><strong>b,</strong></span> <span class='ocrx_word' id='word_1_262' title='bbox 2610 2415 2661 2472; x_wconf 88' lang='lat' dir='ltr'><strong>c,</strong></span> <span class='ocrx_word' id='word_1_263' title='bbox 2712 2406 2774 2458; x_wconf 90' lang='lat' dir='ltr'><strong>et</strong></span> <span class='ocrx_word' id='word_1_264' title='bbox 2822 2397 2879 2471; x_wconf 91' lang='lat' dir='ltr'><strong>d,</strong></span> <span class='ocrx_word' id='word_1_265' title='bbox 2930 2415 2995 2471; x_wconf 88' lang='lat' dir='ltr'><strong>e,</strong></span> <span class='ocrx_word' id='word_1_266' title='bbox 3040 2415 3151 2477; x_wconf 89' lang='lat' dir='ltr'><strong>per</strong></span> <span class='ocrx_word' id='word_1_267' title='bbox 3192 2397 3326 2476; x_wconf 86' lang='lat' dir='ltr'><strong>pri-</strong></span> 
     </span>
     <span class='ocr_line' id='line_1_27' title="bbox 613 2475 3331 2564; baseline 0.001 -20"><span class='ocrx_word' id='word_1_268' title='bbox 613 2501 777 2545; x_wconf 87' lang='lat' dir='ltr'><strong>mam</strong></span> <span class='ocrx_word' id='word_1_269' title='bbox 823 2501 1038 2545; x_wconf 88' lang='lat' dir='ltr'><strong>vocum</strong></span> <span class='ocrx_word' id='word_1_270' title='bbox 1083 2482 1609 2559; x_wconf 88' lang='lat' dir='ltr'><strong>constitutionem)</strong></span> <span class='ocrx_word' id='word_1_271' title='bbox 1659 2485 1764 2548; x_wconf 92' lang='lat' dir='ltr'><strong>sed</strong></span> <span class='ocrx_word' id='word_1_272' title='bbox 1811 2484 2041 2564; x_wconf 84' lang='lat' dir='ltr'><strong>majore</strong></span> <span class='ocrx_word' id='word_1_273' title='bbox 2096 2475 2195 2564; x_wconf 74' lang='lat' dir='ltr'><strong>⁸lo‚</strong></span> <span class='ocrx_word' id='word_1_274' title='bbox 2246 2485 2287 2559; x_wconf 81' lang='lat' dir='ltr'><strong>f,</strong></span> <span class='ocrx_word' id='word_1_275' title='bbox 2335 2503 2413 2564; x_wconf 71' lang='lat'><strong>33</strong></span> <span class='ocrx_word' id='word_1_276' title='bbox 2471 2502 2528 2562; x_wconf 85' lang='lat' dir='ltr'><strong>g,</strong></span> <span class='ocrx_word' id='word_1_277' title='bbox 2578 2504 2654 2560; x_wconf 62' lang='grc' dir='ltr'><strong>ὃς</strong></span> <span class='ocrx_word' id='word_1_278' title='bbox 2714 2503 2766 2560; x_wconf 92' lang='lat' dir='ltr'><strong>c,</strong></span> <span class='ocrx_word' id='word_1_279' title='bbox 2818 2487 2895 2560; x_wconf 89' lang='lat' dir='ltr'><strong>d;</strong></span> <span class='ocrx_word' id='word_1_280' title='bbox 2955 2485 3331 2548; x_wconf 78' lang='lat' dir='ltr'><strong>abscinditur</strong></span> 
     </span>
     <span class='ocr_line' id='line_1_28' title="bbox 619 2568 3330 2655; baseline 0.001 -23"><span class='ocrx_word' id='word_1_281' title='bbox 619 2572 1004 2634; x_wconf 87' lang='lat' dir='ltr'><strong>semitonium</strong></span> <span class='ocrx_word' id='word_1_282' title='bbox 1051 2572 1340 2635; x_wconf 86' lang='lat' dir='ltr'><strong>usitatum</strong></span> <span class='ocrx_word' id='word_1_283' title='bbox 1401 2568 1535 2655; x_wconf 66' lang='lat'><strong>¹¹7„</strong></span> <span class='ocrx_word' id='word_1_284' title='bbox 1565 2621 1581 2648; x_wconf 93' lang='lat'>‚</span> <span class='ocrx_word' id='word_1_285' title='bbox 1639 2575 1714 2636; x_wconf 93' lang='lat' dir='ltr'><strong>ob</strong></span> <span class='ocrx_word' id='word_1_286' title='bbox 1763 2573 2155 2646; x_wconf 86' lang='lat' dir='ltr'><strong>mutationes,</strong></span> <span class='ocrx_word' id='word_1_287' title='bbox 2223 2582 2289 2635; x_wconf 89' lang='lat' dir='ltr'><strong>et</strong></span> <span class='ocrx_word' id='word_1_288' title='bbox 2332 2573 2689 2653; x_wconf 83' lang='lat' dir='ltr'><strong>relinquitur</strong></span> <span class='ocrx_word' id='word_1_289' title='bbox 2734 2576 2955 2638; x_wconf 87' lang='lat' dir='ltr'><strong>lemma</strong></span> <span class='ocrx_word' id='word_1_290' title='bbox 2998 2576 3094 2636; x_wconf 89' lang='lat' dir='ltr'><strong>vel</strong></span> <span class='ocrx_word' id='word_1_291' title='bbox 3140 2573 3330 2637; x_wconf 86' lang='lat' dir='ltr'><strong>diesis</strong></span> 
     </span>
     <span class='ocr_line' id='line_1_29' title="bbox 615 2654 3319 2745; baseline 0.001 -22"><span class='ocrx_word' id='word_1_292' title='bbox 615 2660 837 2738; x_wconf 72' lang='grc' dir='ltr'><strong><em>ἀμελης</em></strong></span> <span class='ocrx_word' id='word_1_293' title='bbox 897 2654 1097 2744; x_wconf 54' lang='grc' dir='ltr'><strong>1381..ὓ</strong></span> <span class='ocrx_word' id='word_1_294' title='bbox 1153 2679 1261 2742; x_wconf 89' lang='lat' dir='ltr'><strong>pro</strong></span> <span class='ocrx_word' id='word_1_295' title='bbox 1309 2679 1415 2738; x_wconf 90' lang='lat' dir='ltr'><strong>eo,</strong></span> <span class='ocrx_word' id='word_1_296' title='bbox 1479 2663 1636 2741; x_wconf 90' lang='lat' dir='ltr'><strong>quod</strong></span> <span class='ocrx_word' id='word_1_297' title='bbox 1682 2664 1740 2724; x_wconf 88' lang='lat' dir='ltr'><strong>in</strong></span> <span class='ocrx_word' id='word_1_298' title='bbox 1789 2667 1921 2725; x_wconf 83' lang='lat' dir='ltr'><strong>t&#39;oto</strong></span> <span class='ocrx_word' id='word_1_299' title='bbox 1968 2660 2195 2724; x_wconf 89' lang='lat' dir='ltr'><strong>minore</strong></span> <span class='ocrx_word' id='word_1_300' title='bbox 2250 2659 2606 2741; x_wconf 73' lang='lat' dir='ltr'><strong>relinquitur</strong></span> <span class='ocrx_word' id='word_1_301' title='bbox 2670 2663 2853 2725; x_wconf 88' lang='lat' dir='ltr'><strong>diesis</strong></span> <span class='ocrx_word' id='word_1_302' title='bbox 2900 2661 3121 2740; x_wconf 70' lang='grc' dir='ltr'><strong><em>ἆμελης</em></strong></span> <span class='ocrx_word' id='word_1_303' title='bbox 3180 2655 3319 2745; x_wconf 63' lang='lat'><strong>²7„</strong></span> 
     </span>
     <span class='ocr_line' id='line_1_30' title="bbox 617 2743 3327 2836; baseline 0.001 -24"><span class='ocrx_word' id='word_1_304' title='bbox 617 2759 914 2813; x_wconf 85' lang='lat' dir='ltr'><strong>commate</strong></span> <span class='ocrx_word' id='word_1_305' title='bbox 963 2752 1178 2813; x_wconf 88' lang='lat' dir='ltr'><strong>minus.</strong></span> <span class='ocrx_word' id='word_1_306' title='bbox 1272 2751 1432 2814; x_wconf 71' lang='lat' dir='ltr'><strong>Nam</strong></span> <span class='ocrx_word' id='word_1_307' title='bbox 1481 2752 1634 2815; x_wconf 88' lang='lat' dir='ltr'><strong>adde</strong></span> <span class='ocrx_word' id='word_1_308' title='bbox 1695 2745 1833 2834; x_wconf 69' lang='lat'><strong>²7„</strong></span> <span class='ocrx_word' id='word_1_309' title='bbox 1890 2750 1966 2812; x_wconf 88' lang='lat' dir='ltr'><strong>ad</strong></span> <span class='ocrx_word' id='word_1_310' title='bbox 2024 2743 2192 2833; x_wconf 54' lang='lat' dir='ltr'><strong>wls«,</strong></span> <span class='ocrx_word' id='word_1_311' title='bbox 2256 2769 2525 2826; x_wconf 88' lang='lat' dir='ltr'><strong>comma,</strong></span> <span class='ocrx_word' id='word_1_312' title='bbox 2602 2752 3012 2816; x_wconf 83' lang='lat' dir='ltr'><strong>accumulatur</strong></span> <span class='ocrx_word' id='word_1_313' title='bbox 3077 2745 3327 2836; x_wconf 73' lang='lat' dir='ltr'><strong>¹²⁸l,„:</strong></span> 
     </span>
     <span class='ocr_line' id='line_1_31' title="bbox 613 2838 3329 2920; baseline 0 -18"><span class='ocrx_word' id='word_1_314' title='bbox 613 2840 714 2902; x_wconf 88' lang='lat' dir='ltr'><strong>ubi</strong></span> <span class='ocrx_word' id='word_1_315' title='bbox 760 2841 832 2903; x_wconf 82' lang='lat' dir='ltr'><strong>fis</strong></span> <span class='ocrx_word' id='word_1_316' title='bbox 879 2840 1092 2901; x_wconf 87' lang='lat' dir='ltr'><strong>crebra</strong></span> <span class='ocrx_word' id='word_1_317' title='bbox 1137 2848 1234 2901; x_wconf 86' lang='lat' dir='ltr'><strong>est</strong></span> <span class='ocrx_word' id='word_1_318' title='bbox 1296 2838 1355 2901; x_wconf 90' lang='lat' dir='ltr'><strong>in</strong></span> <span class='ocrx_word' id='word_1_319' title='bbox 1413 2850 1594 2903; x_wconf 88' lang='lat' dir='ltr'><strong>cantu</strong></span> <span class='ocrx_word' id='word_1_320' title='bbox 1651 2843 1964 2920; x_wconf 85' lang='lat' dir='ltr'><strong>duro-pro</strong></span> <span class='ocrx_word' id='word_1_321' title='bbox 2014 2841 2055 2902; x_wconf 86' lang='lat' dir='ltr'><strong>f.</strong></span> <span class='ocrx_word' id='word_1_322' title='bbox 2148 2841 2280 2901; x_wconf 82' lang='lat' dir='ltr'><strong>Hoc</strong></span> <span class='ocrx_word' id='word_1_323' title='bbox 2342 2839 2524 2919; x_wconf 88' lang='lat' dir='ltr'><strong>igitur</strong></span> <span class='ocrx_word' id='word_1_324' title='bbox 2574 2851 2757 2919; x_wconf 87' lang='lat' dir='ltr'><strong>pacto</strong></span> <span class='ocrx_word' id='word_1_325' title='bbox 2816 2849 3011 2905; x_wconf 89' lang='lat' dir='ltr'><strong>totum</strong></span> <span class='ocrx_word' id='word_1_326' title='bbox 3057 2862 3085 2903; x_wconf 86' lang='lat' dir='ltr'><strong>s</strong></span> <span class='ocrx_word' id='word_1_327' title='bbox 3130 2852 3329 2903; x_wconf 83' lang='lat' dir='ltr'><strong>stema</strong></span> 
     </span>
     <span class='ocr_line' id='line_1_32' title="bbox 615 2924 3323 3011; baseline 0 -20"><span class='ocrx_word' id='word_1_328' title='bbox 615 2936 924 2991; x_wconf 68' lang='grc' dir='ltr'><strong><em>διαπασων</em></strong></span> <span class='ocrx_word' id='word_1_329' title='bbox 968 2928 1210 2989; x_wconf 87' lang='lat' dir='ltr'><strong>usitatis</strong></span> <span class='ocrx_word' id='word_1_330' title='bbox 1256 2928 1594 2992; x_wconf 89' lang='lat' dir='ltr'><strong>intervallis</strong></span> <span class='ocrx_word' id='word_1_331' title='bbox 1633 2928 1892 2992; x_wconf 87' lang='lat' dir='ltr'><strong>divisum</strong></span> <span class='ocrx_word' id='word_1_332' title='bbox 1920 2940 2035 3003; x_wconf 87' lang='lat' dir='ltr'><strong>est,</strong></span> <span class='ocrx_word' id='word_1_333' title='bbox 2084 2928 2350 3008; x_wconf 88' lang='lat' dir='ltr'><strong>fiuntque</strong></span> <span class='ocrx_word' id='word_1_334' title='bbox 2386 2929 2711 2991; x_wconf 83' lang='lat' dir='ltr'><strong>intervalla</strong></span> <span class='ocrx_word' id='word_1_335' title='bbox 2754 2928 2996 3008; x_wconf 70' lang='grc' dir='ltr'><strong><em>ἐμμελη,</em></strong></span> <span class='ocrx_word' id='word_1_336' title='bbox 3050 2924 3146 3007; x_wconf 66' lang='lat'><strong>⁸0,</strong></span> <span class='ocrx_word' id='word_1_337' title='bbox 3190 2924 3323 3011; x_wconf 50' lang='grc' dir='ltr'><strong>Ἀθ,</strong></span> 
     </span>
     <span class='ocr_line' id='line_1_33' title="bbox 631 3011 3324 3104; baseline 0.001 -27"><span class='ocrx_word' id='word_1_338' title='bbox 631 3011 764 3100; x_wconf 62' lang='lat'><strong>¹⁶1„</strong></span> <span class='ocrx_word' id='word_1_339' title='bbox 823 3018 1095 3095; x_wconf 82' lang='lat' dir='ltr'><strong>(praeter</strong></span> <span class='ocrx_word' id='word_1_340' title='bbox 1141 3016 1488 3081; x_wconf 85' lang='lat' dir='ltr'><strong>harmonica</strong></span> <span class='ocrx_word' id='word_1_341' title='bbox 1513 3019 1801 3099; x_wconf 85' lang='lat' dir='ltr'><strong>majora),</strong></span> <span class='ocrx_word' id='word_1_342' title='bbox 1850 3037 1967 3079; x_wconf 90' lang='lat' dir='ltr'><strong>non</strong></span> <span class='ocrx_word' id='word_1_343' title='bbox 2000 3018 2122 3079; x_wconf 88' lang='lat' dir='ltr'><strong>alia</strong></span> <span class='ocrx_word' id='word_1_344' title='bbox 2159 3019 2351 3097; x_wconf 82' lang='lat' dir='ltr'><strong>plura,</strong></span> <span class='ocrx_word' id='word_1_345' title='bbox 2393 3027 2457 3081; x_wconf 86' lang='lat' dir='ltr'><strong>et</strong></span> <span class='ocrx_word' id='word_1_346' title='bbox 2486 3018 2601 3079; x_wconf 89' lang='lat' dir='ltr'><strong>duo</strong></span> <span class='ocrx_word' id='word_1_347' title='bbox 2628 3018 2835 3097; x_wconf 66' lang='grc' dir='ltr'><strong><em>ἀμελῇ,</em></strong></span> <span class='ocrx_word' id='word_1_348' title='bbox 2877 3013 3041 3104; x_wconf 61' lang='lat'><strong>²72⁶,</strong></span> <span class='ocrx_word' id='word_1_349' title='bbox 3095 3012 3324 3100; x_wconf 60' lang='lat' dir='ltr'><strong>¹²¹7:st-</strong></span> 
     </span>
     <span class='ocr_line' id='line_1_34' title="bbox 613 3104 2302 3187; baseline 0.001 -20"><span class='ocrx_word' id='word_1_350' title='bbox 613 3124 768 3187; x_wconf 89' lang='lat' dir='ltr'><strong>quae</strong></span> <span class='ocrx_word' id='word_1_351' title='bbox 817 3104 1046 3166; x_wconf 86' lang='lat' dir='ltr'><strong>faciunt</strong></span> <span class='ocrx_word' id='word_1_352' title='bbox 1091 3105 1491 3168; x_wconf 85' lang='lat' dir='ltr'><strong>differentiam</strong></span> <span class='ocrx_word' id='word_1_353' title='bbox 1533 3118 1748 3169; x_wconf 87' lang='lat' dir='ltr'><strong>cantus</strong></span> <span class='ocrx_word' id='word_1_354' title='bbox 1797 3108 1928 3169; x_wconf 89' lang='lat' dir='ltr'><strong>duri</strong></span> <span class='ocrx_word' id='word_1_355' title='bbox 1974 3115 2039 3168; x_wconf 90' lang='lat' dir='ltr'><strong>et</strong></span> <span class='ocrx_word' id='word_1_356' title='bbox 2087 3107 2302 3169; x_wconf 87' lang='lat' dir='ltr'><strong>mollis.</strong></span> 
     </span>
    </p>

    <p class='ocr_par' dir='ltr' id='par_1_12' title="bbox 611 3193 3323 3541">
     <span class='ocr_line' id='line_1_35' title="bbox 792 3193 3322 3274; baseline 0.001 -19"><span class='ocrx_word' id='word_1_357' title='bbox 792 3193 1032 3265; x_wconf 87' lang='lat' dir='ltr'><strong>Habes,</strong></span> <span class='ocrx_word' id='word_1_358' title='bbox 1079 3194 1338 3270; x_wconf 87' lang='lat' dir='ltr'><strong>Tancki,</strong></span> <span class='ocrx_word' id='word_1_359' title='bbox 1389 3194 1744 3259; x_wconf 88' lang='lat' dir='ltr'><strong>divisionem</strong></span> <span class='ocrx_word' id='word_1_360' title='bbox 1789 3194 2175 3257; x_wconf 87' lang='lat' dir='ltr'><strong>monochordi</strong></span> <span class='ocrx_word' id='word_1_361' title='bbox 2222 3214 2301 3255; x_wconf 87' lang='lat' dir='ltr'><strong>ex</strong></span> <span class='ocrx_word' id='word_1_362' title='bbox 2346 3194 2683 3274; x_wconf 78' lang='lat' dir='ltr'><strong>geometria</strong></span> <span class='ocrx_word' id='word_1_363' title='bbox 2728 3196 3071 3257; x_wconf 83' lang='lat' dir='ltr'><strong>deductam.</strong></span> <span class='ocrx_word' id='word_1_364' title='bbox 3162 3195 3322 3257; x_wconf 80' lang='lat' dir='ltr'><strong>Nam</strong></span> 
     </span>
     <span class='ocr_line' id='line_1_36' title="bbox 611 3281 3318 3365; baseline -0 -20"><span class='ocrx_word' id='word_1_365' title='bbox 611 3284 768 3347; x_wconf 87' lang='lat' dir='ltr'><strong>unde</strong></span> <span class='ocrx_word' id='word_1_366' title='bbox 813 3281 1195 3345; x_wconf 88' lang='lat' dir='ltr'><strong>Reinhardus</strong></span> <span class='ocrx_word' id='word_1_367' title='bbox 1264 3302 1436 3347; x_wconf 86' lang='lat' dir='ltr'><strong>suam</strong></span> <span class='ocrx_word' id='word_1_368' title='bbox 1491 3284 1808 3348; x_wconf 86' lang='lat' dir='ltr'><strong>deduxerit</strong></span> <span class='ocrx_word' id='word_1_369' title='bbox 1830 3330 1846 3359; x_wconf 92' lang='lat'><strong>,</strong></span> <span class='ocrx_word' id='word_1_370' title='bbox 1913 3286 2142 3365; x_wconf 83' lang='lat' dir='ltr'><strong>ignoro.</strong></span> <span class='ocrx_word' id='word_1_371' title='bbox 2234 3284 2332 3346; x_wconf 85' lang='lat' dir='ltr'><strong>Ex</strong></span> <span class='ocrx_word' id='word_1_372' title='bbox 2378 3283 2545 3345; x_wconf 90' lang='lat' dir='ltr'><strong>coelo</strong></span> <span class='ocrx_word' id='word_1_373' title='bbox 2606 3284 2765 3345; x_wconf 90' lang='lat' dir='ltr'><strong>enim</strong></span> <span class='ocrx_word' id='word_1_374' title='bbox 2810 3304 2927 3346; x_wconf 90' lang='lat' dir='ltr'><strong>non</strong></span> <span class='ocrx_word' id='word_1_375' title='bbox 2976 3284 3318 3358; x_wconf 84' lang='lat' dir='ltr'><strong>deduxisse,</strong></span> 
     </span>
     <span class='ocr_line' id='line_1_37' title="bbox 615 3371 3323 3453; baseline -0.001 -18"><span class='ocrx_word' id='word_1_376' title='bbox 615 3373 794 3435; x_wconf 86' lang='lat' dir='ltr'><strong>docet</strong></span> <span class='ocrx_word' id='word_1_377' title='bbox 839 3371 1238 3447; x_wconf 84' lang='lat' dir='ltr'><strong>astronomia,</strong></span> <span class='ocrx_word' id='word_1_378' title='bbox 1309 3392 1460 3453; x_wconf 88' lang='lat' dir='ltr'><strong>quae</strong></span> <span class='ocrx_word' id='word_1_379' title='bbox 1508 3374 1668 3437; x_wconf 89' lang='lat' dir='ltr'><strong>ridet</strong></span> <span class='ocrx_word' id='word_1_380' title='bbox 1715 3374 1855 3435; x_wconf 89' lang='lat' dir='ltr'><strong>illos</strong></span> <span class='ocrx_word' id='word_1_381' title='bbox 1900 3371 2237 3435; x_wconf 88' lang='lat' dir='ltr'><strong>Reinhardi</strong></span> <span class='ocrx_word' id='word_1_382' title='bbox 2300 3373 2629 3435; x_wconf 83' lang='lat' dir='ltr'><strong>diametros</strong></span> <span class='ocrx_word' id='word_1_383' title='bbox 2677 3372 3067 3453; x_wconf 83' lang='lat' dir='ltr'><strong>sphaerarum</strong></span> <span class='ocrx_word' id='word_1_384' title='bbox 3086 3420 3103 3449; x_wconf 96' lang='lat'><strong>,</strong></span> <span class='ocrx_word' id='word_1_385' title='bbox 3171 3391 3323 3453; x_wconf 89' lang='lat' dir='ltr'><strong>quae</strong></span> 
     </span>
     <span class='ocr_line' id='line_1_38' title="bbox 611 3460 2131 3541; baseline -0.001 -18"><span class='ocrx_word' id='word_1_386' title='bbox 611 3470 752 3523; x_wconf 87' lang='lat' dir='ltr'><strong>sunt</strong></span> <span class='ocrx_word' id='word_1_387' title='bbox 795 3460 998 3541; x_wconf 87' lang='lat' dir='ltr'><strong>potius</strong></span> <span class='ocrx_word' id='word_1_388' title='bbox 1045 3480 1124 3523; x_wconf 85' lang='lat' dir='ltr'><strong>ex</strong></span> <span class='ocrx_word' id='word_1_389' title='bbox 1165 3463 1397 3525; x_wconf 86' lang='lat' dir='ltr'><strong>musica</strong></span> <span class='ocrx_word' id='word_1_390' title='bbox 1437 3480 1755 3541; x_wconf 80' lang='lat' dir='ltr'><strong>perperam</strong></span> <span class='ocrx_word' id='word_1_391' title='bbox 1801 3462 2131 3527; x_wconf 75' lang='lat' dir='ltr'><strong>derivatae.</strong></span> 
     </span>
    </p>

    <p class='ocr_par' dir='ltr' id='par_1_13' title="bbox 602 3550 3323 4699">
     <span class='ocr_line' id='line_1_39' title="bbox 787 3550 3321 3631; baseline -0 -19"><span class='ocrx_word' id='word_1_392' title='bbox 787 3550 964 3612; x_wconf 86' lang='lat' dir='ltr'><strong>Duae</strong></span> <span class='ocrx_word' id='word_1_393' title='bbox 1013 3556 1214 3613; x_wconf 88' lang='lat' dir='ltr'><strong>autem</strong></span> <span class='ocrx_word' id='word_1_394' title='bbox 1261 3551 1642 3629; x_wconf 88' lang='lat' dir='ltr'><strong>potissimum</strong></span> <span class='ocrx_word' id='word_1_395' title='bbox 1686 3559 1831 3613; x_wconf 88' lang='lat' dir='ltr'><strong>sunt</strong></span> <span class='ocrx_word' id='word_1_396' title='bbox 1874 3570 2115 3620; x_wconf 84' lang='lat' dir='ltr'><strong>causae,</strong></span> <span class='ocrx_word' id='word_1_397' title='bbox 2162 3568 2269 3611; x_wconf 89' lang='lat' dir='ltr'><strong>cur</strong></span> <span class='ocrx_word' id='word_1_398' title='bbox 2312 3568 2423 3611; x_wconf 91' lang='lat' dir='ltr'><strong>nec</strong></span> <span class='ocrx_word' id='word_1_399' title='bbox 2468 3568 2545 3611; x_wconf 86' lang='lat' dir='ltr'><strong>ex</strong></span> <span class='ocrx_word' id='word_1_400' title='bbox 2590 3550 2901 3611; x_wconf 85' lang='lat' dir='ltr'><strong>diametris</strong></span> <span class='ocrx_word' id='word_1_401' title='bbox 2930 3550 3321 3631; x_wconf 84' lang='lat' dir='ltr'><strong>sphaerarum</strong></span> 
     </span>
     <span class='ocr_line' id='line_1_40' title="bbox 607 3637 3323 3719; baseline 0.001 -22"><span class='ocrx_word' id='word_1_402' title='bbox 607 3657 789 3701; x_wconf 86' lang='lat' dir='ltr'><strong>voces</strong></span> <span class='ocrx_word' id='word_1_403' title='bbox 837 3638 1180 3714; x_wconf 80' lang='lat' dir='ltr'><strong>musicales,</strong></span> <span class='ocrx_word' id='word_1_404' title='bbox 1229 3652 1340 3701; x_wconf 80' lang='lat' dir='ltr'><strong>n&#39;ec</strong></span> <span class='ocrx_word' id='word_1_405' title='bbox 1387 3659 1462 3701; x_wconf 87' lang='lat' dir='ltr'><strong>ex</strong></span> <span class='ocrx_word' id='word_1_406' title='bbox 1507 3640 1740 3709; x_wconf 84' lang='lat' dir='ltr'><strong>musica</strong></span> <span class='ocrx_word' id='word_1_407' title='bbox 1785 3640 2063 3704; x_wconf 83' lang='lat' dir='ltr'><strong>diametri</strong></span> <span class='ocrx_word' id='word_1_408' title='bbox 2108 3640 2499 3719; x_wconf 83' lang='lat' dir='ltr'><strong>sphaerarum</strong></span> <span class='ocrx_word' id='word_1_409' title='bbox 2548 3637 2763 3701; x_wconf 87' lang='lat' dir='ltr'><strong>deduci</strong></span> <span class='ocrx_word' id='word_1_410' title='bbox 2807 3640 3067 3718; x_wconf 84' lang='lat' dir='ltr'><strong>possint.</strong></span> <span class='ocrx_word' id='word_1_411' title='bbox 3148 3637 3323 3701; x_wconf 88' lang='lat' dir='ltr'><strong>Prior</strong></span> 
     </span>
     <span class='ocr_line' id='line_1_41' title="bbox 610 3726 3317 3809; baseline -0.001 -20"><span class='ocrx_word' id='word_1_412' title='bbox 610 3736 708 3789; x_wconf 87' lang='lat' dir='ltr'><strong>est</strong></span> <span class='ocrx_word' id='word_1_413' title='bbox 753 3729 938 3790; x_wconf 88' lang='lat' dir='ltr'><strong>haec:</strong></span> <span class='ocrx_word' id='word_1_414' title='bbox 1013 3726 1151 3791; x_wconf 87' lang='lat' dir='ltr'><strong>Etsi</strong></span> <span class='ocrx_word' id='word_1_415' title='bbox 1200 3730 1356 3790; x_wconf 90' lang='lat' dir='ltr'><strong>enim</strong></span> <span class='ocrx_word' id='word_1_416' title='bbox 1399 3737 1544 3790; x_wconf 89' lang='lat' dir='ltr'><strong>sunt</strong></span> <span class='ocrx_word' id='word_1_417' title='bbox 1603 3730 2121 3793; x_wconf 82' lang='lat' dir='ltr'><strong>circumferentiae</strong></span> <span class='ocrx_word' id='word_1_418' title='bbox 2168 3728 2491 3789; x_wconf 85' lang='lat' dir='ltr'><strong>circulares</strong></span> <span class='ocrx_word' id='word_1_419' title='bbox 2547 3726 2611 3791; x_wconf 84' lang='lat' dir='ltr'><strong>in</strong></span> <span class='ocrx_word' id='word_1_420' title='bbox 2656 3728 2869 3789; x_wconf 88' lang='lat' dir='ltr'><strong>eadem</strong></span> <span class='ocrx_word' id='word_1_421' title='bbox 2914 3728 3317 3809; x_wconf 86' lang='lat' dir='ltr'><strong>proportione,</strong></span> 
     </span>
     <span class='ocr_line' id='line_1_42' title="bbox 607 3815 3317 3895; baseline -0 -17"><span class='ocrx_word' id='word_1_422' title='bbox 607 3819 668 3879; x_wconf 92' lang='lat' dir='ltr'><strong>in</strong></span> <span class='ocrx_word' id='word_1_423' title='bbox 717 3835 834 3895; x_wconf 90' lang='lat' dir='ltr'><strong>qua</strong></span> <span class='ocrx_word' id='word_1_424' title='bbox 893 3816 1210 3887; x_wconf 87' lang='lat' dir='ltr'><strong>diametri,</strong></span> <span class='ocrx_word' id='word_1_425' title='bbox 1260 3826 1324 3878; x_wconf 87' lang='lat' dir='ltr'><strong>et</strong></span> <span class='ocrx_word' id='word_1_426' title='bbox 1378 3825 1550 3880; x_wconf 87' lang='lat' dir='ltr'><strong>astra</strong></span> <span class='ocrx_word' id='word_1_427' title='bbox 1613 3818 1732 3882; x_wconf 89' lang='lat' dir='ltr'><strong>illis</strong></span> <span class='ocrx_word' id='word_1_428' title='bbox 1793 3815 2290 3887; x_wconf 85' lang='lat' dir='ltr'><strong>circumferentiis</strong></span> <span class='ocrx_word' id='word_1_429' title='bbox 2352 3815 2678 3893; x_wconf 88' lang='lat' dir='ltr'><strong>insistunt,</strong></span> <span class='ocrx_word' id='word_1_430' title='bbox 2743 3826 2951 3879; x_wconf 88' lang='lat' dir='ltr'><strong>tamen</strong></span> <span class='ocrx_word' id='word_1_431' title='bbox 2998 3815 3317 3879; x_wconf 83' lang='lat' dir='ltr'><strong>dissimilia</strong></span> 
     </span>
     <span class='ocr_line' id='line_1_43' title="bbox 609 3904 3318 3989; baseline 0 -22"><span class='ocrx_word' id='word_1_432' title='bbox 609 3914 1064 3984; x_wconf 87' lang='lat' dir='ltr'><strong>comparantur,</strong></span> <span class='ocrx_word' id='word_1_433' title='bbox 1115 3924 1191 3968; x_wconf 85' lang='lat' dir='ltr'><strong>ex</strong></span> <span class='ocrx_word' id='word_1_434' title='bbox 1237 3907 1609 3969; x_wconf 87' lang='lat' dir='ltr'><strong>astronomia</strong></span> <span class='ocrx_word' id='word_1_435' title='bbox 1653 3907 1975 3985; x_wconf 82' lang='lat' dir='ltr'><strong>prolixitas</strong></span> <span class='ocrx_word' id='word_1_436' title='bbox 2020 3906 2253 3968; x_wconf 88' lang='lat' dir='ltr'><strong>itineris</strong></span> <span class='ocrx_word' id='word_1_437' title='bbox 2298 3905 2655 3989; x_wconf 84' lang='lat' dir='ltr'><strong>planetarii,</strong></span> <span class='ocrx_word' id='word_1_438' title='bbox 2704 3924 2781 3966; x_wconf 84' lang='lat' dir='ltr'><strong>ex</strong></span> <span class='ocrx_word' id='word_1_439' title='bbox 2824 3906 3059 3967; x_wconf 86' lang='lat' dir='ltr'><strong>musica</strong></span> <span class='ocrx_word' id='word_1_440' title='bbox 3102 3904 3318 3967; x_wconf 84' lang='lat' dir='ltr'><strong>celeri-</strong></span> 
     </span>
     <span class='ocr_line' id='line_1_44' title="bbox 609 3993 3314 4079; baseline -0.001 -24"><span class='ocrx_word' id='word_1_441' title='bbox 609 4002 709 4055; x_wconf 86' lang='lat' dir='ltr'><strong>tas</strong></span> <span class='ocrx_word' id='word_1_442' title='bbox 757 3994 1018 4057; x_wconf 88' lang='lat' dir='ltr'><strong>chordae</strong></span> <span class='ocrx_word' id='word_1_443' title='bbox 1064 3994 1295 4075; x_wconf 88' lang='lat' dir='ltr'><strong>pulsae.</strong></span> <span class='ocrx_word' id='word_1_444' title='bbox 1389 3996 1527 4079; x_wconf 84' lang='lat' dir='ltr'><strong>Non</strong></span> <span class='ocrx_word' id='word_1_445' title='bbox 1575 3996 1731 4058; x_wconf 89' lang='lat' dir='ltr'><strong>enim</strong></span> <span class='ocrx_word' id='word_1_446' title='bbox 1777 3997 1839 4075; x_wconf 78' lang='lat' dir='ltr'><strong>id</strong></span> <span class='ocrx_word' id='word_1_447' title='bbox 1886 4004 1983 4058; x_wconf 87' lang='lat' dir='ltr'><strong>est</strong></span> <span class='ocrx_word' id='word_1_448' title='bbox 2026 3997 2277 4076; x_wconf 86' lang='lat' dir='ltr'><strong>planeta</strong></span> <span class='ocrx_word' id='word_1_449' title='bbox 2324 4014 2433 4057; x_wconf 87' lang='lat' dir='ltr'><strong>sno</strong></span> <span class='ocrx_word' id='word_1_450' title='bbox 2480 3993 2789 4064; x_wconf 79' lang='lat' dir='ltr'><strong>circuitui,</strong></span> <span class='ocrx_word' id='word_1_451' title='bbox 2837 3995 2995 4075; x_wconf 91' lang='lat' dir='ltr'><strong>quod</strong></span> <span class='ocrx_word' id='word_1_452' title='bbox 3042 4002 3138 4057; x_wconf 82' lang='lat' dir='ltr'><strong>est</strong></span> <span class='ocrx_word' id='word_1_453' title='bbox 3182 3994 3314 4072; x_wconf 87' lang='lat' dir='ltr'><strong>ple-</strong></span> 
     </span>
     <span class='ocr_line' id='line_1_45' title="bbox 610 4081 3315 4163; baseline -0 -20"><span class='ocrx_word' id='word_1_454' title='bbox 610 4096 804 4145; x_wconf 88' lang='lat' dir='ltr'><strong>ctrum</strong></span> <span class='ocrx_word' id='word_1_455' title='bbox 849 4102 996 4145; x_wconf 88' lang='lat' dir='ltr'><strong>suae</strong></span> <span class='ocrx_word' id='word_1_456' title='bbox 1045 4082 1304 4145; x_wconf 88' lang='lat' dir='ltr'><strong>chordae</strong></span> <span class='ocrx_word' id='word_1_457' title='bbox 1315 4103 1334 4158; x_wconf 84' lang='lat'><em>3</em></span> <span class='ocrx_word' id='word_1_458' title='bbox 1401 4085 1630 4147; x_wconf 86' lang='lat' dir='ltr'><strong>chorda</strong></span> <span class='ocrx_word' id='word_1_459' title='bbox 1687 4087 1847 4148; x_wconf 89' lang='lat' dir='ltr'><strong>euim</strong></span> <span class='ocrx_word' id='word_1_460' title='bbox 1902 4084 2102 4146; x_wconf 87' lang='lat' dir='ltr'><strong>brevis</strong></span> <span class='ocrx_word' id='word_1_461' title='bbox 2160 4083 2415 4147; x_wconf 88' lang='lat' dir='ltr'><strong>celerius</strong></span> <span class='ocrx_word' id='word_1_462' title='bbox 2470 4090 2771 4157; x_wconf 89' lang='lat' dir='ltr'><strong>movetur,</strong></span> <span class='ocrx_word' id='word_1_463' title='bbox 2837 4083 3021 4163; x_wconf 79' lang='lat' dir='ltr'><strong>longa</strong></span> <span class='ocrx_word' id='word_1_464' title='bbox 3066 4081 3315 4145; x_wconf 83' lang='lat' dir='ltr'><strong>tardius.</strong></span> 
     </span>
     <span class='ocr_line' id='line_1_46' title="bbox 607 4171 3309 4253; baseline 0 -20"><span class='ocrx_word' id='word_1_465' title='bbox 607 4174 698 4234; x_wconf 88' lang='lat' dir='ltr'><strong>At</strong></span> <span class='ocrx_word' id='word_1_466' title='bbox 767 4173 1018 4252; x_wconf 89' lang='lat' dir='ltr'><strong>planeta</strong></span> <span class='ocrx_word' id='word_1_467' title='bbox 1089 4171 1244 4232; x_wconf 84' lang='lat' dir='ltr'><strong>alias</strong></span> <span class='ocrx_word' id='word_1_468' title='bbox 1319 4172 1504 4235; x_wconf 86' lang='lat' dir='ltr'><strong>habet</strong></span> <span class='ocrx_word' id='word_1_469' title='bbox 1577 4175 1744 4253; x_wconf 83' lang='lat' dir='ltr'><strong>leges</strong></span> <span class='ocrx_word' id='word_1_470' title='bbox 1811 4192 1957 4237; x_wconf 87' lang='lat' dir='ltr'><strong>suae</strong></span> <span class='ocrx_word' id='word_1_471' title='bbox 2024 4173 2357 4236; x_wconf 88' lang='lat' dir='ltr'><strong>celeritatis</strong></span> <span class='ocrx_word' id='word_1_472' title='bbox 2378 4219 2395 4248; x_wconf 90' lang='lat'><strong>,</strong></span> <span class='ocrx_word' id='word_1_473' title='bbox 2472 4190 2651 4253; x_wconf 84' lang='lat' dir='ltr'><strong>quam</strong></span> <span class='ocrx_word' id='word_1_474' title='bbox 2713 4171 3126 4253; x_wconf 83' lang='lat' dir='ltr'><strong>prolixitatem</strong></span> <span class='ocrx_word' id='word_1_475' title='bbox 3186 4171 3309 4234; x_wconf 89' lang='lat' dir='ltr'><strong>cir·</strong></span> 
     </span>
     <span class='ocr_line' id='line_1_47' title="bbox 605 4258 3315 4341; baseline -0 -18"><span class='ocrx_word' id='word_1_476' title='bbox 605 4261 826 4325; x_wconf 89' lang='lat' dir='ltr'><strong>cuitus.</strong></span> <span class='ocrx_word' id='word_1_477' title='bbox 921 4260 1019 4321; x_wconf 87' lang='lat' dir='ltr'><strong>Da</strong></span> <span class='ocrx_word' id='word_1_478' title='bbox 1063 4258 1328 4323; x_wconf 88' lang='lat' dir='ltr'><strong>Saturno</strong></span> <span class='ocrx_word' id='word_1_479' title='bbox 1374 4261 1740 4325; x_wconf 86' lang='lat' dir='ltr'><strong>brevitatem</strong></span> <span class='ocrx_word' id='word_1_480' title='bbox 1794 4262 2079 4326; x_wconf 82' lang='lat' dir='ltr'><strong>circuitus</strong></span> <span class='ocrx_word' id='word_1_481' title='bbox 2128 4261 2421 4335; x_wconf 88' lang='lat' dir='ltr'><strong>Venerei,</strong></span> <span class='ocrx_word' id='word_1_482' title='bbox 2486 4262 2667 4325; x_wconf 84' lang='lat' dir='ltr'><strong>citius</strong></span> <span class='ocrx_word' id='word_1_483' title='bbox 2722 4260 2961 4341; x_wconf 90' lang='lat' dir='ltr'><strong>quidem</strong></span> <span class='ocrx_word' id='word_1_484' title='bbox 3023 4278 3156 4323; x_wconf 90' lang='lat' dir='ltr'><strong>eum</strong></span> <span class='ocrx_word' id='word_1_485' title='bbox 3200 4258 3315 4322; x_wconf 85' lang='lat' dir='ltr'><strong>ab·-</strong></span> 
     </span>
     <span class='ocr_line' id='line_1_48' title="bbox 605 4348 3315 4429; baseline 0 -18"><span class='ocrx_word' id='word_1_486' title='bbox 605 4352 840 4424; x_wconf 89' lang='lat' dir='ltr'><strong>solvet,</strong></span> <span class='ocrx_word' id='word_1_487' title='bbox 889 4367 1080 4429; x_wconf 88' lang='lat' dir='ltr'><strong>aeque</strong></span> <span class='ocrx_word' id='word_1_488' title='bbox 1127 4358 1329 4411; x_wconf 89' lang='lat' dir='ltr'><strong>tamen</strong></span> <span class='ocrx_word' id='word_1_489' title='bbox 1377 4351 1497 4413; x_wconf 90' lang='lat' dir='ltr'><strong>erit</strong></span> <span class='ocrx_word' id='word_1_490' title='bbox 1541 4350 1752 4413; x_wconf 86' lang='lat' dir='ltr'><strong>tardus</strong></span> <span class='ocrx_word' id='word_1_491' title='bbox 1799 4360 1963 4415; x_wconf 87' lang='lat' dir='ltr'><strong>motu</strong></span> <span class='ocrx_word' id='word_1_492' title='bbox 1988 4400 2004 4428; x_wconf 93' lang='lat'><strong>,</strong></span> <span class='ocrx_word' id='word_1_493' title='bbox 2054 4371 2125 4414; x_wconf 89' lang='lat' dir='ltr'><strong>ac</strong></span> <span class='ocrx_word' id='word_1_494' title='bbox 2170 4369 2326 4413; x_wconf 89' lang='lat' dir='ltr'><strong>nunc</strong></span> <span class='ocrx_word' id='word_1_495' title='bbox 2372 4357 2495 4426; x_wconf 89' lang='lat' dir='ltr'><strong>est,</strong></span> <span class='ocrx_word' id='word_1_496' title='bbox 2546 4350 2597 4412; x_wconf 89' lang='lat' dir='ltr'><strong>si</strong></span> <span class='ocrx_word' id='word_1_497' title='bbox 2645 4350 2735 4412; x_wconf 91' lang='lat' dir='ltr'><strong>illi</strong></span> <span class='ocrx_word' id='word_1_498' title='bbox 2779 4348 3073 4429; x_wconf 83' lang='lat' dir='ltr'><strong>genuinas</strong></span> <span class='ocrx_word' id='word_1_499' title='bbox 3122 4348 3315 4412; x_wconf 87' lang='lat' dir='ltr'><strong>tardi-</strong></span> 
     </span>
     <span class='ocr_line' id='line_1_49' title="bbox 609 4438 3317 4522; baseline -0.001 -21"><span class='ocrx_word' id='word_1_500' title='bbox 609 4440 760 4503; x_wconf 82' lang='lat' dir='ltr'><strong>tatis</strong></span> <span class='ocrx_word' id='word_1_501' title='bbox 816 4458 1032 4501; x_wconf 87' lang='lat' dir='ltr'><strong>causas</strong></span> <span class='ocrx_word' id='word_1_502' title='bbox 1077 4438 1402 4519; x_wconf 88' lang='lat' dir='ltr'><strong>relinquas.</strong></span> <span class='ocrx_word' id='word_1_503' title='bbox 1497 4438 1634 4511; x_wconf 82' lang='lat' dir='ltr'><strong>Quo</strong></span> <span class='ocrx_word' id='word_1_504' title='bbox 1693 4442 1931 4505; x_wconf 88' lang='lat' dir='ltr'><strong>nomine</strong></span> <span class='ocrx_word' id='word_1_505' title='bbox 1990 4459 2293 4522; x_wconf 88' lang='lat' dir='ltr'><strong>nunquam</strong></span> <span class='ocrx_word' id='word_1_506' title='bbox 2348 4456 2495 4501; x_wconf 84' lang='lat' dir='ltr'><strong>sane</strong></span> <span class='ocrx_word' id='word_1_507' title='bbox 2558 4439 2768 4501; x_wconf 79' lang='lat' dir='ltr'><strong>dextre</strong></span> <span class='ocrx_word' id='word_1_508' title='bbox 2832 4438 3067 4501; x_wconf 83' lang='lat' dir='ltr'><strong>institui</strong></span> <span class='ocrx_word' id='word_1_509' title='bbox 3112 4444 3317 4518; x_wconf 88' lang='lat' dir='ltr'><strong>potest</strong></span> 
     </span>
     <span class='ocr_line' id='line_1_50' title="bbox 602 4526 3312 4608; baseline 0.001 -19"><span class='ocrx_word' id='word_1_510' title='bbox 602 4528 974 4607; x_wconf 85' lang='lat' dir='ltr'><strong>comparatio</strong></span> <span class='ocrx_word' id='word_1_511' title='bbox 1031 4537 1296 4590; x_wconf 86' lang='lat' dir='ltr'><strong>motuum</strong></span> <span class='ocrx_word' id='word_1_512' title='bbox 1359 4529 1618 4591; x_wconf 86' lang='lat' dir='ltr'><strong>chordae</strong></span> <span class='ocrx_word' id='word_1_513' title='bbox 1645 4578 1661 4601; x_wconf 86' lang='lat'><strong>,</strong></span> <span class='ocrx_word' id='word_1_514' title='bbox 1737 4531 1792 4593; x_wconf 84' lang='lat' dir='ltr'><strong>h.</strong></span> <span class='ocrx_word' id='word_1_515' title='bbox 1861 4550 1915 4592; x_wconf 92' lang='lat' dir='ltr'><strong>e.</strong></span> <span class='ocrx_word' id='word_1_516' title='bbox 1983 4548 2293 4599; x_wconf 87' lang='lat' dir='ltr'><strong>sonorum,</strong></span> <span class='ocrx_word' id='word_1_517' title='bbox 2344 4535 2409 4589; x_wconf 91' lang='lat' dir='ltr'><strong>et</strong></span> <span class='ocrx_word' id='word_1_518' title='bbox 2466 4529 2872 4608; x_wconf 88' lang='lat' dir='ltr'><strong>planetarum.</strong></span> <span class='ocrx_word' id='word_1_519' title='bbox 2966 4526 3312 4591; x_wconf 87' lang='lat' dir='ltr'><strong>Similitudo</strong></span> 
     </span>
     <span class='ocr_line' id='line_1_51' title="bbox 607 4615 3312 4699; baseline 0 -22"><span class='ocrx_word' id='word_1_520' title='bbox 607 4617 846 4697; x_wconf 84' lang='lat' dir='ltr'><strong>quidem</strong></span> <span class='ocrx_word' id='word_1_521' title='bbox 890 4615 1040 4677; x_wconf 86' lang='lat' dir='ltr'><strong>haec</strong></span> <span class='ocrx_word' id='word_1_522' title='bbox 1087 4624 1201 4691; x_wconf 88' lang='lat' dir='ltr'><strong>est,</strong></span> <span class='ocrx_word' id='word_1_523' title='bbox 1253 4616 1466 4697; x_wconf 85' lang='lat' dir='ltr'><strong>quodsi</strong></span> <span class='ocrx_word' id='word_1_524' title='bbox 1513 4618 1757 4681; x_wconf 83' lang='lat' dir='ltr'><strong>daretur</strong></span> <span class='ocrx_word' id='word_1_525' title='bbox 1801 4620 1863 4682; x_wconf 90' lang='lat' dir='ltr'><strong>in</strong></span> <span class='ocrx_word' id='word_1_526' title='bbox 1910 4619 2081 4681; x_wconf 90' lang='lat' dir='ltr'><strong>coelo</strong></span> <span class='ocrx_word' id='word_1_527' title='bbox 2128 4624 2254 4692; x_wconf 68' lang='lat' dir='ltr'><strong>aer,</strong></span> <span class='ocrx_word' id='word_1_528' title='bbox 2302 4618 2568 4699; x_wconf 87' lang='lat' dir='ltr'><strong>planetis</strong></span> <span class='ocrx_word' id='word_1_529' title='bbox 2616 4617 2804 4680; x_wconf 84' lang='lat' dir='ltr'><strong>iibere</strong></span> <span class='ocrx_word' id='word_1_530' title='bbox 2848 4636 2960 4698; x_wconf 90' lang='lat' dir='ltr'><strong>per</strong></span> <span class='ocrx_word' id='word_1_531' title='bbox 3020 4636 3155 4680; x_wconf 87' lang='lat' dir='ltr'><strong>eum</strong></span> <span class='ocrx_word' id='word_1_532' title='bbox 3200 4634 3312 4677; x_wconf 85' lang='lat' dir='ltr'><strong>vo·-</strong></span> 
     </span>
    </p>

    <p class='ocr_par' dir='ltr' id='par_1_14' title="bbox 547 4703 3312 4888">
     <span class='ocr_line' id='line_1_52' title="bbox 547 4703 3312 4789; baseline 0 -23"><span class='ocrx_word' id='word_1_533' title='bbox 547 4783 554 4789; x_wconf 31' lang='grc'><em>,</em></span> <span class='ocrx_word' id='word_1_534' title='bbox 605 4704 898 4779; x_wconf 75' lang='lat' dir='ltr'><strong>lantibuS,</strong></span> <span class='ocrx_word' id='word_1_535' title='bbox 949 4703 1194 4769; x_wconf 86' lang='lat' dir='ltr'><strong>daretur</strong></span> <span class='ocrx_word' id='word_1_536' title='bbox 1241 4725 1388 4768; x_wconf 90' lang='lat' dir='ltr'><strong>sane</strong></span> <span class='ocrx_word' id='word_1_537' title='bbox 1435 4726 1652 4783; x_wconf 75' lang='lat' dir='ltr'><strong>sonae,</strong></span> <span class='ocrx_word' id='word_1_538' title='bbox 1699 4728 1841 4770; x_wconf 48' lang='lat' dir='ltr'><strong>non‘</strong></span> <span class='ocrx_word' id='word_1_539' title='bbox 1864 4708 2085 4782; x_wconf 86' lang='lat' dir='ltr'><strong>minus,</strong></span> <span class='ocrx_word' id='word_1_540' title='bbox 2148 4726 2326 4788; x_wconf 87' lang='lat' dir='ltr'><strong>quam</strong></span> <span class='ocrx_word' id='word_1_541' title='bbox 2374 4704 2603 4769; x_wconf 68' lang='lat' dir='ltr'><strong>chorda</strong></span> <span class='ocrx_word' id='word_1_542' title='bbox 2644 4725 2877 4769; x_wconf 87' lang='lat' dir='ltr'><strong>rursum</strong></span> <span class='ocrx_word' id='word_1_543' title='bbox 2920 4723 3312 4786; x_wconf 87' lang='lat' dir='ltr'><strong>prorsumque</strong></span> 
     </span>
     <span class='ocr_line' id='line_1_53' title="bbox 605 4794 3307 4888; baseline 0.001 -34"><span class='ocrx_word' id='word_1_544' title='bbox 605 4811 714 4874; x_wconf 89' lang='lat' dir='ltr'><strong>per</strong></span> <span class='ocrx_word' id='word_1_545' title='bbox 761 4800 964 4855; x_wconf 66' lang='lat' dir='ltr'><strong>aerem</strong></span> <span class='ocrx_word' id='word_1_546' title='bbox 1006 4794 1194 4857; x_wconf 71' lang='lat' dir='ltr'><strong>mota.</strong></span> <span class='ocrx_word' id='word_1_547' title='bbox 1288 4796 1382 4857; x_wconf 90' lang='lat' dir='ltr'><strong>At</strong></span> <span class='ocrx_word' id='word_1_548' title='bbox 1425 4814 1558 4858; x_wconf 89' lang='lat' dir='ltr'><strong>cum</strong></span> <span class='ocrx_word' id='word_1_549' title='bbox 1603 4796 1662 4859; x_wconf 91' lang='lat' dir='ltr'><strong>in</strong></span> <span class='ocrx_word' id='word_1_550' title='bbox 1708 4798 1939 4859; x_wconf 88' lang='lat' dir='ltr'><strong>musica</strong></span> <span class='ocrx_word' id='word_1_551' title='bbox 1984 4815 2167 4860; x_wconf 87' lang='lat' dir='ltr'><strong>sonus</strong></span> <span class='ocrx_word' id='word_1_552' title='bbox 2214 4794 2478 4858; x_wconf 88' lang='lat' dir='ltr'><strong>musicus</strong></span> <span class='ocrx_word' id='word_1_553' title='bbox 2514 4795 2843 4888; x_wconf 34' lang='lat' dir='ltr'><strong>&#39;definiatur</strong></span> <span class='ocrx_word' id='word_1_554' title='bbox 2887 4796 2967 4857; x_wconf 88' lang='lat' dir='ltr'><strong>ab</strong></span> <span class='ocrx_word' id='word_1_555' title='bbox 3015 4794 3307 4877; x_wconf 78' lang='lat' dir='ltr'><strong>aequabi-</strong></span> 
     </span>
    </p>
   </div>
  </div>
 </body>
</html>
