3634 5575
519 383 646 452 148
1539 381 1768 446 urm
1805 383 2211 452 ommutui

1619 592 1861 692 Caput
1914 593 2127 668 XIII.

513 751 626 816 De
673 753 1112 835 computandis
1157 750 1408 814 orbibus
1452 751 1566 831 qui
1609 751 1980 832 corporibus
2033 753 2467 814 imon’bunwr
2516 759 2577 813 et
2622 753 3237 817 circnma-ioum.

690 893 1001 954 Hactenus
1049 891 1192 954 nihil
1243 891 1494 965 dictum,
1559 891 1672 952 nisi
1731 899 2143 954 consentanea
2192 891 2483 972 quaedam
2535 892 2710 970 signa
2767 903 2831 954 et
2886 893 3084 956 εἰκοτα
3130 915 3236 958 su-

515 981 710 1060 scepti
757 981 1172 1044 theorematis.
1247 979 1654 1042 Transeamus
1703 979 1880 1050 modo
1930 979 2007 1042 ad
2053 979 2407 1058 ἁποςηματα
2452 979 2685 1044 orbium
2722 983 3129 1046 astronomiae
3174 991 3241 1046 et

518 1070 1066 1132 demonstrationes
1121 1070 1556 1148 geometricas:
1629 1087 1782 1148 quae
1842 1068 1959 1130 nisi
2017 1070 2436 1144 consentiant,
2502 1069 2711 1148 procul
2768 1071 2948 1134 dubio
3005 1089 3239 1136 omnem

509 1158 974 1238 praecedentem
1021 1174 1267 1236 operam
1315 1158 1652 1220 luserimus.
1729 1157 1995 1220 Primum
2034 1157 2291 1218 omnium
2324 1149 2662 1234 ‘videamus,
2713 1159 2771 1220 in
2818 1169 3046 1239 quanta
3088 1177 3235 1239 pro-

509 1245 784 1326 portione
833 1245 959 1308 sint
1003 1247 1181 1307 orbes
1230 1245 1484 1326 singulis
1543 1243 1636 1306 his
1697 1246 1956 1325 quinque
2014 1245 2361 1324 corporibus
2410 1246 2789 1324 regularibus
2836 1247 3111 1327 inscripti
3158 1248 3237 1310 ad

509 1334 1018 1413 circumscriptos.

684 1421 771 1484 Et
815 1421 970 1483 radii
1017 1422 1255 1501 quidem
1313 1419 1445 1481 sive
1501 1419 1931 1483 semidiametri
1990 1420 2574 1500 circumscriptorum
2634 1432 2901 1502 aequant
2944 1422 3234 1486 semidia-

477 1509 722 1598 ssonios
771 1529 1106 1590 corporum.
1199 1510 1359 1572 Nam
1407 1509 1524 1570 nisi
1572 1527 1778 1569 omnes
1827 1509 2030 1588 anguli
2086 1508 2309 1588 figurae
2360 1509 2674 1590 tetigerint
2718 1511 2971 1572 eandem
3017 1529 3233 1590 super-

510 1598 723 1672 ficiem,
775 1617 989 1678 corpus
1038 1598 1313 1678 regulare
1365 1616 1478 1658 non
1529 1596 1661 1658 erit.
1737 1595 1877 1659 Bini
1925 1605 2125 1658 autern
2174 1597 2377 1676 anguli
2414 1597 2675 1678 oppositi
2724 1605 2928 1661 mutuo
2977 1608 3040 1661 et
3084 1617 3231 1660 cen-
3350 1635 3360 1644 ·

509 1696 666 1748 trum
713 1687 942 1768 figurae
991 1705 1230 1767 semper
1285 1695 1427 1746 sunt
1483 1685 1539 1746 in
1600 1684 1808 1746 eadem
1870 1685 2027 1748 linea
2083 1685 2210 1747 sive
2269 1686 2367 1748 axi
2415 1687 2596 1750 orbis·
2658 1685 3233 1768 .Excipitur-unu1n

509 1775 886 1850 tetraedron,
935 1775 1095 1852 quod
1140 1774 1329 1837 habet
1375 1773 1645 1854 singulos
1693 1774 1948 1852 angulos
1996 1774 2248 1855 singulis
2294 1774 2582 1836 facierum
2630 1776 2855 1836 centris
2893 1775 3224 1856 oppositos.

521 1909 530 1920 .
685 1861 828 1926 Jam
879 1871 1052 1924 recta
1097 1871 1464 1924 connectens
1511 1869 1723 1923 centra
1765 1861 1991 1940 figurae
2039 1872 2103 1925 et
2160 1863 2325 1924 basis
2372 1873 2467 1924 est
2514 1863 2718 1926 radius
2765 1862 2895 1924 sive
2940 1863 3231 1926 semidia-

506 1959 704 2014 meter
769 1950 1042 2030 inscripti
1107 1970 1216 2031 per
1279 1951 1554 2014 ultimam
1621 1949 1718 2012 lib.
1775 1949 1921 2013 XV.
2026 1949 2323 2030 Campani
2378 1951 2437 2012 in
2490 1951 2823 2016 Euclidem.
2866 1945 2955 2026 ⁴⁸)
3048 1951 3231 2014 Orbis

509 2038 667 2101 enini
713 2039 1037 2119 inscriptus
1085 2050 1336 2120 tangere
1399 2039 1581 2100 debet
1636 2038 1838 2098 omnia
1898 2047 2109 2101 centra
2174 2041 2424 2120 figurae,
2496 2049 2559 2102 et
2616 2042 2841 2121 figurae
2907 2040 3231 2120 inscriptae

515 2137 648 2189 cum
693 2127 1166 2207 circumscriptis
1211 2147 1418 2190 omnes
1464 2127 1780 2208 possident
1826 2128 1983 2189 idem
2028 2138 2319 2189 centrum.

815 2249 908 2298 m,
940 2245 1008 2289 ¹3,
1463 2213 1636 2286 Quod
1669 2234 1802 2277 cum
1832 2216 1922 2276 ita
1951 2216 2050 2289 sit,
2102 2216 2279 2277 facile
2310 2225 2406 2277 est
2434 2216 2659 2290 videre,
2696 2215 3031 2294 potentiam
3057 2215 3233 2289 radii,

1277 2323 1394 2386 quo
1425 2303 1680 2365 circulus
1709 2302 1842 2364 basi
1873 2303 2395 2382 circumscribitur,
2428 2305 2814 2366 auferendam
2851 2305 2923 2366 de
2961 2305 3237 2384 potentia

1279 2393 1436 2456 radii
1467 2391 1628 2453 orbis
1660 2391 2117 2472 circumscripti,
2148 2401 2214 2454 ut
2242 2391 2484 2453 residua
2512 2392 2595 2453 sit
2620 2391 3237 2472 potentiaquaesitae

1283 2483 1484 2544 lineae
1534 2499 1636 2542 seu
1687 2480 1840 2541 radii
1889 2480 2053 2542 orbis
2100 2479 2392 2561 inscripti.
2449 2479 2542 2540 ‘In
2592 2481 2877 2561 adjuncto
2926 2481 3236 2544 schemate

1280 2567 1468 2632 ΗΟΜ
1500 2577 1597 2629 est
1625 2567 1758 2628 axis
1787 2569 2223 2648 circumscripti
2262 2568 2445 2642 orbis,
2476 2569 2665 2648 cujus,
2698 2578 2766 2631 ut
2796 2578 2859 2630 et
2884 2569 3111 2649 figurae
3139 2571 3237 2632 in-

1285 2657 1549 2736 scriptae
1580 2674 1890 2718 commune
1920 2665 2187 2718 centrum
2220 2657 2277 2718 in
2302 2655 2379 2728 Ο,
2406 2655 2586 2718 HGL
2613 2658 2855 2736 planum
2877 2677 3053 2720 unum
3082 2658 3235 2737 figu-

1175 2805 1182 2811 .
1281 2766 1405 2822 rae,
1455 2744 1611 2825 quod
1659 2745 1756 2807 hic
1793 2745 1879 2807 sit
1916 2745 2103 2821 basis,
2148 2746 2190 2807 J
2220 2751 2491 2807 centrum
2520 2745 2703 2821 basis,
2754 2745 2851 2809 HJ
2882 2747 3087 2809 radius
3116 2747 3235 2809 cir-

1283 2833 1630 2912 cumscripti
1677 2833 1832 2895 basi.
1906 2834 1993 2895 Et
2035 2843 2207 2895 recta
2244 2854 2321 2895 ex
2358 2843 2567 2896 centro
2606 2835 2769 2897 orbis
2800 2833 2854 2896 0
2900 2836 2959 2897 in
3004 2836 3046 2897 J
3088 2854 3237 2897 cen-

1222 2933 1439 3024 Etrum
1471 2920 1716 3009 minoris
1755 2921 1964 2983 circuli
2007 2923 2271 2984 demissa
2314 2923 2827 3001 perpendicularis
2864 2923 2983 2987 erit
3016 2924 3239 2987 circulo

1287 3020 1350 3073 et
1395 3011 1588 3072 lineae
1619 3010 1739 3071 HJ.
1789 3011 1857 3071 In
1888 3012 2188 3092 triangulo
2218 3012 2399 3090 igitur
2425 3010 2585 3073 HJO
2615 3013 2869 3092 angulus
2906 3013 2988 3074 ad
3021 3011 3063 3073 J
3098 3030 3237 3073 rec-

1285 3109 1405 3161 tus,
1464 3098 1627 3177 Ergo
1665 3097 1784 3159 ΗΟ
1832 3100 2106 3177 potentia
2154 3108 2377 3179 aequat
2422 3101 2729 3178 potentias
2776 3098 2894 3175 HJ,
2944 3098 3064 3163 JO.
3158 3100 3241 3161 Et
3294 3146 3297 3151 -

727 3243 736 3251 .
1283 3187 1560 3269 potentia
1587 3186 1686 3247 HJ
1725 3188 1934 3250 ablata
1964 3207 2039 3249 ex
2077 3187 2192 3250 ΗΟ
2232 3187 2523 3267 potentia,
2575 3189 2857 3269 relinquit
2885 3187 2982 3250 JO
3022 3197 3241 3270 poten-

525 3280 673 3343 tiam
724 3279 1062 3359 quaesitam
1109 3278 1214 3351 (Ε.
1265 3278 1312 3351 Ι,
1361 3272 1501 3347 47).
1543 3268 1631 3347 “)
1693 3272 1702 3281 '
2084 3316 2090 3321 -

697 3368 852 3431 Hinc
909 3376 1190 3447 apparet,
1255 3374 1320 3425 ut
1374 3363 1670 3425 habeatur
1712 3362 1811 3425 JO
1874 3363 1931 3425 in
1990 3364 2263 3427 omnibus
2331 3366 2561 3443 figuris,
2642 3365 3049 3445 quaerendam
3103 3384 3240 3427 esse

519 3456 686 3536 prius
733 3456 834 3519 HJ
879 3456 1110 3519 radium
1149 3454 1338 3517 basis,
1433 3450 1707 3515 Habetur
1751 3462 1957 3514 autem
2005 3461 2070 3513 et
2114 3453 2215 3514 HJ
2260 3453 2497 3527 radius,
2554 3452 2795 3533 cognito
2848 3454 3037 3515 latere
3084 3454 3240 3533 figu-

519 3564 654 3618 rae,
711 3545 806 3607 cui
863 3543 1148 3606 circulum
1206 3541 1657 3604 circumscribit.
1761 3542 1915 3602 Hinc
1976 3560 2241 3616 rursum,
2310 3550 2377 3603 ut
2432 3542 2637 3605 radius
2695 3542 2863 3605 basis
2920 3542 3236 3617 habeatur,

521 3634 922 3714 quaerendum
965 3632 1132 3711 prius
1179 3632 1340 3693 latus
1388 3629 1712 3709 cujuslibet
1767 3630 2009 3709 figurae.

695 3721 996 3783 Assumto
1043 3720 1229 3797 igitur
1270 3719 1442 3781 radio
1485 3717 1924 3796 circumscripti
1970 3718 2291 3797 cujuslibet
2337 3718 2395 3779 in
2446 3718 2787 3797 quantitate
2836 3719 3003 3781 sinus
3052 3718 3241 3780 totius

529 3806 698 3871 1000
745 3810 1006 3889 part-ium
1056 3807 1310 3880 (sufficit
1355 3817 1561 3868 nostro
1601 3806 1890 3868 instituto
1941 3807 2089 3866 haec
2134 3805 2286 3867 radii
2322 3807 2705 3885 magnitudo)
2752 3807 3030 3887 potentia
3076 3807 3239 3867 late-

519 3898 602 3957 ris
651 3897 842 3959 cubici
892 3896 1092 3965 (Eucl.
1141 3896 1316 3968 XlIl,
1377 3892 1484 3967 15)
1533 3905 1631 3956 est
1674 3913 1817 3973 pars
1870 3894 2052 3955 tertia
2096 3895 2405 3973 potentiae
2454 3896 2608 3969 axis,
2660 3907 2726 3957 ut
2770 3897 2821 3957 si
2870 3896 3004 3957 axis
3052 3894 3239 3956 habet

520 3982 722 4059 2000,
786 3986 945 4046 latus
977 3984 1128 4045 cubi
1175 3984 1361 4045 habet
1415 3980 1600 4044 1155.
1697 3982 1941 4043 Lateris
1997 3984 2267 4044 octaedri
2323 3983 2599 4062 potentia
2647 3980 2851 4064 (Eucl.
2900 3984 3072 4059 XIII,
3128 3981 3241 4057 14)

521 4084 620 4135 est
666 4073 972 4155 dimidium
1020 4074 1328 4152 potentiae
1378 4072 1531 4133 axis.
1625 4071 1867 4133 Lateris
1898 4071 2249 4133 tetraedrici
2278 4074 2552 4151 potentia
2580 4083 2680 4134 est
2713 4072 2822 4145 (ib.
2860 4070 2970 4147 13)
3000 4070 3239 4153 sesqui-

520 4162 716 4225 altera
775 4181 916 4241 pars
974 4161 1048 4222 de
1103 4162 1379 4241 potentia
1443 4153 1708 4232 axis.⁸⁷)
1801 4160 2005 4239 Atque
2072 4158 2363 4221 hactenus
2424 4162 2555 4222 usui
2613 4161 2726 4223 fuit
2783 4180 3027 4223 aureum
3094 4160 3241 4223 illud
3303 4164 3310 4169 '

519 4252 832 4313 theorema
877 4250 1260 4330 Pythagorae
1319 4249 1391 4312 de
1437 4248 1728 4328 potentiis
1786 4248 2041 4309 laterum
2100 4248 2157 4307 in
2208 4249 2507 4329 triangulo
2554 4250 2923 4329 rectangulo.
3016 4250 3087 4311 In
3135 4268 3239 4311 ce-

519 4339 668 4400 teris
725 4339 955 4400 duobus
1004 4339 1352 4417 corporibus
1410 4339 1601 4397 altero
1650 4335 1751 4396 illo
1807 4337 2178 4415 geometriae
2238 4338 2518 4399 thesauro
2567 4356 2717 4418 opus
2766 4346 2893 4413 est,
2950 4338 3024 4398 de
3082 4339 3243 4399 linea
3304 4340 3308 4345 ’

519 4427 849 4489 secuudum
896 4434 1225 4488 extremam
1285 4433 1347 4485 et
1395 4424 1651 4486 mediam
1701 4425 1997 4485 rationem
2052 4434 2225 4487 secta
2272 4425 2474 4498 (Eucl.
2527 4428 2637 4501 VJ,
2689 4422 2822 4498 30).
2918 4427 3081 4489 Nam
3126 4428 3237 4487 do—

521 4514 942 4576 decaedricum
991 4516 1152 4576 latus
1199 4522 1294 4575 est
1343 4512 1537 4591 major
1579 4513 1776 4590 portio
1824 4512 2035 4575 lateris
2084 4514 2275 4575 cubici
2323 4515 2476 4575 secti
2536 4515 2861 4575 secundum
2908 4523 3242 4577 extremam

521 4615 582 4664 et
628 4603 884 4664 mediam
934 4604 1228 4664 rationem
1277 4600 1478 4673 (Eucl.
1527 4601 1699 4675 ΧΙΙΙ,
1757 4600 1857 4663 17.
1892 4600 2088 4676 Cor.).
2180 4602 2285 4665 Sic
2330 4622 2437 4682 pro
2486 4603 2854 4665 icosaedrico
2903 4603 3095 4689 latere
3144 4603 3241 4665 iu-

519 4692 813 4753 veniendo
859 4690 1115 4771 primum
1161 4689 1468 4770 quaeritur
1513 4690 1718 4750 radius
1765 4689 1926 4752 illius
1973 4690 2197 4766 circuli,
2248 4692 2347 4773 qui
2395 4691 2649 4771 quinque
2698 4692 2995 4753 icosaedri
3044 4691 3244 4771 tangit

521 4778 792 4859 anguloS,
825 4780 922 4859 qui
952 4781 1050 4840 es't
1067 4776 1180 4840 Ac
1216 4779 1274 4839 in
1303 4778 1524 4839 circulo
1545 4778 1659 4839 AB
1679 4778 1806 4856 (fig.
1844 4776 1968 4853 19).
2008 4779 2161 4858 Ejus
2190 4780 2465 4858 potentia
2492 4790 2597 4845 est
2610 4780 2821 4861 quinta
2846 4798 2991 4858 pars
3024 4780 3097 4843 de
3126 4798 3241 4859 po-

521 4868 714 4930 tentia
744 4868 877 4929 axis
909 4868 1109 4941 (Eucl.
1141 4866 1314 4943 xm,
1355 4862 1454 4929 16.
1489 4864 1662 4939 Cor.)
1729 4866 1921 4949 Igitur
1951 4868 2061 4940 (ib.
2095 4867 2135 4931 5
2167 4878 2231 4930 et
2259 4866 2331 4943 9)
2378 4869 2529 4931 radii
2556 4870 2735 4931 istius
2762 4868 2877 4931 Ac
2917 4868 3240 4932 secundum
