3634 5575
683 385 814 456 196
1047 461 1051 466 ,
1595 389 1652 440 Iri
1689 388 1985 454 Hysterium
2020 387 2489 456 Cosmographicum

679 550 874 614 prodiit,
912 549 1122 602 Telluris
1157 554 1296 599 motu
1322 561 1352 598 e
1373 546 1536 598 medio
1561 547 1798 606 tollendo,
1834 547 2115 612 ubicunque
2150 546 2213 597 de
2249 561 2361 614 vero
2400 548 2653 604 asseritur,
2692 547 2937 612 verbaque
2972 545 3253 609 hujusmodi
3292 545 3397 596 sub·

677 620 954 682 stituendo,
993 634 1122 686 quae
1157 620 1294 670 illum
1329 633 1414 682 pro
1454 618 1598 675 dato,
1635 618 1726 668 sed
1761 633 1863 668 non
1900 633 2135 668 concesso
2148 654 2163 678 ,
2202 623 2511 682 supponant.
2552 623 2704 682 atque
2738 618 2815 668 ita
2846 617 3132 684 hypothesis
3170 617 3400 682 Copemi·

677 704 812 742 cana
831 697 1214 754 superstruatur.
1272 689 1478 740 Memini
1516 690 1670 738 tribus
1701 691 1808 752 jam
1844 689 2025 739 abhinc
2052 690 2195 740 annis
2235 690 2516 752 opinionem
2550 689 2703 738 istam
2738 688 2801 740 de
2830 694 2967 739 motu
2992 687 3204 738 Telluris
3241 687 3403 738 nescio

677 777 823 827 quem
857 761 1134 826 theologice
1173 760 1536 811 defendendam
1582 761 1883 822 suscepisse,
1934 759 1984 808 h.
2023 774 2066 809 e.
2114 760 2353 809 universis
2392 757 2443 809 S.
2485 757 2771 822 Scripturae
2818 759 2963 816 locis,
3010 773 3139 824 quae
3183 758 3256 807 illi
3294 765 3404 807 sunt

678 833 953 890 contraria,
1000 847 1088 896 pro
1132 845 1228 882 sua
1271 831 1524 880 sententia
1559 831 1899 894 respondisse3
1952 845 2016 880 ex
2061 845 2154 895 quo
2200 831 2388 882 sactum
2436 837 2539 888 est,
2590 837 2647 878 ut
2682 829 2734 881 S.
2776 829 3035 880 Generalis
3072 828 3405 895 Inquisitionis

676 903 896 954 edictum
929 903 1052 952 illud
1089 903 1361 958 emanarit,
1400 901 1735 951 defensionem
1769 901 1901 952 hanc
1941 901 2211 958 damnans,
2250 901 2671 965 assertionemque
2708 901 2865 966 ipsam
2904 901 2967 952 de
3002 907 3140 952 motu
3176 899 3401 956 Telluris,

665 980 733 1028 „ut
768 987 1040 1038 germanae
1077 971 1188 1023 S.S.
1227 973 1624 1036 interpretationi
1659 973 2025 1030 adversantem,
2063 985 2201 1022 ream
2238 972 2514 1040 declarans.
2570 971 2685 1022 Hac
2721 973 2784 1022 de
2820 987 2873 1022 re
2911 979 3022 1022 tota
3058 973 3321 1022 certiorem
3356 977 3404 1020 te

675 1044 844 1094 facere
880 1044 1026 1106 volui,
1060 1049 1134 1104 ut,
1173 1043 1216 1092 si
1253 1044 1377 1092 forte
1413 1043 1611 1092 nescias
1624 1078 1639 1099 ‚
1678 1043 2105 1092 lucubrationibus
2144 1045 2241 1092 tuis
2278 1043 2331 1092 in
2365 1048 2617 1106 posterum
2653 1056 2861 1100 caveas,
2900 1041 3258 1108 consiliumque
3290 1041 3407 1091 illud

675 1115 860 1164 inferas
883 1115 936 1163 in
960 1114 1136 1164 harum
1161 1113 1394 1172 editione,
1434 1112 1562 1176 quod
1588 1114 1818 1176 prudenti
1852 1113 2041 1175 judicio
2065 1115 2359 1162 trutinatum
2396 1128 2423 1162 e
2459 1128 2513 1163 re
2538 1119 2629 1162 tua
2653 1114 2816 1179 magis
2840 1113 3057 1162 futurum
3084 1112 3401 1164 existimabis.

821 1184 1009 1245 Quibus
1045 1183 1294 1248 Keplerus
1328 1191 1492 1232 motus
1528 1184 1729 1234 monitis
1767 1184 2023 1248 praemisit
2056 1183 2364 1234 Harmoniae
2412 1197 2537 1236 suae
2582 1184 2835 1248 quendam
2876 1185 3219 1247 prodromum,
3274 1183 3403 1242 „Ad-

674 1256 996 1305 monitionem
1031 1255 1096 1304 ad
1119 1254 1424 1318 Bibliopolas
1452 1261 1662 1310 exteros,
1699 1256 1993 1318 praesertim
2014 1253 2225 1311 Italos“‚
2262 1255 2313 1303 in
2346 1269 2445 1320 quo
2483 1269 2585 1304 rem
2622 1269 2765 1304 suam
2803 1255 3075 1305 defendens
3112 1268 3216 1320 qua
3251 1255 3406 1318 potnit

673 1326 978 1382 subtilitate,
1023 1327 1097 1375 sic
1133 1325 1414 1376 concludit:
1474 1323 1714 1375 Omnibus
1751 1327 1980 1390 expensis
2016 1331 2293 1384 statuetur,
2336 1325 2387 1374 id
2423 1325 2667 1376 ecclesiae
2703 1325 2965 1376 Romanae
3001 1325 3174 1375 fideles
3211 1323 3402 1376 matbe-

673 1397 846 1448 matici
883 1401 1046 1446 ratum
1079 1395 1251 1459 procul
1291 1396 1438 1446 dubio
1474 1403 1527 1445 et
1563 1403 1793 1446 sanctum
1827 1395 2099 1446 habebunt.

585 1476 592 1481 “
813 1466 1086 1531 Keplerum
1122 1467 1338 1518 obscuris
1353 1502 1368 1524 ‚
1407 1468 1583 1532 quibus
1619 1467 1869 1516 concludit
1904 1467 2277 1516 annotationem
2316 1463 2396 1528 (a)
2435 1465 2594 1517 verbis
2608 1501 2623 1524 ,
2660 1465 2789 1518 haec
2828 1473 2879 1517 et
2914 1466 3098 1518 similia
3131 1473 3402 1531 spectasse,

672 1536 810 1588 haud
845 1537 1061 1588 dubium.

817 1673 910 1739 33)
947 1692 996 1742 p.
1036 1673 1155 1725 119.
1227 1676 1408 1727 Paucis
1445 1677 1720 1728 notandum
1754 1677 1837 1726 liic
1874 1690 2163 1734 censemus,
2212 1673 2393 1728 falsam
2438 1677 2571 1729 lianc
2606 1677 2669 1728 de
2713 1685 2880 1738 „motu
2917 1683 3225 1728 cometarum
3262 1677 3403 1728 recti-

673 1748 836 1799 lineo“
893 1748 1194 1798 sententiam
1242 1761 1275 1796 a
1317 1747 1538 1811 Keplero
1588 1763 1686 1797 non
1741 1753 1940 1798 tanturn
1993 1749 2045 1797 in
2100 1747 2221 1797 libro
2273 1744 2383 1806 „De
2419 1744 2686 1805 cometis“'‚
2742 1750 2830 1798 sed
2887 1751 3039 1800 etiam
3086 1751 3139 1800 iu
3184 1749 3403 1814 pluribus

676 1820 814 1876 aliis,
862 1832 982 1883 quos
1020 1818 1335 1880 conscripsit,
1385 1818 1521 1868 libris
1557 1819 1758 1881 proponi
1798 1818 2111 1882 defendique.
2185 1817 2331 1867 Error
2366 1816 2491 1869 forte
2529 1820 2885 1870 condonandus
2930 1821 3061 1882 vii-o,
3114 1820 3199 1884 qui
3236 1833 3407 1884 parum

673 1892 941 1942 instructus
973 1887 1138 1938 fuerat
1173 1889 1592 1938 observationibus
1631 1889 1839 1938 aliorum
1877 1894 2266 1938 astronomorum
2304 1891 2719 1962 accuratioribus,
2766 1903 2927 1955 neque
2962 1892 3069 1954 ipse
3104 1891 3219 1955 plus
3258 1903 3403 1955 quam

675 1961 748 2010 bis
787 1955 1175 2022 (1607,1618)
1215 1964 1440 2008 cometae
1477 1966 1664 2008 motum
1701 1960 1961 2010 observare
1998 1965 2245 2022 potuerat.

816 2029 878 2080 In
911 2029 1067 2079 literis
1105 2025 1180 2090 (4.
1217 2028 1318 2078 Jul.
1363 2023 1523 2090 1603)
1564 2030 1629 2080 ad
1666 2029 1792 2080 Dav.
1836 2029 2115 2080 Fabricium
2151 2029 2281 2079 datis
2332 2029 2589 2096 quaerenti
2624 2029 2849 2080 Fabricio
2896 2029 2959 2080 de
3008 2037 3191 2081 natura
3243 2045 3400 2080 eome-

673 2108 840 2152 tarum
873 2100 1002 2152 haee
1037 2099 1319 2162 respondit·
1391 2103 1794 2157 obscurissima
1847 2109 1938 2156 est
1991 2103 2261 2173 quaestio.
2342 2102 2460 2156 Nec
2512 2103 2701 2173 plures
2757 2121 2866 2175 ego
2921 2103 3031 2158 vidi
3076 2120 3220 2168 uno,
3278 2104 3401 2158 anni

677 2182 1160 2244 96.N0v.;i11um
1187 2181 1317 2235 anni
1347 2179 1422 2235 93
1453 2199 1733 2253 nunquam
1751 2181 1911 2252 potui
1929 2183 2133 2236 videre.
2179 2178 2267 2234 De
2294 2188 2511 2236 cometa
2538 2181 2668 2236 anni
2696 2182 2771 2236 90
2800 2201 2871 2236 ne
2898 2183 3143 2238 inaudivi
3168 2182 3402 2254 quidem.

673 2263 762 2316 De
791 2267 1010 2314 cometa
1037 2261 1164 2315 anni
1197 2259 1269 2315 77
1300 2261 1543 2330 plurima
1581 2262 1783 2324 audivi,
1828 2263 2099 2315 adductus
2138 2261 2308 2314 etiam
2351 2277 2471 2316 sum
2506 2262 2563 2316 in
2598 2263 2779 2316 lecum
2828 2263 3005 2316 altum
3042 2277 3079 2316 a
3112 2269 3297 2318 inme
3336 2263 3401 2316 ad

673 2357 800 2396 eum
827 2342 1324 2410 contemplandum,
1371 2343 1469 2394 sed
1505 2359 1628 2396 cum
1667 2357 1849 2396 essem
1882 2341 2049 2393 valde
2088 2355 2240 2410 puer.
2298 2346 2579 2396 Annorum
2616 2341 2693 2396 80
2721 2343 2815 2395 vel
2852 2341 2929 2397 82
2956 2343 3297 2397 alterutrum
3320 2359 3402 2396 nie

675 2419 876 2475 vidisse
903 2428 1072 2490 put0;
1101 2437 1232 2475 nam
1257 2421 1369 2474 vidi
1397 2421 1683 2477 stellulam
1710 2419 2076 2475 clarissimam
2103 2426 2163 2474 et
2190 2421 2525 2475 brevissimis
2554 2420 2826 2485 crinibus3
2854 2422 2951 2475 sed
2978 2422 3241 2478 decennis
3268 2437 3403 2493 puer

665 2500 868 2572 putavi
905 2501 1127 2556 solitam
1161 2516 1306 2555 ess-e.

817 2577 1050 2629 Ceterum
1087 2579 1226 2628 diota
1259 2577 1466 2641 Kepleri
1503 2575 1790 2640 hypothesis
1827 2577 2149 2641 posteriorum
2188 2582 2577 2627 astronomorum
2614 2577 3038 2628 observationibus
3074 2577 3399 2642 computatio-

675 2650 914 2714 nibusque
947 2649 1168 2701 inserviit
1204 2645 1273 2709 (v.
1302 2663 1346 2699 c.
1383 2647 1635 2705 Wrennio,
1675 2644 1945 2709 Cassinio),
1986 2662 2146 2711 neque
2181 2648 2313 2710 prius
2349 2661 2517 2698 verum
2556 2648 2616 2698 de
2654 2655 2957 2700 cometarum
2990 2656 3131 2699 motu
3160 2649 3400 2711 judiciuin

675 2721 801 2770 ferre
837 2720 994 2777 licuit,
1031 2733 1181 2784 quam
1216 2718 1264 2768 J.
1303 2717 1516 2768 Neu-ton
1552 2732 1631 2775 ea,
1671 2733 1799 2784 quae
1835 2718 2084 2782 Keplerus
2122 2716 2225 2770 Soli
2261 2718 2570 2784 planetisque
2608 2721 2973 2782 vindicaverat,
3007 2719 3159 2770 latius
3194 2723 3403 2784 patente

674 2794 871 2843 nomine
909 2792 1133 2841 omnibus
1170 2791 1449 2854 corporibus
1485 2792 1670 2839 tribuit.

823 2926 917 2992 34)
956 2946 1003 2995 p.
1033 2926 1153 2979 119.
1215 2928 1355 2980 Voce
1396 2930 1500 2988 „vis
1523 2926 1843 2995 magnetica“
1882 2930 2037 2978 utitur
2052 2926 2315 2991 Keplerus,
2353 2944 2453 2978 non
2491 2928 2620 2994 quod
2654 2930 2752 2979 vim
2778 2928 3109 2980 atstactivam·
3130 2928 3404 2980 confundas

680 3017 792 3053 cum
827 3006 876 3052 vi
911 3003 1228 3066 magnetica,
1281 3001 1371 3051 sed
1419 3000 1674 3050 brevitatis
1709 3013 1866 3050 causa
1914 3006 1966 3048 et
2021 3000 2139 3063 quia
2184 3000 2280 3049 hac
2326 3000 2434 3049 sola
2468 3014 2588 3050 voce
2620 3014 2729 3050 rem
2766 3000 3101 3051 dilucidiorem
3134 3001 3402 3051 lectoribus

677 3074 784 3123 fore
825 3073 1038 3137 putabat
1085 3086 1233 3137 quam
1281 3073 1546 3121 multorum
1594 3071 1849 3121 verborum
1886 3077 2163 3134 apparatu3
2216 3084 2515 3135 quamquam
2564 3074 2794 3157 saepius,
2846 3072 2957 3121 aliis
3008 3072 3283 3122 destitutas
3316 3072 3404 3124 ad·

679 3144 924 3193 ininiculis
959 3156 1054 3192 neo
1088 3158 1208 3205 rein,
1253 3144 1386 3192 sicut
1420 3142 1616 3199 debuit,
1665 3142 1730 3191 ad
1768 3141 2019 3205 quaelibet
2052 3141 2357 3193 transioews
2396 3156 2600 3205 corpora
2632 3144 2777 3193 nimis
2814 3142 3123 3194 confidenter
3154 3142 3251 3193 illa
3284 3157 3401 3193 vnce

678 3216 848 3265 ulitur.
923 3210 1198 3278 (Compara
1243 3214 1488 3263 eruditam
1539 3213 1928 3277 disquisitionem
1972 3211 2035 3262 de
2084 3211 2292 3275 Kepleri
2338 3214 2444 3261 vita
2490 3219 2543 3263 et
2589 3214 2783 3278 scriptis
2818 3216 3105 3278 professoris
3142 3213 3399 3281 stuttgar-

679 3286 854 3337 tiensis
892 3284 950 3335 0.
979 3285 1040 3335 G.
1077 3284 1384 3336 Reuschlini.
1437 3283 1626 3349 Stuttg.
1663 3298 1711 3335 a.
1754 3278 1883 3333 1841
1932 3290 1986 3333 et
2022 3288 2196 3333 notam
2230 3281 2438 3348 Kepleri
2476 3285 2542 3335 ad
2578 3280 2971 3350 cap.16.[i'].)

823 3404 914 3468 35)
951 3404 2061 3473 p.122.Guilie1mus,Landgiaviui
2098 3408 2329 3466 Hassiae,
2368 3422 2513 3473 quem
2547 3406 2796 3471 Keplerus
2842 3406 2926 3459 hie
2964 3412 3017 3457 et
3052 3408 3179 3459 alias
3212 3410 3399 3472 passim

679 3484 1060 3535 commemorat,
1106 3480 1366 3544 plurimum
1411 3480 1642 3543 temporis
1688 3484 1743 3529 et
1789 3481 2035 3541 pecuniae
2081 3478 2501 3529 observationibus
2547 3480 2887 3529 monomicis
2921 3480 3163 3542 impendit
3198 3486 3255 3529 et
3289 3481 3399 3530 viris

680 3550 1010 3599 astronomiae
1045 3551 1350 3613 peritioribus
1386 3564 1476 3613 per
1509 3551 1712 3614 longam
1749 3562 1991 3599 annorum
2026 3552 2205 3600 seriem
2240 3550 2437 3614 copiam
2483 3548 2623 3601 dedit
2670 3550 2840 3600 studia
2880 3564 2978 3601 sua
3010 3550 3223 3601 colendi.
3300 3550 3397 3601 Ob-

677 3622 984 3670 servationes
1023 3620 1238 3671 Casselis
1274 3624 1596 3671 continuatae
1647 3627 1764 3669 sunt
1809 3621 1875 3669 ab
1925 3634 2059 3671 anno
2108 3618 2237 3671 1561
2292 3634 2449 3686 usque
2495 3621 2561 3670 ad
2608 3622 2843 3685 principis
2890 3628 3101 3671 mortni
3150 3634 3199 3671 a.
3243 3619 3397 3679 1592,

677 3694 898 3743 maxima
931 3704 994 3741 ex
1027 3698 1170 3754 parte
1205 3690 1610 3742 Rothmanno
1649 3697 1702 3741 et
1736 3691 1968 3757 Byrgio
2006 3704 2206 3756 operam
2242 3706 2385 3742 suam
2410 3692 2789 3748 conferentibus,
2824 3692 3083 3743 literarum
3104 3693 3398 3743 eomer-oio

677 3776 932 3826 nunquam
969 3764 1072 3811 fere
1107 3764 1387 3812 intermisso
1426 3776 1538 3812 cum
1575 3760 1828 3825 Tyclione.
1870 3764 1953 3827 qui
1987 3763 2171 3814 multas
2208 3778 2237 3813 e
2270 3763 2505 3827 principis
2540 3763 2695 3813 literis
2729 3763 2915 3826 publici
2943 3765 3069 3826 iuris
3102 3764 3243 3813 feeit·
3314 3761 3395 3825 (In

677 3834 798 3883 libro
844 3834 1109 3896 inscripto:
1164 3832 1412 3895 Tychonis
1446 3833 1614 3882 Bralie
1651 3832 1788 3883 Dani
1824 3834 2156 3897 Epistularum
2192 3834 2634 3885 astronomicarum
2680 3833 2805 3883 liber
2838 3834 2903 3890 Ι..
2948 3834 3015 3883 de
3058 3848 3155 3898 quo
3202 3830 3392 3897 supra.)

679 3903 944 3953 Stellarum
982 3904 1187 3952 fixarum
1224 3899 1330 3953 400
1357 3918 1559 3954 numero
1599 3904 1860 3969 catalogus
1896 3905 2151 3954 confectus
2188 3912 2265 3954 est
2301 3904 2527 3966 adjectus
2566 3903 2849 3963 „Historiae
2882 3904 3142 3960 coelesti“,
3178 3905 3395 3970 reliquae

679 3976 1044 4024 observationes
1095 3976 1264 4025 insunt
1309 3978 1442 4038 operi
1489 3976 1752 4037 inscripto:
1825 3973 1961 4024 Coeli
2016 3983 2069 4025 et
2122 3975 2335 4025 siderum
2378 3978 2430 4024 in
2474 3988 2533 4024 eo
2582 3976 2851 4025 ensufium
2896 3975 3393 4027 Observationes

675 4045 1032 4095 Hassiacae
1069 4043 1160 4094 dte.
1197 4046 1482 4109 publicante
1518 4046 1937 4095 willebrordo
1974 4044 2242 4097 Suellio:
2290 4046 2451 4111 Lugd.
2489 4046 2606 4096 Bat.
2648 4042 2807 4095 1618.

819 4182 913 4247 36)
950 4200 998 4249 p.
1031 4183 1160 4236 122.
1234 4184 1470 4235 Nicolaus
1508 4185 1816 4235 cusanus
1856 4183 1914 4248 (†
1952 4182 2149 4245 1464),
2204 4186 2471 4237 cardinalis
2516 4192 2569 4236 et
2612 4186 2809 4253 legatus
2844 4186 3131 4246 Romanus,
3176 4188 3227 4237 iii
3272 4188 3391 4238 libio

679 4257 741 4307 de
777 4258 1084 4320 quadratura
1120 4257 1304 4305 circuli.
1382 4254 1576 4320 (Comp.
1614 4255 1925 4306 Hanscliium
1962 4272 2011 4321 p.
2051 4254 2171 4313 355,
2212 4264 2263 4307 et
2297 4257 2471 4307 librum
2506 4258 2821 4322 inscriptum:
2864 4257 3110 4316 Clemens,
3146 4257 3393 4308 Jordanus

673 4328 843 4379 Bruuo
879 4328 982 4377 und
1015 4326 1128 4377 Nic.
1168 4328 1232 4377 de
1269 4326 1416 4377 Ouia.
1475 4324 1656 4387 1847.)
1727 4328 1787 4376 In
1826 4328 1986 4377 libello
2026 4326 2213 4377 Cusani
2254 4328 2367 4387 „De
2404 4329 2557 4379 docta
2597 4328 2912 4395 ignorantia“
2967 4329 3389 4393 deprehendimus.

676 4399 808 4463 quod
843 4400 999 4449 obiter
1032 4404 1290 4455 notamus,
1345 4398 1474 4449 haec
1522 4405 1800 4449 memoratu
1850 4399 2005 4464 digna
2040 4400 2217 4451 verba:
2263 4402 2373 4462 jam
2407 4400 2551 4451 nobis
2586 4401 2905 4451 manifestum
2942 4406 3049 4459 est,
3100 4400 3305 4451 Terram
3340 4401 3389 4449 in

675 4470 886 4519 veritate
920 4470 1120 4519 moveri.

821 4586 913 4652 37)
950 4607 998 4656 p.
1042 4589 1158 4640 125.
1235 4588 1378 4641 Haec
1414 4597 1531 4640 sunt
1565 4590 1737 4641 Rhae
1751 4593 1865 4641 tici
1902 4592 2082 4641 verba:
2138 4590 2345 4642 Divinus
2370 4592 2513 4643 Plato
2546 4594 2869 4658 pronunciat:
2908 4590 3260 4645 astronomim
3283 4592 3390 4643 Deo

675 4669 949 4725 praeeunte
984 4662 1237 4713 inventam
1274 4677 1400 4712 esse.
1462 4662 1611 4711 Hunc
1647 4664 1697 4711 in
1734 4664 1930 4713 modum
1956 4662 2214 4713 Platonem
2251 4663 2627 4729 intelligendum
2661 4680 2770 4715 esse
2802 4671 2950 4730 puto.
2936 4677 2950 4690 ·
2986 4662 3389 4716 mathematicum

677 4730 890 4781 siderum
925 4738 1088 4783 motus
1124 4740 1518 4800 perscrutantem
1555 4734 1825 4783 rectissime
1863 4734 2140 4784 assimulari
2178 4749 2357 4793 caeco,
2396 4738 2497 4794 oui,
2531 4735 2872 4786 tantummodo
2908 4736 3085 4787 baculo
3122 4750 3211 4786 sno
3248 4737 3388 4787 duce.

676 4814 941 4867 magnum,
977 4805 1238 4863 infinitum,
1276 4806 1544 4871 lubricum,
1581 4802 1882 4871 infinitisque
1920 4806 2074 4855 deviis
2110 4806 2378 4856 involutum
2415 4808 2512 4856 iter
2546 4808 2611 4857 sit
2648 4806 3024 4858 conficiendum.
3100 4806 3234 4868 Quid
3268 4806 3389 4856 fiet?

678 4874 994 4941 Aliquamdiu
1030 4876 1238 4927 sollicite
1275 4865 1545 4936 incedens,
1582 4874 1759 4926 baculo
1796 4891 1885 4927 suo
1922 4878 2053 4927 viam
2090 4880 2405 4943 quaeritans,
2442 4884 2493 4929 et
2531 4878 2689 4931 eidem
2728 4878 3020 4947 quandoque
3058 4878 3389 4945 desperandus
