3634 5575
521 340 653 409 300
1372 343 1575 394 Literae
1610 340 1817 407 Kepleri
1853 342 2154 407 suorumque
2187 346 2392 393 muman

518 501 635 565 fide
683 500 886 581 digno,
938 500 1039 561 vix
1082 500 1307 563 imitari
1356 497 1580 574 audeo)
1626 500 1860 580 periere
1911 498 2166 561 flammis
2213 496 2298 562 25
2346 496 2637 572 homines,
2685 494 2730 562 4
2773 504 2991 572 turres,
3039 498 3232 578 ipsius

518 588 693 651 Jovis
722 588 1019 669 palatium
1047 598 1211 651 metu
1241 588 1489 668 periculi
1538 607 1709 649 suum
1748 588 1979 667 expulit
2011 587 2432 649 habitatorem.
2511 584 2740 649 Omnes
2777 585 3033 648 reditum
3062 587 3230 664 prin-

522 677 675 756 cipis
740 675 1063 753 trepidant.
1158 677 1393 739 Dicitur
1447 677 1665 737 Italica
1722 676 1948 737 auxilia
2004 676 2320 736 adducere.
2424 674 2676 736 Senatui
2737 674 2929 736 civico
2987 682 3230 735 nostrae

520 762 931 827 confessionis
955 764 1347 845 magistratus
1397 765 1725 843 abrogatus
1774 772 1886 824 est.
1978 764 2298 824 Portarum
2331 771 2392 823 et
2423 761 2870 824 armamentarii
2901 762 3090 824 urbici
3121 782 3229 823 cu-

521 852 761 915 stodiae
819 852 1028 931 Papae
1094 852 1539 915 confessoribus
1606 852 1892 913 creditae.
1986 852 2286 913 Minarum
2350 850 2548 912 omnia
2610 851 2810 929 plena.
2903 848 3028 911 Sed
3093 870 3232 911 ecce

520 941 749 1003 omina:
799 948 925 1001 tres
972 941 1031 1003 in
1082 942 1195 1002 hac
1240 941 1386 1003 urbe
1432 948 1743 1004 matronae
1792 940 2002 1002 eodem
2049 940 2174 1000 fere
2221 949 2509 1018 tempore,
2559 940 2854 999 adornato
2897 940 3232 1018 puerperio,

520 1029 822 1091 conducta
866 1037 931 1089 et
976 1030 1277 1091 accersita
1322 1027 1682 1104 obstetrice,
1744 1029 1844 1090 diu
1901 1048 2016 1098 ,τας
2066 1026 2280 1097 αἰῶνας
2325 1033 2718 1106 expectantes
2777 1028 3022 1088 tandem
3069 1028 3229 1087 didi-

520 1136 653 1178 cere
702 1137 741 1177 a
786 1116 911 1178 suis
960 1117 1404 1189 obstetricibus,
1445 1136 1509 1179 se
1548 1124 1783 1179 uterum
1821 1134 1938 1177 non
1969 1134 2198 1194 gerere,
2247 1114 2460 1176 Haben
2490 1116 2655 1197 Drey
2688 1115 2810 1176 fehl
2841 1115 3230 1187 (Nullitates)

518 1204 799 1285 geboren.
890 1198 1091 1267 Faxit'
1116 1205 1283 1267 Deus
1343 1214 1538 1266 ratum
1600 1224 1770 1267 omen
1838 1211 1900 1265 et
1947 1204 2204 1282 dissipet
2257 1202 2512 1265 consilia
2559 1203 3041 1264 adversariorum
3087 1220 3233 1264 suo-

516 1311 666 1355 rum.
762 1290 1018 1355 oremus
1066 1301 1267 1355 autem
1315 1294 1524 1373 ipsum,
1574 1302 1641 1355 ut
1686 1292 2242 1355 innocentissimum
2291 1291 2596 1371 juvenculi
2642 1290 2928 1370 principis
2976 1290 3234 1352 animum

518 1388 731 1442 contra
790 1380 1088 1458 pessimos
1152 1381 1527 1443 consultores
1592 1382 1839 1442 muniat.
1937 1378 2099 1450 Quid
2163 1378 2213 1439 si
2283 1380 2469 1441 donet
2532 1380 2726 1459 ipsum
2784 1379 2950 1439 Deus
3005 1379 3230 1441 nostris

518 1468 815 1547 precibus.
1732 1533 1739 1539 ,
3068 1475 3074 1479 “

696 1554 1014 1617 Cometam
1062 1555 1265 1617 dixere
1312 1562 1619 1617 nostrates
1666 1555 1908 1618 stellam
1948 1553 2207 1616 Veneris
2255 1553 2514 1615 interdiu
2561 1554 2754 1615 visam
2769 1572 2788 1628 ;
2837 1553 2909 1614 de
2958 1571 3075 1634 quo
3121 1573 3233 1633 ego

518 1643 845 1711 consultus,
894 1651 963 1704 ut
1007 1643 1216 1723 aspexi
1263 1642 1564 1724 respondi,
1612 1642 1912 1705 mitiorem
1967 1643 2028 1703 in
2065 1642 2235 1704 coelo
2283 1642 2526 1703 stellam
2573 1660 2690 1702 non
2721 1660 2878 1703 esse.
2953 1641 3026 1702 Id
3062 1660 3232 1703 omen

516 1731 728 1792 eodem
774 1749 887 1809 ego
934 1731 1160 1792 refero:
1218 1740 1289 1793 ut
1332 1730 1629 1809 significet
1674 1730 1768 1792 hic
1815 1738 2054 1793 cometa
2087 1738 2312 1791 metum
2360 1730 2783 1791 frustraneum.
2863 1727 2998 1799 Quo
3047 1730 3231 1792 etiam

515 1818 779 1897 pertinet
822 1819 1121 1897 eclipseos
1166 1818 1421 1898 ἔκλειψις
1468 1819 1562 1879 vel
1592 1818 1952 1879 emanentia.
2045 1817 2390 1879 Moscovita
2436 1818 2653 1879 dicitur
2691 1826 2981 1879 mortuus,
3067 1817 3226 1879 Ecce

516 1906 819 1968 borealem
868 1906 1136 1984 eclipsin.
1231 1908 1321 1968 De
1370 1907 1570 1969 Turca
1615 1907 1812 1985 exigui
1876 1912 2016 1967 sunt
2060 1924 2351 1968 rumores,
2441 1905 2774 1967 Perhibent
2832 1915 3035 1968 tamen
3082 1924 3232 1967 ven·

518 2002 713 2057 turum
760 1995 1004 2075 propria
1065 1995 1123 2056 in
1189 2014 1465 2075 persona.
1556 1996 1649 2057 De
1706 1994 1958 2055 Jaurino
2017 2002 2368 2071 recuperato
2427 2010 2684 2073 magnae
2751 2001 2894 2054 sunt
2955 1995 3233 2073 gratula-

516 2082 735 2145 tioneS.
829 2083 963 2145 Non
1014 2083 1101 2145 ita
1145 2084 1376 2163 pridem
1424 2081 1950 2162 Constantinopoli
2009 2079 2186 2144 4000
2233 2082 2542 2143 domorum
2604 2082 3072 2160 conflagrarunt.
3166 2083 3233 2143 In

515 2170 801 2252 Bithynia
846 2189 1031 2250 prope
1080 2172 1518 2252 Trapezuntem
1578 2172 1729 2233 duae
1778 2171 1955 2232 urbes
2023 2190 2136 2231 non
2187 2168 2482 2249 ignobiles
2528 2177 2728 2231 terrae
2776 2176 2942 2231 motu
2988 2188 3232 2231 corrue-

517 2266 691 2319 runt:
766 2266 829 2319 et
884 2259 1139 2338 periisse
1195 2260 1584 2339 perhibentur
1648 2260 1723 2320 ad
1774 2256 1992 2323 70000
2039 2258 2360 2319 hominum.
2455 2260 2520 2320 In
2571 2258 2882 2320 limitanea
2924 2258 3237 2337 Hungaria

457 2368 461 2373 ’
517 2346 665 2407 duos
712 2346 945 2407 Bassas
990 2347 1149 2409 inter
1194 2349 1327 2409 rixa
1373 2355 1437 2408 et
1483 2348 1679 2408 minae
1729 2346 2096 2407 delationum
2145 2346 2219 2405 ad
2270 2364 2439 2406 suum
2489 2342 2818 2408 Caesarem
2865 2346 3231 2408 intercesse-

514 2442 675 2497 rant.
766 2432 894 2495 Res
942 2434 1019 2496 ad
1049 2455 1219 2497 arma
1264 2436 1449 2497 venit.
1541 2437 1799 2498 Delator
1829 2436 2059 2496 futurus
2097 2433 2182 2495 ab
2224 2434 2416 2494 altero
2463 2432 2520 2493 in
2571 2452 2898 2513 congressu
2945 2432 3235 2513 singulari

515 2521 900 2602 interfectus:
960 2524 1114 2603 quod
1165 2544 1297 2586 cum
1343 2524 1589 2586 alterius
1636 2523 1795 2584 servi
1842 2523 2142 2595 viderent,
2195 2520 2494 2582 dominum
2540 2522 2652 2583 ulti
2699 2522 2954 2583 alterum
3001 2540 3232 2602 quoqne

516 2609 984 2673 interfecerunt:
1050 2612 1281 2691 periere
1330 2612 1407 2673 ad
1454 2609 1542 2675 40
1588 2612 1883 2691 utrinque.
1979 2611 2148 2671 Haec
2196 2610 2398 2670 omnia
2442 2611 2599 2672 male
2645 2610 2735 2672 illi
2780 2610 3030 2688 imperio
3079 2611 3232 2671 omi-

398 2749 405 2757 .
516 2705 755 2760 uantur.
848 2699 1009 2761 Nam
1054 2700 1106 2760 si
1152 2707 1385 2762 tantum
1432 2701 1761 2762 animorum
1787 2697 2001 2760 Bassis
2049 2698 2328 2772 accrevit,
2381 2697 2523 2759 olim
2561 2697 2807 2759 audebit-
2842 2698 3091 2777 aliquid,
3133 2698 3232 2777 qui

516 2786 705 2849 vitam
736 2806 906 2848 suam
934 2787 991 2848 in
1023 2787 1287 2868 periculo
1327 2789 1571 2851 videbit.
1647 2790 1735 2852 Ut
1780 2797 1918 2850 sunt
1963 2786 2162 2848 omnia
2189 2786 2468 2861 humana,
2509 2786 2640 2866 jam
2687 2786 3003 2858 salutaria,
3048 2787 3262 2866 paulo-

516 2883 659 2954 post
704 2875 995 2945 exitiosa‚
1042 2877 1133 2938 ita
1176 2876 1361 2938 etiam
1406 2877 1637 2956 rigidae
1684 2877 2010 2939 Turcarum
2059 2877 2253 2953 leges,
2323 2881 2389 2936 et
2433 2874 2823 2936 inexorabilis
2869 2875 2928 2935 in
2975 2875 3229 2950 Bassas,

514 2960 575 3022 in
624 2963 824 3042 regios
872 2962 1093 3025 liberos
1142 2965 1463 3037 sententia,
1514 2965 1727 3044 quibus
1772 2964 1951 3026 rebus
1999 2963 2292 3024 hactenus
2341 2963 2517 3023 stetit
2545 2963 2696 3024 haec
2725 2963 2932 3036 moles,
2985 2964 3234 3025 eaedem

514 3049 683 3111 illam
744 3067 989 3128 pessum
1046 3053 1293 3114 dabunt.
1388 3052 1744 3132 Exemplum
1804 3070 1960 3113 anno
2030 3047 2195 3113 1562
2253 3050 2311 3112 in
2359 3051 2690 3129 Mustapha
2733 3049 3011 3113 vidimus.
3108 3051 3232 3114 Sed

518 3136 869 3219 Solymanni
916 3157 1148 3202 summa
1200 3141 1532 3214 auctoritas
1578 3138 1982 3219 periculosum
2029 3138 2366 3200 incendium
2414 3138 2786 3217 restinguere
2843 3147 2967 3200 tum
3013 3140 3230 3219 potuit,

518 3224 673 3286 alius
700 3243 817 3286 non
846 3227 1088 3306 poterit,
1138 3229 1309 3308 cujus
1347 3247 1462 3289 non
1504 3235 1601 3289 est
1639 3234 1812 3288 tanta
1841 3227 2000 3288 bello
2031 3226 2298 3288 felicitas
2329 3234 2750 3306 gestorumque
2799 3226 3013 3306 gloria.
3108 3227 3233 3289 Sed

522 3315 727 3374 futura
772 3314 861 3376 sic
909 3315 1211 3379 habento:
1288 3317 1345 3378 in
1393 3315 1745 3396 praesentia
1790 3316 1944 3377 citra
1990 3333 2226 3375 omnem
2275 3315 2746 3376 controversiam
2794 3313 2997 3394 gliscit
3040 3315 3229 3376 nostri

524 3398 812 3463 Caesaris
862 3405 1227 3478 auctoritaS,
1275 3414 1575 3485 utcunque
1622 3404 1958 3482 Hispanica
2005 3402 2263 3482 expiret.
2355 3401 2680 3464 Enimvero
2725 3404 3090 3482 vigilandum
3139 3409 3237 3465 est

518 3489 921 3553 nostratibus:
990 3493 1226 3554 videtur
1269 3492 1329 3554 in
1388 3501 1595 3555 nostro
1645 3489 1912 3554 Caesare
1961 3491 2160 3552 inesse
2210 3488 2648 3552 Archimedaea
2713 3490 3008 3570 quaedam
3073 3491 3231 3554 ratio

518 3585 783 3652 moturas
824 3580 925 3659 qui
972 3581 1123 3642 adeo
1170 3581 1407 3655 lentus,
1473 3589 1542 3642 ut
1586 3580 1687 3641 vix
1744 3581 1949 3641 oculos
1995 3578 2294 3650 incurrat,
2358 3595 2642 3639 successu
2687 3587 2890 3664 tamen
2937 3580 3228 3658 temporis

516 3665 823 3744 ingentem
868 3669 1084 3731 molem
1132 3676 1526 3731 commoveat.
1618 3667 1778 3728 Ecce
1828 3669 2062 3747 Pragae
2111 3667 2361 3740 sedens,
2439 3666 2567 3727 sine
2607 3666 2731 3726 ulla
2777 3666 3032 3729 bellicae
3081 3667 3230 3728 artis

516 3753 775 3833 peritia,
860 3756 987 3818 sine
1054 3755 1417 3817 auctoritate
1484 3757 1583 3830 (ut
1630 3756 1886 3817 antehac
1944 3754 2333 3826 credebatur)
2398 3760 2599 3815 tamen
2669 3755 2958 3816 miracula
3001 3763 3230 3834 patrat,

516 3841 817 3920 principes
864 3843 925 3904 in
974 3843 1170 3904 officio
1219 3844 1520 3912 continet,
1589 3843 2024 3922 obsequenteS‚
2090 3850 2390 3921 promtos‚
2459 3841 2740 3904 liberales
2786 3842 3001 3917 habet,
3069 3843 3232 3904 orbis

519 3931 905 3992 monarcham
970 3939 1063 3992 tot
1122 3932 1340 3992 seculis
1401 3931 1838 3992 formidabilem
1887 3931 2178 4005 sustinet,
2249 3937 2450 3991 tractu
2497 3930 2640 3990 belli
2686 3930 3013 4008 defatigat,
3079 3933 3233 3992 citra

519 4025 721 4077 tamen
768 4037 1049 4097 magnum
1098 4019 1336 4099 aliquod
1385 4019 1850 4093 incommodum,
1915 4019 2072 4098 quod
2120 4017 2440 4080 hostilibus
2488 4018 2880 4079 incommodis
2924 4038 3229 4100 praepon-

518 4104 710 4166 deret.
805 4103 1037 4176 Quibus
1086 4107 1266 4168 rebus
1313 4107 1605 4186 ejusmodi
1670 4125 1869 4168 merae
1914 4105 2244 4186 potestatis
2311 4105 2700 4168 fundamenta
2735 4106 2918 4185 jacit,
2987 4116 3054 4170 ut
3100 4109 3234 4170 sola

514 4192 685 4272 regni
733 4192 965 4256 Turcici
1030 4194 1340 4257 inclinatio
1409 4195 1623 4257 deesse
1686 4195 1984 4256 videatur.
2080 4193 2291 4263 Quid?
2385 4191 2616 4264 Quibus
2684 4213 2908 4274 quaeso
2977 4197 3227 4268 artibus,

518 4299 637 4362 qua
700 4282 991 4344 felicitate
1038 4284 1569 4364 Transsylvaniam
1632 4282 1904 4344 restituit
1949 4282 2292 4344 Austriacis
2312 4282 2341 4342 ’ἓ
2433 4281 2608 4351 Quod
2673 4301 2879 4344 omnes
2928 4284 3228 4346 miramur.

518 4365 676 4439 Quin
726 4378 790 4431 et
833 4371 944 4432 hoc
989 4371 1219 4451 passim
1268 4372 1631 4444 affirmatur,
1680 4371 1926 4432 tertium
1975 4389 2050 4431 ex
2091 4371 2452 4431 haeredibus
2498 4370 2880 4432 nominatum·
2897 4389 3032 4434 esse
3063 4371 3228 4434 Cae-

519 4475 717 4518 sarem
761 4467 1032 4522 nostrum
1079 4459 1523 4540 aMoscovita.
1617 4458 1693 4519 Ei
1741 4459 1826 4520 rei
1875 4457 2098 4537 legatio
2145 4457 2639 4537 splendidissima
2685 4460 3112 4534 adornabatur,
3162 4467 3232 4522 ut

518 4561 605 4604 sc.
654 4545 818 4608 solus
866 4555 1073 4610 noster
1118 4549 1332 4610 haeres
1382 4546 1805 4609 nominaretur.
1901 4546 2028 4608 Sed
2074 4554 2265 4609 morte
2312 4547 2692 4609 Moscovitae
2751 4548 2976 4627 legatio
3033 4549 3230 4611 inter-

518 4629 689 4692 cidit.

694 4719 852 4782 Utut
896 4719 997 4795 sit,
1046 4721 1355 4785 fatendum
1404 4720 1642 4784 omnino
1692 4727 1821 4793 est,
1871 4739 1910 4781 a
1955 4720 2087 4783 Deo
2134 4721 2407 4784 benedici
2455 4721 2646 4784 nostri
2695 4721 2981 4787 Caesaris
3025 4725 3225 4787 rebus.

2341 4999 2384 5020 n·-
