3634 5575
610 354 745 429 668
1660 362 1717 411 ιιι
1758 361 1946 427 open·
1959 358 2274 425 ssmlogica

792 518 885 583 48)
921 536 970 585 p.
1008 518 1133 570 ⁶9⁷.
1206 522 1533 572 Feselius:
1575 557 1586 569 .
1629 556 1640 571 .
1684 554 1695 569 .
1735 519 1956 573 vievobl
1991 518 2206 571 Basilius
2241 518 2458 585 Magnus
2495 518 2690 570 solobes
2725 516 2898 579 (Arist.
2923 514 3233 582 Physvm,
3275 514 3330 579 1)

612 595 753 647 nieht
790 592 1057 658 allerdings
1097 592 1281 658 zugibt‚
1320 593 1386 643 da
1422 608 1477 642 er
1512 594 1561 642 in
1588 592 1870 643 Hesamero
1895 591 2076 643 Hamil.
2115 589 2164 639 3.
2203 590 2310 641 also
2343 590 2621 643 schreibett
2670 589 2782 651 Quo
2817 591 2956 641 circa
2985 596 3152 639 torrae
3189 602 3330 639 exer·

612 668 751 716 nasto
788 666 1035 728 antiquior
1070 670 1147 713 est
1174 663 1305 720 Sole,
1342 670 1402 713 nt
1436 666 1519 727 qui
1554 666 1605 713 in
1640 678 1802 713 errore
1839 668 2111 717 versantur,
2137 661 2304 712 Solem
2343 663 2552 713 adorare
2587 661 2833 717 desinant,
2871 662 3012 725 quasi
3053 662 3097 709 is
3123 672 3331 710 censam

612 738 748 787 vitae
782 734 1023 799 praebeat
1058 734 1393 785 nascentibus.
1464 735 1529 785 Es
1564 734 1668 785 kan
1705 734 1824 785 aber
1859 733 2008 783 sovol
2047 739 2290 798 angeregt
2326 732 2618 792 Aristotelis,
2661 731 2736 781 als
2773 731 2902 783 anch
2939 731 3030 781 das
3065 730 3330 797 Zeugnuss

613 808 824 858 Fernelii
860 821 921 857 ex
946 805 1028 856 lib.
1055 805 1097 855 1.
1137 806 1199 856 de
1236 806 1417 855 abditis
1452 820 1613 855 rernm
1650 806 1826 855 causis-
1853 818 1962 869 cap.
1989 802 2024 853 8
2067 804 2294 855 ettlicber
2327 818 2526 853 massen
2563 803 2871 859 Μύκο,
2910 801 3190 853 sonderlich
3223 816 3332 851 vas

612 894 665 927 er
698 892 793 928 von
830 879 919 927 der
952 876 1121 927 Krsffl:
1157 876 1245 925 des
1280 876 1521 927 Himrnels
1558 876 1803 926 schreibet
1838 875 1930 925 dcc.

787 947 878 1010 ⁴9)
913 964 963 1012 p.
1002 945 1123 997 508.
1198 947 1488 1013 Maginus
1537 949 1589 996 in
1636 948 1854 997 editione
1887 946 2214 996 Ptolemai
2253 944 2598 1011 Geograpbiae
2633 941 2785 1005 (Ven.
2829 940 2992 1004 1596)
3048 944 3144 993 sict
3199 941 3334 995 Sunt

612 1021 761 1070 edam
800 1021 930 1069 alise
965 1021 1208 1083 regiones.
1246 1030 1375 1082 quae
1410 1032 1593 1083 magno
1630 1018 1745 1068 duci
1782 1014 2114 1078 (Moscoviae)
2150 1016 2364 1081 vectigal
2401 1016 2611 1070 solvunt.
2659 1016 2725 1067 ad
2759 1015 3146 1078 septentrionem
3181 1017 3329 1072 sitne.

614 1100 673 1142 ut
708 1092 924 1147 Οδᾶοτιι,
964 1090 1209 1145 Condere.
1252 1088 1290 1139 C
1310 1090 1373 1138 nl
1394 1090 1641 1139 omoria
1676 1094 1729 1139 et
1765 1088 1972 1153 Loppis.
2011 1110 2080 1121 —-
2122 1086 2284 1149 Quam
2321 1088 2442 1137 dicit
2475 1087 2700 1137 fabulam
2733 1086 2982 1149 Keplerns
3017 1088 3206 1151 passim
3243 1102 3332 1137 oc-

614 1166 765 1215 currit
801 1162 933 1227 apud
968 1162 1230 1225 scriptores
1264 1160 1457 1210 illorum
1492 1166 1785 1224 temporum.
1825 1160 1934 1209 aliis
1969 1160 2169 1223 insuper
2201 1158 2382 1209 additis
2407 1157 2588 1207 fabulis
2613 1159 2678 1207 de
2699 1158 2992 1218 bominibus,
3037 1160 3150 1222 „qui
3177 1174 3331 1209 ιιιιιιιιι

610 1240 803 1285 tanturn
840 1234 1032 1284 oculum
1068 1232 1257 1281 habent
1292 1232 1343 1281 in
1378 1232 1543 1281 fronte
1560 1266 1574 1287 ‚
1632 1230 1741 1281 aliis
1792 1231 1976 1281 aversis
2013 1234 2124 1294 post
2159 1242 2304 1279 crura
2337 1229 2520 1293 plantis
2539 1263 2554 1283 ‚
2609 1229 2719 1279 aliis
2769 1230 2878 1278 sine
2931 1230 3128 1281 cer-rice
3163 1230 3332 1281 oculos

610 1308 660 1356 in
696 1306 913 1356 humeris
947 1302 1294 1353 habentibus.“
1372 1300 1454 1363 (Ρ.
1494 1304 1679 1366 Apianl
1716 1298 1996 1366 Gosmogr.)

788 1382 882 1446 50)
916 1401 964 1448 p.
1006 1380 1126 1431 602.
1202 1382 1258 1433 In
1294 1383 1413 1432 libro
1440 1380 1528 1431 lv,
1562 1380 2030 1439 „Harmonicornm“
2069 1380 2314 1443 Keplerus
2353 1381 2416 1429 ad
2453 1382 2818 1447 quaestionem:
2857 1374 2982 1446 quid
3024 1374 3200 1446 igitur
3241 1380 3331 1428 est

610 1462 771 1523 illud,
834 1460 973 1529 quod
1016 1462 1219 1511 metam
1260 1456 1420 1527 ponit
1481 1470 1703 1509 numero
1762 1459 2129 1523 aspectuum?
2187 1470 2284 1507 cur
2340 1456 2675 1526 sesquadrus
2731 1456 2940 1509 musica
2995 1454 3330 1528 cognatione

610 1538 935 1596 nobilitatus
979 1538 1069 1591 vel
1111 1536 1383 1591 omittitur
1424 1536 1510 1589 vel
1552 1536 1677 1588 vilis
1720 1535 1975 1595 habetur,
2020 1534 2353 1588 semisextus
2396 1535 2450 1589 in
2494 1534 2701 1589 musica
2737 1537 3066 1607 peregrinus
3109 1554 3217 1590 non
3245 1536 3328 1590 in·

612 1622 813 1675 seritur
870 1624 1119 1681 tantum,
1184 1618 1279 1670 sed
1340 1616 1486 1669 inter
1541 1614 1745 1685 primos
1803 1610 2154 1668 ostentatur?
2217 1622 2496 1685 respondit:
2549 1614 2680 1686 quia
2722 1633 2831 1669 non
2871 1616 3082 1671 musica
3125 1618 3330 1671 format

611 1708 870 1769 aspectus
914 1700 1008 1753 sed
1052 1696 1361 1770 geometria
1397 1702 1687 1767 utrumque
1730 1712 1926 1767 genus.
1973 1693 2096 1749 aliis
2137 1700 2326 1749 tamen
2369 1696 2588 1767 legibus
2642 1694 2828 1758 illam,
2873 1696 2998 1751 aliis
3041 1698 3162 1753 hos.
3225 1698 3334 1751 Est

610 1780 753 1851 enim
794 1787 852 1835 et
894 1779 1265 1833 harmonicum
1309 1776 1362 1830 in
1404 1776 1612 1831 musica
1653 1785 1711 1830 et
1751 1776 1954 1829 efficax
1994 1776 2050 1828 in
2091 1776 2366 1841 metentis,
2410 1778 2667 1851 quidquid
2705 1783 2793 1831 est
2836 1795 2873 1831 a
2911 1780 3098 1849 figura
3135 1778 3334 1841 nobili,

612 1878 753 1933 quae
802 1860 1112 1931 singularia
1150 1858 1325 1913 habet
1365 1856 1418 1911 in
1460 1856 1769 1928 geometria
1824 1855 2138 1928 privilegia.
2221 1858 2330 1911 Sed
2383 1866 2517 1913 sunt
2569 1859 2820 1915 diversae
2874 1858 3052 1913 veluti
3109 1865 3330 1931 gentes,

612 1940 1015 2010 meteorologia
1054 1946 1111 1993 et
1152 1939 1375 2002 musica,
1419 1956 1493 1993 ex
1534 1941 1726 1993 eadem
1764 1938 1954 2008 patria
1993 1939 2306 2010 geometria
2345 1942 2628 2005 oriundae,
2671 1956 2902 2011 quarum
2945 1942 3150 2002 altera,
3193 1939 3250 1993 h.
3279 1957 3332 1992 e.

618 2021 1000 2091 proportiones
1044 2019 1395 2074 harmonicae
1442 2020 1681 2087 patriam
1724 2018 1940 2090 quidem
1981 2020 2242 2074 circulum
2285 2020 2610 2077 fatebantur
2649 2020 2810 2091 eique
2865 2036 3022 2075 suam
3063 2018 3334 2091 originem

619 2102 874 2155 ferebant
916 2106 1217 2169 acceptam,
1262 2116 1369 2153 non
1412 2100 1586 2154 minus
1630 2116 1793 2171 quam
1837 2100 1925 2153 hic
1968 2106 2262 2169 aspectum
2321 2104 2416 2157 sed
2461 2108 2646 2156 tamen
2685 2100 2822 2155 illae
2865 2116 3133 2172 egressae
3173 2099 3335 2153 velut

620 2197 693 2234 ex
736 2180 955 2243 circulo,
1001 2179 1269 2233 coloniam
1314 2179 1589 2250 propriam
1647 2182 1996 2234 deduxerunt
2043 2180 2263 2250 suisque
2307 2181 2527 2254 leg-ibus
2571 2184 2840 2253 degentes
2885 2198 3008 2235 sese
3047 2194 3335 2252 propag-a·

616 2264 770 2314 runt:
833 2264 1091 2329 aspectus
1135 2260 1283 2313 intra
1324 2258 1582 2314 circulum
1625 2259 1864 2329 patriam
1907 2274 2061 2313 suam
2103 2267 2425 2326 manentes,
2487 2260 2708 2335 legibus
2765 2278 2872 2315 non
2916 2260 3041 2315 aliis
3084 2264 3332 2321 utuntur,

621 2356 780 2410 quam
824 2356 959 2411 quas
1003 2340 1190 2393 circuli
1232 2340 1543 2394 rotunditas
1586 2339 1721 2409 ipsis
1764 2339 2126 2409 praescribit.
2191 2342 2470 2403 desumtas
2523 2360 2598 2395 ex
2637 2340 2827 2413 figuris
2883 2340 3066 2410 planis
3107 2340 3335 2411 regula·

615 2420 765 2475 ribus
809 2419 1065 2493 congruis
1112 2424 1171 2473 et
1213 2420 1415 2474 circulo
1458 2420 1750 2489 inscriptis:
1796 2420 1940 2473 Hinc
1979 2419 2178 2489 supple
2221 2419 2274 2475 in
2315 2438 2436 2476 meo
2465 2422 2652 2476 Tertio
2679 2419 3086 2476 Interveniente
3113 2437 3169 2475 n.
3203 2419 3298 2474 59.

796 2514 889 2574 51)
924 2532 971 2579 p.
1013 2513 1132 2564 607.
1209 2514 1375 2567 Sixtns
1412 2516 1475 2566 ab
1500 2516 1816 2580 Hemmiuga,
1856 2516 2056 2571 Frisios.
2083 2514 2328 2567 Patricius
2350 2516 2760 2567 Bellocomensis:
2799 2512 3112 2581 Ammine
3145 2515 3338 2567 raum

617 2596 671 2641 st
718 2588 1027 2652 experientia
1076 2588 1326 2637 refutatae
1379 2587 1515 2636 liber.
1609 2586 1882 2637 Continent
1931 2587 2126 2637 brevem
2171 2588 2422 2651 quandam
2469 2588 2724 2650 apodixin,
2771 2586 2834 2637 de
2883 2586 3234 2637 incertitudine
3287 2592 3340 2635 et

618 2662 839 2711 vanitate
878 2657 1191 2723 astrologica.
1232 2664 1284 2707 et
1320 2658 1689 2721 particularium
1726 2658 2120 2722 praedictionum
2157 2659 2384 2721 exempla
2417 2652 2652 2722 triginta:
2686 2670 2820 2707 nuno
2843 2658 3050 2721 primum
3085 2657 3138 2707 in
3175 2656 3338 2707 lucen

616 2732 777 2783 editus
816 2734 992 2779 contra
1026 2729 1297 2794 astrologos
1336 2728 1391 2777 C.
1432 2728 1723 2782 Leovitiurn.
1762 2729 1829 2779 Η.
1871 2727 2152 2779 Cardanum
2191 2736 2244 2779 et
2279 2730 2338 2779 L.
2379 2730 2659 2779 Gauricrun.
2737 2730 2899 2777 Antv.
2941 2724 3096 2777 1583.

792 2801 1037 2865 Keplerus
1074 2801 1167 2850 boc
1205 2801 1267 2851 de
1304 2799 1601 2867 Hemmingo
1638 2800 1887 2864 Tycbonis
1918 2801 2154 2864 judicium
2192 2808 2390 2852 secutus
2429 2815 2540 2852 esse
2605 2800 2820 2850 videm:
2879 2813 3010 2854 „non
3061 2804 3168 2850 tan
3217 2800 3340 2850 ratis

619 2887 767 2938 qnam
820 2871 1157 2935 plausibilibus
1211 2873 1483 2922 rationibus
1538 2877 1591 2921 et
1642 2871 2192 2936 experimentationibns
2245 2869 2394 2922 facile
2439 2870 2768 2922 convellendis
2819 2871 3074 2934 scripsisse
3091 2903 3108 2926 .
3155 2881 3256 2920 noe
3307 2883 3340 2918 s

617 2945 873 2996 calumniis
910 2944 1001 2992 sibi
1064 2941 1418 3006 temperasse.“
1495 2940 1779 3008 (Progymn.
1821 2941 1886 3003 1).
1957 2941 2146 2992 Natum
2191 2943 2340 2992 refert
2376 2942 2650 2993 Weidlerus
2685 2941 3039 3006 Remmingmn
3083 2955 3133 2990 a.
3181 2937 3338 2996 1533.

618 3021 861 3066 mortuum
905 3009 1055 3062 1586.
1129 3012 1471 3063 Refutandum
1510 3013 1785 3076 suscepisse
1821 3028 1874 3062 se
1901 3013 2268 3078 Hemmingum.
2309 3027 2467 3078 neque
2501 3027 2616 3064 vero
2654 3012 2720 3062 ad
2755 3012 2906 3063 finem
2939 3011 3228 3075 perduxisse
3263 3012 3338 3062 in·

622 3092 818 3150 ceptum
854 3085 1009 3134 refert
1041 3083 1259 3146 Keplero
1296 3081 1481 3132 Paulus
1518 3082 1799 3148 Virdungus
1837 3081 1982 3148 (proi.
2023 3081 2234 3146 Altorfi).
2697 3147 2706 3154 ι

796 3151 888 3214 52)
926 3170 973 3217 p.
1014 3151 1133 3202 613.
1209 3153 1528 3203 Feselius:
1586 3155 1685 3205 Die
1720 3153 1888 3213 Sonn.
1937 3155 2010 3204 als
2062 3155 2142 3204 ein
2196 3169 2348 3207 causa
2400 3154 2668 3216 aequivoca
2703 3159 2758 3205 et
2791 3159 2983 3203 remota
3027 3152 3142 3203 thus
3179 3152 3340 3203 nicbts

622 3227 819 3284 andere.
858 3225 934 3275 sls
972 3225 1109 3274 einer
1145 3225 1232 3274 der
1268 3224 1506 3275 draussen
1543 3241 1629 3274 vor
1664 3226 1777 3276 dem
1812 3225 1944 3275 offen
1981 3224 2146 3275 stehet
2197 3225 2299 3275 und
2335 3225 2426 3275 das
2461 3225 2601 3274 Forn-
2637 3224 2869 3280 sebui-et,
2921 3223 3144 3275 dadurch
3179 3225 3335 3276 naeh-

622 3297 833 3361 folgents
870 3296 921 3346 in
958 3294 1045 3346 der
1081 3296 1257 3344 stuben
1297 3296 1376 3345 die
1414 3296 1619 3346 Fenster
1656 3296 1939 3346 schwitzen.
2014 3295 2241 3346 Welcher
2287 3296 2378 3346 das
2414 3295 2554 3345 Fevr
2598 3295 2744 3346 einen
2799 3293 2930 3344 offen
2967 3309 3032 3344 su
3069 3299 3340 3346 enimet

619 3368 805 3432 einlegt
826 3402 839 3424 ,
898 3366 984 3417 der
1020 3367 1127 3430 gibt
1162 3366 1273 3416 dem
1310 3367 1449 3416 Fewr
1485 3367 1760 3432 keinswegs
1798 3367 1878 3417 die
1915 3371 2095 3416 warine
2151 3367 2268 3418 oder
2315 3365 2468 3431 krafft
2511 3381 2574 3415 zu
2609 3366 2830 3416 brennen
2847 3399 2862 3420 2
2919 3365 3100 3416 sunder
3151 3365 3340 3416 reiohet

621 3436 945 3490 schlechtlich
982 3437 1070 3487 das
1106 3438 1273 3498 Fen,
1325 3452 1378 3486 so
1416 3438 1493 3487 fiir
1529 3438 1633 3488 sich
1671 3437 1886 3488 selbsten
1923 3439 2012 3486 mit
2049 3437 2136 3487 der
2169 3444 2350 3486 varmo
2387 3436 2587 3502 begabt,
2629 3451 2691 3486 sn
2727 3437 2863 3488 einer
2899 3435 3188 3502 tsugliehen
3227 3435 3338 3486 Ma·

621 3511 727 3560 teri.
802 3507 1109 3573 Derowegen
1166 3508 1271 3572 gibt
1328 3523 1380 3558 er
1435 3509 1795 3574 demselbigen,
1822 3508 1985 3559 veder
2019 3509 2158 3559 seiae
2195 3508 2424 3573 zul'ellige
2461 3506 2590 3558 noch
2623 3505 2941 3558 vesentliche
2978 3508 3071 3557 Art
3089 3541 3104 3564 .
3161 3507 3340 3558 sotades

621 3580 771 3632 allein
808 3580 953 3629 einen
992 3577 1277 3629 schlecbten
1316 3580 1492 3628 antrib.

797 3651 937 3700 Eben
975 3649 1110 3698 diese
1146 3647 1553 3700 Bescbafl‘enbeit
1586 3649 1677 3700 hat
1713 3663 1765 3699 es
1804 3649 1934 3700 auch
1971 3651 2060 3698 mit
2095 3647 2192 3699 den
2241 3647 2594 3700 Himmlischen
2630 3649 3008 3714 Bevegungem
3066 3646 3255 3698 welche
3287 3651 3342 3698 in

626 3721 1011 3785 Fortpflsnzung
1048 3719 1135 3769 der
1170 3719 1482 3771 natiirlichen
1522 3719 1768 3784 cui-peren
1806 3719 2126 3789 denselbigen
2163 3719 2326 3770 nichts
2361 3719 2655 3777 mittheilen,
2691 3719 2870 3769 sunder
2905 3719 3056 3770 allein
3091 3719 3198 3769 ihre
3233 3719 3339 3770 ein·

620 3793 901 3858 gepflauzte
940 3790 1347 3856 eygenschafflen
1385 3791 1717 3842 eiisserlichen
1755 3792 2028 3842 erwecken.
2084 3791 2236 3842 Danu
2267 3803 2418 3841 vanu
2453 3791 2654 3856 gefragt
2687 3791 2870 3842 vinde.
2909 3791 3130 3840 varumb
3165 3791 3216 3840 in
3255 3789 3344 3840 der

620 3861 822 3914 wocben
863 3877 945 3910 vor
980 3859 1199 3910 Matthia
1233 3863 1336 3912 und
1374 3862 1486 3911 umb
1524 3863 1687 3912 Maria
1724 3862 1912 3913 Geburt
1946 3863 1999 3912 in
2035 3862 2220 3912 diesem
2262 3855 2415 3910 1609.
2443 3861 2567 3912 Jahr
2604 3859 2683 3923 die
2709 3861 3011 3911 Geistlichen
3047 3861 3150 3910 und
3185 3861 3342 3912 Edlen

622 3933 725 3984 sich
761 3931 1058 3982 kranckheit
1092 3931 1273 3982 halben
1310 3934 1574 3984 besonders
1612 3949 1673 3983 su
1710 3931 1983 3982 befahren?
2034 3933 2134 3983 und
2186 3932 2266 3981 ich
2304 3947 2392 3981 zur
2427 3939 2638 3982 antwort
2673 3931 2800 3996 gebe
2819 3967 2833 3989 ,
2891 3931 3082 3982 dieveil
3121 3931 3218 3982 den
3256 3929 3339 3980 18.

622 4003 763 4056 Febr.
804 4005 881 4053 ein
920 4003 1370 4054 zusammenkunffia
1403 4004 1539 4056 Jovis
1578 4005 1677 4054 und
1714 4003 1893 4054 Martis
1944 4005 2012 4052 im
2049 3999 2376 4054 Sextilschein
2429 4003 2514 4053 der
2553 4002 2752 4053 Sonnen
2797 4001 2902 4052 und
2936 4000 3202 4052 Mercurii:
3239 3999 3346 4052 anfi

622 4073 787 4126 Maria
824 4075 1001 4140 gebnrt
1038 4074 1157 4136 aber
1194 4075 1273 4123 ein
1311 4075 1581 4139 quadratus
1603 4075 1738 4126 Jovis
1766 4081 1818 4125 et
1843 4075 2020 4124 Martis
2055 4075 2106 4124 in
2144 4069 2241 4122 20⁰
2263 4074 2315 4124 ΙΙ
2341 4074 2442 4125 und
2467 4073 2533 4148 Τφ
2575 4074 2681 4124 sich
2717 4073 2958 4139 begeben.
2996 4072 3116 4122 vird
3149 4072 3346 4123 solches

624 4147 707 4198 ein
742 4145 858 4196 sehr
879 4144 1009 4194 weit
1044 4143 1281 4208 gesuchte
1320 4145 1495 4196 vrsach
1530 4145 1633 4196 und
1666 4143 2031 4196 zveiffelhaffte
2068 4150 2280 4195 antvort
2313 4146 2438 4194 sein.

803 4212 895 4276 53)
935 4231 983 4278 p.
1024 4211 1142 4264 614.
1218 4215 1532 4266 Feselins:
1574 4217 1679 4266 Das
1706 4215 1884 4267 etliehe
1903 4217 2116 4268 Blumen
2139 4216 2240 4265 und
2266 4215 2465 4266 kreuter
2483 4213 2732 4266 entweder
2749 4214 2840 4266 ruit
2862 4213 2976 4264 dem
2995 4212 3238 4279 auffgang
3263 4215 3354 4264 der

622 4285 825 4338 Sonnen
879 4285 1282 4336 berfiirkommen
1338 4287 1439 4336 und
1492 4288 1583 4336 mit
1632 4287 1942 4352 derselbigen
1991 4287 2271 4351 nidergang
2325 4286 2432 4335 sich
2469 4287 2573 4336 also
2610 4285 2716 4335 halt
2769 4285 3036 4336 viderumb
3089 4283 3352 4342 verlieren‚

621 4359 740 4408 oder
766 4358 843 4409 dle
870 4357 976 4408 sich
1001 4356 1134 4406 nach
1160 4356 1247 4406 der
1270 4355 1473 4408 Sennen
1491 4357 1619 4408 laufl'
1641 4359 1822 4423 stlitigs
1848 4357 2050 4416 kehreu,
2089 4358 2210 4408 item
2235 4357 2326 4408 das
2351 4356 2456 4406 sicb
2483 4356 2562 4405 die
2597 4356 2786 4406 kernen
2823 4357 2877 4406 in
2913 4355 3128 4408 etliehen
3167 4355 3352 4418 opffeln

622 4445 675 4479 so
711 4425 1032 4492 meysterlich
1067 4427 1221 4476 sollen
1259 4427 1574 4486 vmbkehren,
1614 4430 1705 4478 wie
1731 4425 1978 4479 Mizaldus
2016 4427 2088 4490 (in
2131 4429 2428 4478 carminibus
2462 4427 2804 4476 astronomicis
2829 4432 2881 4476 et
2907 4423 3354 4492 eomographicis)

620 4501 807 4550 darron
843 4496 1105 4554 selu-cibet,
1142 4496 1233 4548 das
1270 4499 1337 4548 ist
1372 4498 1457 4548 der
1486 4497 1687 4549 Sonnen
1729 4513 1791 4549 an
1818 4499 1922 4548 und
1960 4499 2036 4548 fiir
2071 4498 2176 4549 sicb
2211 4498 2428 4548 selbsten
2461 4497 2739 4561 keinswegs
2763 4511 3106 4556 zusammen,
3145 4505 3356 4548 sonsten

619 4573 817 4620 miisten
856 4569 951 4620 alle
988 4567 1197 4618 Blumen
1234 4569 1337 4619 und
1374 4569 1574 4620 krenter
1609 4585 1670 4620 zu
1708 4571 1846 4620 einer
1881 4570 1995 4620 Zeit
2026 4568 2426 4620 herfi‘irwachsen
2463 4567 2568 4618 und
2603 4568 2759 4618 vider
2795 4567 3064 4632 vergehen.
3111 4567 3214 4618 und
3253 4567 3356 4618 alie

622 4640 749 4706 opfel
787 4641 973 4690 kernen
1010 4639 1121 4688 vmb
1160 4639 1249 4690 das
1288 4637 1560 4694 Solstitium
1595 4641 1799 4692 hemmb
1835 4641 2078 4706 gauklen:
2134 4640 2313 4691 sonder
2347 4641 2443 4703 bey
2479 4638 2705 4688 'eichen
2743 4637 2902 4688 solchs
2939 4637 3261 4702 geschichte.
3299 4653 3355 4690 so

622 4711 792 4775 kompt
830 4725 883 4762 es
920 4724 1037 4760 auss
1074 4709 1205 4760 ihrer
1242 4725 1467 4776 eygenen
1504 4710 1914 4764 anerscbaffenen
1951 4710 2220 4776 particular
2256 4709 2466 4775 qualitet
2500 4708 2602 4760 und
2641 4708 3024 4773 'Pompei-ment
3057 4709 3148 4759 her
3183 4707 3281 4760 &c-

804 4795 893 4859 54)
930 4811 977 4861 p.
1022 4794 1143 4848 614.
1218 4798 1533 4850 Feselius:
1570 4799 1688 4850 Wer
1722 4799 1890 4852 solcbe
1925 4799 2250 4863 proprietates
2287 4796 2429 4848 recht
2465 4795 2772 4860 erknndigen
2807 4795 2924 4851 vill,
2957 4795 3052 4846 bat
3083 4799 3354 4854 mooun,

630 4868 723 4920 das
760 4883 814 4918 er
848 4869 955 4918 sein
994 4867 1259 4934 errabi-ung
1294 4867 1435 4920 mehr
1468 4870 1580 4924 suff
1608 4869 1683 4922 ihr
1716 4870 1874 4922 selbst
1905 4883 2100 4935 eygene
2133 4867 2410 4935 wiirokung
2443 4867 2618 4927 riebte,
2657 4867 2792 4916 daun
2831 4866 2943 4918 suff
2969 4867 3052 4918 die
3081 4865 3361 4932 vunckung
