3634 5575
1473 397 1540 448 ιο
1571 398 1720 448 κιαι
1757 397 2081 464 munuera.
3004 397 3135 464 307

429 554 609 628 Quod.
652 553 714 618 iu
759 553 982 616 circulo
1029 553 1178 616 facit
1223 554 1492 618 infinitas
1537 553 1909 632 inflexionis,
1958 556 2020 619 id
2064 557 2127 620 in
2175 556 2537 638 septangulo
2588 557 2737 620 fa'cit
2780 557 3138 638 impossibi-

431 642 578 710 litas
625 641 876 706 duarum
901 641 1200 706 'continue
1247 643 1821 724 proportionalium,
1887 663 1964 708 ex
2011 665 2131 725 qua
2175 647 2369 708 fluunt
2414 647 2616 708 omnia
2658 645 2828 708 talia.
2918 647 3137 727 Itaque

431 734 585 796 banc
631 731 828 794 solam
873 731 1004 795 loco
1051 732 1316 796 omnium
1359 733 1986 797 indemonstrabilium
2047 735 2515 798 consideremus.
2609 735 2777 797 Inter
2832 753 3135 816 quascun-

431 841 544 926 que
589 819 744 884 duas
791 820 986 884 lineas
1031 829 1240 886 rectas
1285 830 1430 886 sunt
1475 819 1547 896 2,
1593 819 1658 898 4,
1710 818 1772 897 6,
1819 819 1865 886 8
1911 823 2147 886 mediae
2194 825 2717 904 proportionales,
2778 842 2887 885 nec
2934 831 3137 886 tamen

407 905 686 974 inveniri
727 917 1037 989 possunt„
1081 909 1196 972 nisi
1242 927 1352 990 per
1396 911 1812 974 mechanicum
1856 911 2139 975 Platonis
2185 912 2677 987 (Eratosthenis)
2724 912 3137 976 mesolabinm.

431 1000 498 1064 Id
543 1015 664 1064 non
709 1006 812 1060 est
851 997 912 1060 in
961 1006 1174 1063 nostra
1217 999 1665 1086 imbecillitate,
1717 1001 1829 1062 sed
1874 1001 1933 1062 in
1982 1008 2205 1064 natura
2251 1002 2689 1082 quantitatum,
2766 1001 3137 1082 impossibile

433 1088 592 1150 enim
637 1094 738 1150 est
781 1085 1036 1161 homini,
1101 1073 1378 1152 omnibus
1433 1089 1560 1151 suis
1607 1088 1999 1168 conceptibus
2044 1098 2554 1171 conceptuumque
2602 1089 2939 1152 nominibus
2988 1091 3133 1162 (nu-—

432 1176 582 1239 meri
629 1184 832 1237 autem
882 1182 1022 1237 sunt
1065 1176 1255 1238 verba
1293 1181 1764 1257 geometrarum)
1826 1178 2143 1240 enunciare
2189 1180 2639 1258 proportionem
2683 1179 2895 1241 harum
2938 1179 3137 1242 linea-

427 1285 592 1340 rum,
659 1281 850 1345 eaque
897 1265 1353 1343 impossibilitas
1399 1285 1476 1328 ex
1520 1264 1656 1345 ipsa
1703 1275 1946 1341 natura,
2016 1286 2149 1329 cum
2196 1277 2441 1330 nostrae
2492 1267 2715 1330 mentis
2778 1275 2905 1330 tum
2942 1286 3137 1348 quan-

431 1355 676 1416 titatum
735 1353 950 1428 oritur,
1027 1351 1118 1414 ita
1171 1361 1241 1415 ut
1297 1354 1653 1436 simpliciter
1706 1355 1788 1418 sit
1844 1355 2233 1436 impossibile.
2327 1353 2495 1418 Nihil
2550 1356 2692 1418 novi
2740 1356 2903 1429 dico;
2978 1355 3141 1418 idem

431 1442 578 1506 dicit
621 1439 906 1504 Euclides
954 1441 1105 1503 libro
1135 1441 1536 1523 1x‚quando
1587 1443 1660 1505 de
1709 1445 1971 1505 numeris
2020 1444 2333 1524 quadratis
2382 1453 2445 1507 et
2490 1464 2607 1506 non
2640 1445 2953 1525 quadratis
2982 1444 3129 1524 agit,

430 1533 484 1594 si
529 1532 662 1612 ejus
709 1528 1124 1592 conclusiones
1172 1538 1486 1610 aptentur,
1538 1540 1604 1594 et
1649 1553 1768 1594 una
1813 1531 1893 1594 ab
1942 1533 2065 1595 alia
2112 1534 2461 1596 deducatur.
2555 1533 2715 1596 Nam
2765 1533 2863 1596 nbi
2908 1529 2953 1597 4
2999 1541 3143 1596 sunt

431 1619 712 1683 continue
758 1619 1276 1699 proportionales,
1335 1621 1564 1702 primus
1619 1631 1714 1682 est
1763 1623 1841 1682 ad
1888 1621 2161 1684 ultimum
2221 1629 2289 1683 ut
2336 1621 2525 1684 cubus
2570 1621 2651 1683 ad
2698 1621 2943 1696 cubum3
3024 1623 3139 1683 duo

432 1709 711 1772 continue
757 1707 1240 1787 proportionales
1287 1727 1404 1770 non
1451 1709 1752 1771 intersunt
1799 1711 2049 1774 numeri.
2112 1709 2283 1772 Etsi
2330 1710 2516 1791 igitur
2562 1709 2829 1772 cossista
2866 1710 2991 1772 suis
3036 1729 3142 1772 re-

433 1797 591 1878 gulis
639 1795 869 1858 invenit
917 1797 1354 1877 aequationem,
1405 1815 1462 1859 ν.
1497 1816 1556 1878 g.
1606 1799 1951 1880 septanguli
1999 1807 2061 1862 et
2107 1798 2415 1872 diametri,
2465 1799 2735 1879 adeoque
2782 1799 3037 1860 aliarum
3084 1797 3146 1860 in

359 1944 370 1956 ,
433 1886 652 1950 circulo
699 1895 1037 1960 rectarum,
1089 1893 1289 1946 tamen
1338 1905 1448 1948 nec
1495 1888 1782 1956 nominat,
1834 1907 1943 1949 nec
1992 1887 2335 1950 describere
2382 1889 2594 1965 docet,
2648 1886 2756 1949 sed
2805 1887 2978 1967 quasi
3026 1887 3146 1949 ali-

434 1976 586 2036 unde
634 1982 811 2036 notos
858 1975 1044 2036 cubos
1090 1974 1490 2056 cuborumque
1537 1977 1721 2038 cubos
1772 1977 1878 2038 διε.
1924 1977 2387 2057 praesupponit,
2440 1996 2573 2038 cum
2616 1985 2818 2037 tamen
2866 1976 3141 2056 nuspiam

432 2063 825 2138 innotuerint3
883 2064 1060 2143 jubet
1105 2062 1289 2143 igitur
1335 2063 1394 2125 id
1443 2083 1762 2144 quaerere,
1832 2066 1992 2145 quod
2038 2065 2392 2145 simpliciter
2437 2065 2693 2127 inveniri
2740 2083 2855 2126 non
2905 2073 3130 2143 potest,

433 2153 570 2216 cubi
617 2171 704 2215 sc.
756 2152 954 2226 latus,
1004 2153 1104 2232 qui
1154 2151 1504 2231 exprimitur
1550 2172 1794 2216 numero
1845 2172 1960 2216 uon
2009 2153 2252 2227 cubico,
2302 2153 2636 2232 cuiusmodi
2682 2153 2857 2214 radix
2905 2153 3147 2234 quidem

434 2241 677 2323 propius
742 2240 1123 2310 accedendo,
1199 2241 1308 2302 sed
1367 2260 1666 2321 nunquam
1726 2243 1907 2322 plane
1972 2243 2374 2322 cognoscitur.
2466 2242 2539 2304 In
2606 2259 2875 2316 summa,
2946 2242 3147 2303 omnia

432 2329 793 2410 hujusmodi,
843 2348 996 2410 quae
1043 2347 1177 2391 cum
1223 2329 1346 2392 sint
1390 2329 1449 2391 in
1498 2349 1605 2392 suo
1653 2331 2083 2393 mathematico
2133 2330 2438 2392 essentiae
2469 2348 2709 2410 genere,
2758 2329 2887 2391 fieri
2938 2338 3143 2392 tamen

434 2439 550 2481 non
596 2425 880 2500 possunt,
930 2417 1040 2480 illa
1085 2417 1362 2482 videntur
1408 2426 1577 2493 ante,
1630 2429 1822 2494 extra,
1871 2429 2141 2500 praeter,
2193 2427 2405 2481 contra
2452 2427 2724 2480 nostram
2770 2418 3142 2480 intellectio·
3204 2423 3221 2431 “

435 2526 574 2570 nem
619 2526 774 2569 esse.
868 2505 992 2568 Sed
1040 2505 1236 2582 dicas,
1308 2525 1423 2569 non
1473 2507 1676 2588 sequi,
1744 2517 1810 2570 ut
1866 2517 2125 2590 nequeat
2171 2509 2339 2582 sciri,
2410 2507 2575 2588 'quod
2622 2507 2803 2569 fuerit
2848 2507 3143 2570 hactenus

436 2597 768 2671 nescitum;
831 2604 1005 2675 petes
1055 2614 1266 2678 nempe
1315 2597 1931 2672 demonstrationem,
2000 2615 2154 2678 quae
2222 2596 2576 2667 convincat,
2645 2596 2792 2656 haec
2840 2595 2983 2660 sciri
3031 2617 3145 2659 sua
3218 2610 3226 2615 ·

436 2694 656 2748 natura
702 2685 964 2765 nequire.
1039 2685 1191 2746 Esto
1242 2703 1404 2764 ergo,
1453 2693 1520 2747 ut
1556 2686 1757 2765 possit
1795 2685 1956 2748 sciri.
2051 2684 2261 2747 Scire
2308 2685 2368 2746 in
2415 2683 2802 2765 geometricis
2850 2695 2965 2761 est,
3016 2704 3142 2749 rem

432 2794 540 2858 per
588 2792 835 2837 causam
883 2772 1196 2837 formalem
1243 2792 1624 2855 cognoscere.
1717 2775 1808 2837 At
1854 2775 2123 2838 formalis
2173 2795 2361 2837 causa
2417 2775 2628 2836 horum
2673 2774 2825 2836 haec
2873 2780 3006 2850 est,
3076 2781 3145 2836 ut

435 2864 741 2926 conciliari
787 2882 903 2925 non
950 2862 1204 2943 possint.
1298 2862 1436 2925 Nisi
1484 2864 1640 2925 enim
1704 2871 1849 2925 sunt
1912 2864 2029 2927 duo
2091 2872 2364 2927 extrema
2425 2861 2603 2938 cubi,
2686 2864 2801 2924 duo
2863 2863 3145 2925 continue

433 2952 633 3015 media
677 2950 1156 3033 proportionalia
1201 2970 1316 3013 non
1367 2964 1508 3056 sunt
1555 2952 1800 3029 numeri,
1853 2954 2008 3034 quod
2054 2953 2275 3037 probat
2320 2952 2605 3014 Euclides
2654 2951 2757 3013 lib.
2793 2950 2905 3014 IX.
2984 2950 3143 3015 Sciri

437 3061 579 3123 ergo
629 3040 856 3123 poterit
899 3040 994 3115 id,
1063 3040 1218 3121 quod
1269 3040 1569 3105 enunciari
1619 3060 1733 3103 non
1781 3049 2029 3121 potest3
2104 3043 2217 3104 hoc
2262 3060 2406 3103 vero
2456 3041 2813 3117 absurdum,
2882 3040 3022 3103 sciri
3060 3040 3141 3117 id,

433 3131 590 3213 quod
637 3149 754 3193 non
802 3136 918 3191 est.
1011 3126 1310 3210 Objicias,
1381 3131 1623 3212 nequire
1671 3132 1935 3193 construi
1982 3132 2425 3211 rectangnlum,
2496 3130 2639 3193 sciri
2688 3138 2889 3193 tamen
2936 3148 3138 3249 posse.

433 3222 608 3301 Nego
656 3218 816 3282 sciri.
909 3218 1196 3281 Nescitur
1245 3219 1430 3292 δαεὶς,
1482 3219 1622 3281 dum
1670 3220 2029 3300 quadratum
2076 3221 2295 3282 baseos
2344 3220 2550 3282 scitur.

606 3309 828 3381 Dicas,
889 3308 1000 3368 hoc
1048 3306 1234 3369 etiam
1279 3308 1454 3368 modo
1520 3308 1659 3369 sciri
1722 3308 1947 3389 aliquid
1995 3308 2069 3371 de
2115 3307 2157 3371 2
2206 3306 2419 3369 mediis
2466 3306 2746 3370 continue
2793 3308 3141 3387 proportio-

430 3396 686 3468 nalibus,
736 3396 854 3459 etsi
897 3396 1073 3476 ipsae
1120 3396 1486 3458 nesciantur.
1581 3394 1822 3467 Quaero
1872 3416 2043 3477 ergo,
2092 3398 2384 3477 quidnam
2431 3396 2576 3459 illud
2624 3396 2723 3470 sit,
2776 3396 2931 3475 quod
2978 3396 3142 3458 scia-

431 3494 528 3549 tur
591 3486 666 3549 de
730 3486 943 3548 hisce?
1035 3484 1391 3550 Cum-enim
1449 3482 1488 3548 3
1536 3492 1775 3547 tantum
1832 3487 2064 3565 species
2129 3494 2271 3548 sunt
2335 3484 2695 3566 quantitatis
2758 3484 3140 3547 rectilineae:

432 3576 609 3647 linea,
659 3574 1035 3655 superficies,
1085 3592 1328 3655 corpus,
1379 3574 1570 3635 scitur
1613 3582 1720 3636 aut
1763 3574 1900 3654 ipsa
1924 3582 2197 3655 ,utraque
2245 3572 2471 3649 media,
2540 3572 2693 3653 quod
2745 3573 2961 3635 falsum
3007 3592 3143 3635 esse

430 3664 492 3727 in
539 3666 819 3727 confesso
865 3672 992 3738 est,
1059 3672 1166 3725 aut
1213 3682 1467 3743 corpuS,
1515 3664 1673 3745 quod
1723 3662 2032 3743 quaeritur
2077 3662 2293 3736 (cubus
2340 3661 2419 3724 ab
2466 3662 2601 3742 ipsa
2642 3660 2845 3722 media
2892 3662 3141 3736 factus),

431 3762 538 3815 aut
584 3752 951 3834 superficies,
999 3769 1177 3832 quam
1223 3751 1527 3833 quaelibet
1572 3752 1732 3814 linea
1778 3752 1948 3826 facit,
1998 3751 2153 3833 quod
2199 3770 2337 3813 mox
2386 3750 2917 3813 considerabimus.
3002 3750 3143 3813 Jam

431 3842 856 3904 occurrendum
925 3849 1022 3903 est
1083 3842 1218 3904 huic
1284 3840 1640 3921 objectioni:
1709 3840 1899 3903 scitur
1958 3842 2237 3922 planum,
2305 3840 2461 3923 quod
2500 3838 3021 3920 comprehenditur
3066 3842 3143 3902 ab

432 3940 703 4013 utraque,
754 3950 894 3993 nam
937 3930 1002 3993 id
1050 3931 1300 4010 aequale
1347 3938 1446 3992 est
1490 3930 1841 4011 rectangulo
1890 3930 2001 3992 sub
2049 3930 2358 3992 extremis,
2451 3928 2854 4008 Respondeo:
2910 3927 2977 3989 id
3027 3948 3145 3991 non

435 4027 533 4083 est
577 4020 945 4100 distinguere
993 4018 1296 4098 singulas3
1344 4019 1436 4081 ita
1483 4020 1732 4080 confusa
1778 4026 1877 4080 est
1921 4019 2071 4081 haec
2118 4018 2357 4092 notitia,
2408 4037 2541 4080 cum
2590 4036 2700 4079 nos
2751 4017 2824 4079 de
2857 4016 3147 4079 distincta

433 4128 814 4191 quaeramus.
908 4108 1007 4171 Ita
1053 4106 1303 4184 scimus,
1351 4107 1513 4189 quod
1563 4102 1789 4170 factum
1847 4106 1960 4169 sub
2007 4108 2200 4187 prima
2260 4116 2329 4179 et
2370 4108 2555 4169 tertia
2601 4106 2880 4186 quaesita
2925 4106 3149 4170 debeat

434 4198 684 4280 aequari
732 4196 1026 4278 quadrato
1075 4196 1396 4273 secundae,
1446 4197 1605 4278 quod
1652 4196 1939 4271 nescitur,
1987 4203 2057 4257 ut
2102 4203 2166 4258 et
2210 4196 2429 4259 tertiae
2478 4195 2857 4276 quadratum,
2906 4196 2978 4257 de
3027 4214 3143 4277 quo

431 4293 686 4368 postea3
771 4286 1054 4349 similiter
1126 4286 1284 4367 quod
1362 4286 1587 4348 factum
1662 4284 1773 4347 sub
1839 4286 2104 4346 secunda
2169 4286 2447 4367 quaesita
2513 4293 2577 4345 et
2641 4292 2857 4364 quarta
2922 4284 3146 4347 debeat

433 4376 678 4458 aequari
709 4376 1006 4457 quadrato
1053 4374 1290 4449 tertiae,
1341 4374 1498 4455 quod
1547 4374 1833 4436 nescitur.
1912 4374 2045 4434 Hae
2076 4381 2201 4435 tres
2238 4374 2489 4436 notitiae
2522 4372 2697 4435 nobis
2728 4372 3143 4435 discriminant

434 4464 588 4529 duas
634 4464 973 4547 quaesitas,
1040 4482 1150 4525 nec
1199 4462 1424 4526 sistunt
1470 4463 1611 4525 illas
1678 4463 1738 4523 in
1786 4462 2161 4523 intellectum
2210 4472 2509 4537 nostrum,
2577 4469 2825 4541 propter
2869 4460 3141 4523 infinita-

434 4561 558 4617 tem
604 4554 1180 4633 subingredientem,
1229 4561 1294 4615 et
1337 4561 1542 4614 tamen
1591 4550 2011 4614 discriminant
2056 4552 2195 4613 illas
2244 4558 2420 4613 extra
2464 4550 2835 4612 intellectum
2873 4560 3145 4613 nostrum

432 4642 493 4705 in
541 4660 648 4705 suo
696 4660 917 4725 genere
966 4642 1306 4719 essentiae,
1358 4640 1721 4720 faciuntque,
1770 4647 1841 4702 ut
1886 4640 2001 4701 hae
2048 4658 2165 4703 nou
2213 4640 2367 4703 aliae
2412 4658 2549 4709 esse
2595 4638 2852 4719 possint.
2947 4638 3144 4703 Simili

434 4732 690 4796 faciliori
753 4751 880 4796 rem
944 4730 1286 4795 illustrabo.
1389 4730 1531 4793 Scio
1599 4729 1818 4791 baseos
1884 4726 1943 4789 in
2008 4728 2312 4811 triangulo
2377 4729 2727 4807 rectangulo
2786 4729 3143 4811 quadratum

434 4840 570 4884 esse
619 4822 876 4903 aequale
923 4820 1232 4903 quadratis
1281 4816 1704 4901 adjacentium,
1754 4816 1958 4879 nescio
1998 4817 2431 4899 longitudinem
2476 4818 2715 4895 baseos,
2765 4817 2822 4881 h.
2854 4838 2908 4880 e.
2950 4840 3141 4881 enun-

433 4911 594 4975 oiare
641 4928 760 4975 non
805 4928 1072 4995 possum.
1167 4908 1430 4973 Tantum
1474 4909 1588 4972 hoc
1636 4906 1782 4982 scio,
1832 4906 1885 4968 si
1932 4906 2057 4970 tale
2106 4907 2467 4989 quadratum
2510 4906 2748 4983 faciam,
2800 4907 3018 4971 fecisse
3048 4926 3141 4971 me

2595 5010 2719 5065 2⁰*
