3634 5575
565 336 706 407 ue
1674 343 1919 413 Apologia
1953 341 2201 407 ἰγαιοιιι

567 502 942 565 confundens
989 520 1100 565 nec
1145 502 1474 567 intervalla
1519 502 1927 583 distinguens,
1982 502 2159 565 nobis
2204 502 2529 567 deridiculo
2578 502 2695 567 fuit
2752 503 3127 566 exclamans:
3174 500 3297 565 mi-

565 591 852 666 raculum,
903 589 1122 653 bovem
1149 592 1571 672 multipedem!
1663 592 1800 655 Non
1850 612 1999 655 sane
2044 593 2241 673 major
2285 600 2385 655 est
2428 593 2541 655 hoc
2579 594 2710 655 loco
2739 592 2991 655 Patricii
3036 591 3285 669 sapien-

565 680 688 753 tia,
757 680 896 742 dum
941 678 1224 760 planetas
1269 680 1432 744 inter
1473 681 1655 757 fixas,
1714 680 1802 744 ita
1846 689 1914 745 ut
1962 682 2136 743 nobis
2183 690 2469 762 apparet,
2538 700 2747 743 cursus
2794 700 2937 744 suos
3002 698 3294 761 peragere

567 768 900 831 contendit.

741 858 876 919 Hoc
920 857 1124 937 itaque
1169 858 1440 921 Patricio
1487 858 1710 922 dictum
1759 868 1911 934 esto,
1960 858 2097 921 vias
2140 859 2521 940 planetarum
2576 866 2943 939 apparentes
2989 865 3052 919 et
3096 856 3291 919 histo-

563 946 715 1009 riam
761 954 1028 1009 motuum
1077 946 1244 1009 libris
1290 967 1584 1027 promere,
1635 948 2039 1011 astronomiae
2088 948 2467 1027 potissimum
2512 947 2899 1010 mechanicae
2948 954 3011 1007 et
3054 945 3287 1025 practi-

565 1056 674 1099 cae
711 1042 948 1116 partem
979 1054 1148 1098 esse:
1197 1036 1330 1098 vias
1367 1056 1511 1098 vero
1539 1056 1716 1098 veras
1763 1044 1831 1099 et
1858 1037 2151 1119 genuinas
2178 1036 2466 1112 invenire,
2516 1055 2667 1116 opus
2708 1056 2849 1098 esse
2886 1034 3289 1097 astronomiae

563 1124 1072 1203 contemplativae
1119 1124 1376 1198 (frustra
1424 1124 1726 1189 Osiandro
1773 1134 1841 1188 et
1882 1126 2152 1189 Patricio
2201 1126 2733 1199 reclamantibus):
2782 1136 2851 1187 at
2886 1125 3105 1198 dicere,
3156 1123 3291 1203 qui-

563 1213 678 1277 bus
727 1212 965 1276 circulis
1013 1219 1076 1275 et
1123 1212 1298 1276 lineis
1345 1214 1750 1295 depingantur
1795 1215 1853 1277 in
1904 1232 2131 1297 papyro
2160 1214 2455 1295 imagines
2493 1214 2701 1294 justae
2742 1232 3019 1276 verorum
3058 1212 3289 1273 illorum

565 1308 852 1377 motuum,
902 1302 981 1363 ad
1029 1302 1318 1365 inferiora
1364 1311 1809 1383 geometrarum
1858 1304 2151 1367 subsellia
2175 1303 2499 1384 pertinere.
2594 1302 2763 1365 Haec
2792 1303 2891 1383 qni
2920 1301 3287 1379 distinguere

565 1390 876 1465 didicerit,
925 1392 980 1453 is
1027 1390 1204 1453 facile
1253 1410 1388 1455 sese
1437 1412 1476 1454 a
1519 1393 1957 1456 somniantibus
2004 1391 2447 1471 abstractarum
2496 1393 2815 1455 formarum
2858 1388 3289 1470 captatoribus,

561 1479 662 1561 qni
723 1480 1040 1542 materiam
1101 1482 1256 1552 (rem
1317 1500 1496 1543 unam
1553 1490 1620 1543 et
1663 1482 1859 1545 solam
1918 1488 2063 1561 post
2106 1482 2336 1555 Deum)
2398 1481 2573 1543 nimis
2620 1500 2829 1543 secure
2884 1484 3291 1549 contemnunt,

569 1587 894 1649 eorumque
941 1568 1298 1649 importunis
1346 1570 1739 1650 sophismatis
1788 1571 2092 1651 expediet.
2186 1571 2391 1649 Atque
2438 1570 2587 1631 haec
2618 1568 2883 1631 Patricio
2931 1566 3291 1648 respondere

569 1657 754 1731 volui,
803 1664 1130 1737 propterea
1175 1660 1332 1737 quod
1381 1660 1536 1723 Urso
1585 1668 1648 1722 et
1687 1659 1993 1723 Osiandro
2040 1658 2383 1723 errantibus
2428 1658 2489 1720 in
2520 1657 2873 1738 quibusdam
2902 1658 3285 1736 suffragatur.

569 1745 670 1809 Ad
717 1747 942 1811 Ursum
989 1747 1192 1808 redeo.

743 1834 1074 1899 Undecimo
1121 1836 1334 1910 Ursus,
1384 1842 1452 1897 ut
1497 1836 1738 1915 penitus
1783 1846 2137 1915 prosternat
2180 1834 2612 1898 astronomiam
2660 1833 2849 1897 nostri
2896 1833 3101 1904 seculi,
3150 1832 3288 1893 lau-

563 1925 674 1987 dat
719 1924 1048 2004 antiquam,
1099 1943 1264 1987 more
1313 1925 1688 2005 querulorum
1737 1944 1947 1989 senum
2004 1934 2113 1989 aut
2166 1924 2221 1987 si
2268 1925 2427 2005 quod
2472 1924 2637 1986 aliud
2682 1932 2781 1985 est
2838 1941 3026 2002 genus
3092 1920 3291 1983 homi-

563 2032 702 2077 num
749 2012 1272 2092 desperabundum
1319 2022 1382 2075 et
1431 2014 1944 2078 melancholicum.
2040 2014 2163 2078 Sed
2212 2022 2279 2075 et
2314 2020 2667 2092 argumento
2708 2013 2897 2074 utitur
2940 2031 3017 2072 ex
3062 2011 3291 2090 optima

561 2110 630 2165 ut
673 2110 820 2182 puto
868 2103 1100 2165 forma·
1163 2103 1516 2183 pleraeque,
1581 2104 1802 2185 inquit,
1866 2112 2031 2166 artes
2080 2104 2220 2166 olim
2266 2101 2663 2181 perfectiores
2710 2103 2904 2175 fuere,
2962 2098 3279 2172 medicina,

557 2193 809 2267 musica,
847 2192 1137 2262 oratoria,
1185 2193 1392 2273 quidni
1437 2200 1502 2254 et
1548 2194 1959 2255 astronomia?
2048 2194 2143 2255 De
2180 2190 2479 2253 medicina
2506 2189 2863 2251 Thessalica
2902 2197 3078 2251 sunto
3118 2206 3284 2260 sane,

561 2280 676 2384 qui·
707 2280 965 2342 divinius
1013 2280 1254 2385 aliquid
1285 2281 1646 2386 concipiant,
1699 2300 1881 2361 quam
1928 2300 2003 2343 ex
2050 2281 2307 2343 residuis
2354 2268 2751 2342 monumentis
2798 2285 3087 2358 apparet:
3148 2284 3289 2337 sunt

561 2369 830 2433 vicissim
876 2388 996 2432 non
1043 2370 1291 2433 minoris
1321 2370 1576 2432 nominis
1625 2378 1926 2446 auctores,
1974 2370 2289 2433 Fernelius
2320 2376 2383 2431 et
2416 2368 2549 2443 alii,
2602 2368 2697 2449 qui
2744 2368 2881 2447 plus
2926 2373 3135 2428 nostro
3182 2382 3289 2427 se-

559 2458 692 2521 culo
751 2458 1023 2521 tribuunt
1094 2458 1308 2539 majori
1380 2459 1921 2523 verisimilitudine.
2030 2460 2125 2521 De
2180 2458 2413 2521 musica
2463 2456 2753 2536 judicium
2813 2457 2931 2517 fert
2974 2456 3169 2517 Ursus
3216 2472 3292 2514 ex

559 2556 808 2623 eventu,
875 2547 976 2627 qui
1025 2566 1142 2609 non
1191 2555 1288 2610 est
1341 2549 1438 2611 vel
1484 2548 1544 2610 in
1595 2549 1744 2611 artis
1793 2549 1889 2612 vel
1936 2548 1997 2611 in
2046 2546 2298 2611 artificis
2342 2553 2673 2626 potestate.
2770 2543 3001 2616 Credo,
3066 2544 3291 2605 multos

558 2636 844 2699 admirari
891 2644 1164 2699 veterum
1219 2638 1512 2701 musicam
1567 2656 1682 2699 non
1741 2638 1925 2699 aliam
1974 2638 2052 2698 ob
2100 2654 2373 2711 causam,
2444 2654 2621 2716 quam
2670 2633 2813 2713 quia
2856 2632 3055 2713 qualis
3110 2631 3293 2693 fuerit

557 2723 858 2806 ignorant.
955 2723 1189 2796 Quibus
1251 2744 1396 2806 ego,
1463 2726 1516 2790 si
1559 2726 1728 2790 Deus
1775 2728 1967 2792 vitam
2032 2724 2408 2790 concesserit
2474 2742 2584 2785 nec
2646 2722 2833 2784 otium
2892 2720 3177 2794 defuerit,
3228 2720 3285 2781 in

557 2813 1028 2877 Harmonicis
1094 2814 1246 2876 meis
1311 2815 1766 2886 demonstrabo,
1826 2823 2053 2896 quanto
2118 2815 2443 2878 intervallo
2499 2821 2675 2876 vetus
2728 2812 2961 2874 musica
3018 2819 3291 2872 nostram

559 2910 868 2982 sequatur.
961 2900 1142 2972 Quod
1191 2910 1392 2964 autem
1439 2903 1717 2966 clamitat
1745 2904 1960 2979 Ursus,
2012 2905 2189 2966 hodie
2236 2923 2351 2965 non
2401 2921 2537 2966 esse
2582 2911 2819 2965 tantum
2864 2899 3125 2962 musices
3170 2900 3289 2960 im-

559 2989 788 3070 perinm
835 2990 893 3050 in
944 2989 1199 3065 animos,
1251 2990 1308 3051 id
1359 2989 1618 3072 Scythes
1665 2991 1794 3066 ille,
1848 3012 2037 3074 aeque
2085 2994 2401 3074 antiquus,
2469 2990 2701 3053 hinnitu
2748 2989 2887 3070 equi
2940 2988 3031 3049 sui
3080 2990 3289 3068 (quem

565 3076 828 3156 optimae
875 3077 1216 3139 cantilenae
1263 3080 1568 3157 praeferre
1599 3081 1867 3152 solebat)
1917 3081 2093 3143 facile
2122 3084 2369 3144 refutat.
2462 3079 2683 3142 Rarius
2722 3077 3121 3140 audiebantur
3150 3074 3291 3136 boni

569 3173 882 3238 cantores,
939 3183 1092 3239 vox,
1151 3176 1220 3229 ut
1269 3167 1330 3228 in
1379 3168 1706 3231 comoediis
1767 3179 1831 3233 et
1886 3171 2219 3251 tragoediis
2276 3171 2363 3232 sic
2418 3169 2477 3232 in
2534 3175 2717 3230 cantu
2776 3182 3289 3247 quorsumcunque

559 3253 1000 3328 inflectebatur,
1055 3255 1258 3318 sensui
1309 3255 1623 3320 verborum
1669 3259 2017 3338 aptabatur,
2066 3260 2321 3339 tempori
2352 3265 2419 3320 et
2470 3257 2745 3337 personis
2794 3264 2859 3317 et
2904 3255 3055 3328 loco,
3106 3253 3292 3314 verba

427 3373 440 3386 ι
563 3341 760 3412 clara,
803 3342 1158 3408 articulata
1215 3352 1280 3405 et
1323 3347 1684 3421 vernacula3
1749 3367 1973 3427 magna
2018 3349 2221 3427 gentis
2268 3346 2545 3408 Graecae
2604 3345 2929 3416 mollitieS,
2998 3359 3303 3422 personae.

565 3448 796 3511 quoque
791 3415 1271 3512 cytharistriae,
1317 3434 1628 3514 psaltriae,
1681 3436 1925 3508 Lesbia,
1978 3435 2227 3516 Sappho
2276 3435 2371 3496 vel
2422 3434 2685 3514 lapidem
2724 3431 3041 3494 moverint.
3119 3428 3293 3500 Quae

565 3519 768 3580 omnia
811 3528 876 3580 et
919 3521 972 3581 si
1019 3521 1161 3601 quid
1207 3521 1370 3584 alind
1417 3523 1534 3585 fuit
1582 3525 1741 3604 apud
1779 3533 2023 3586 veteres
2054 3525 2357 3596 decorum,
2404 3523 2581 3584 hodie
2610 3539 2845 3603 quoque
2882 3520 3107 3582 imitari
3142 3537 3295 3597 pos-

567 3625 808 3670 sumus·
793 3655 808 3669 .
877 3628 988 3670 nec
1044 3629 1344 3691 nunquam
1400 3611 1719 3675 imitamur.
1813 3614 2111 3676 Nostrum
2163 3631 2307 3675 vero
2373 3611 2687 3673 artificium
2742 3609 3051 3672 veteribus
3114 3608 3295 3686 plane

565 3695 682 3758 fnit
735 3697 1122 3776 incognitum.
1219 3697 1342 3761 Sed
1399 3699 1574 3778 plura
1629 3721 1738 3764 suo
1795 3705 1945 3765 loco,
2039 3702 2134 3764 De
2184 3700 2449 3764 oratoria
2502 3718 2619 3761 non
2676 3699 2996 3762 contendo.
3092 3695 3297 3758 Causa

565 3792 770 3846 tamen
817 3805 1040 3866 magna
1085 3795 1184 3848 est
1226 3787 1286 3848 in
1334 3797 1554 3850 natura
1598 3796 1662 3851 et
1707 3792 1973 3854 moribus
2021 3791 2241 3870 gentis,
2292 3809 2443 3870 quae
2474 3788 2831 3850 mollissima
2878 3786 3055 3851 facile
3104 3782 3297 3846 cuivis

567 3872 826 3934 cedebat
871 3875 1136 3950 affectui,
1186 3876 1413 3954 gloriae
1461 3871 1604 3940 ve'ro
1653 3879 2061 3958 cupidissima,
2112 3879 2171 3941 id
2220 3881 2349 3960 ejus
2388 3877 2813 3958 adipiscendae
2860 3895 3049 3939 causa
3094 3875 3295 3934 facere

569 3979 686 4022 non
735 3962 1056 4038 dubitavit,
1107 3964 1263 4042 quod
1311 3970 1514 4026 tamen
1563 3967 1686 4030 illis
1717 3969 2041 4041 laudabile,
2089 3967 2265 4030 hodie
2306 3967 2463 4047 apud
2493 3983 2699 4027 omnes
2728 3975 2945 4043 gentes
2974 3966 3295 4025 detestan-

573 4050 714 4112 dum
763 4059 880 4120 est,
927 4060 996 4113 ut
1041 4052 1174 4131 quis
1221 4052 1340 4115 sibi
1385 4054 1500 4134 ipsi
1549 4055 1849 4118 violentas
1898 4077 2112 4118 manus
2160 4059 2393 4119 afferat.
2488 4056 2579 4116 De
2610 4052 2981 4117 astronomia
3025 4068 3167 4112 vero
3196 4069 3295 4111 res

570 4138 660 4200 ita
703 4139 874 4202 clara
917 4147 1030 4214 est,
1055 4149 1150 4214 ‚ut
1195 4142 1337 4202 nihil
1387 4162 1590 4223 supra.
1687 4145 1952 4209 Veniant
2000 4153 2295 4226 quotquot
2344 4145 2575 4207 suntin
2605 4143 2851 4222 Europa
2885 4139 3063 4224 periti
3098 4157 3295 4202 rerum

571 4228 1171 4292 mathematicamm:
1221 4249 1337 4292 non
1384 4231 1703 4312 habiturus
1750 4234 1835 4296 sit
1878 4235 2073 4298 Ursus
2120 4235 2215 4296 vel
2262 4253 2470 4308 unum,
2536 4232 2637 4312 qui
2682 4233 2795 4294 hoc
2850 4233 2935 4294 illi
2984 4229 3295 4306 largiatur,

567 4317 992 4398 perfectiorem
1047 4318 1238 4382 fuisse
1285 4329 1556 4382 veterum
1603 4324 2055 4386 astronomiam.
2148 4323 2363 4402 Itaque
2424 4321 2629 4401 quanti
2678 4320 2763 4382 sit
2815 4319 3181 4392 faciendum,
3242 4317 3297 4378 si

571 4405 704 4485 quis
747 4414 1026 4485 praestet
1074 4408 1232 4487 quod
1279 4407 1586 4487 pollicitus
1633 4420 1733 4473 est
1776 4412 1993 4486 Ursus,
2042 4429 2127 4472 sc.
2179 4411 2623 4474 restitutionem
2664 4408 3071 4472 astronomiae
3118 4413 3325 4480 vete-2

572 4493 684 4566 ris,
751 4495 1172 4558 consideratus
1233 4497 1424 4560 lector
1493 4505 1762 4560 censeto.
1858 4500 2029 4562 Haec
2082 4501 2411 4580 praecipua
2466 4499 2663 4572 fuere,
2729 4516 2881 4577 quae
2937 4498 3049 4558 hoc
3102 4495 3295 4574 primo

573 4580 772 4660 capite
817 4584 894 4645 de
939 4593 1158 4648 natura
1203 4585 1628 4667 hypothesium
1675 4587 2037 4651 dicerentur.
