3634 5575
1426 371 1592 424 Notae
1629 373 1863 424 mitaris.
2882 373 3003 444 197

281 533 477 583 innixus
494 569 507 590 .
561 532 752 583 coelum
767 568 782 588 ,
819 533 1020 582 Terram
1034 565 1051 594 ,
1099 545 1366 597 omnesque
1403 531 1539 582 Deos
1575 533 1852 590 invocabit,
1906 533 2085 583 misero
2130 534 2221 582 sibi
2259 533 2439 584 auxilio
2476 539 2533 583 ut
2568 536 2785 585 veniant.
2860 535 3009 587 Hunc

283 606 537 669 permittet
571 603 769 668 quidem
805 603 944 654 Deus
982 604 1170 668 aliquot
1206 617 1363 654 annos
1400 617 1519 663 suas
1554 605 1760 667 experiri
1795 604 1923 654 vires
1940 638 1954 657 .
2006 610 2065 654 ut
2106 605 2357 670 intelligat
2406 605 2619 668 denique
2634 639 2649 662 .
2702 607 2883 657 baculo
2918 619 3009 658 suo

283 676 484 725 minime
522 689 584 725 ex
617 676 826 724 instanti
859 674 1074 738 periculo
1109 689 1164 724 se
1201 675 1398 725 liberari
1433 689 1606 738 possez
1643 689 1803 738 porro,
1838 677 2049 738 jamjam
2088 677 2307 726 animum
2342 676 2686 739 despondeuti,
2726 678 2877 742 ipsine
2912 679 3007 728 ml-

285 753 442 796 sertus
479 744 638 803 Deus,
673 759 878 796 manum
913 746 1132 810 porrigit,
1171 759 1422 810 manuque
1459 745 1526 796 ad
1561 751 1786 808 optatam
1821 751 2009 798 metam
2045 746 2283 810 perducit.

423 817 646 868 Baculus
684 817 950 867 astronomi
988 823 1066 866 est
1099 818 1212 882 ipsa
1244 816 1606 866 mathematica
1639 830 1731 868 seu
1764 817 2039 881 geometria.
2052 852 2067 874 ‚
2122 831 2223 882 qua
2268 818 2401 866 viam
2446 823 2643 868 tentare
2690 825 2745 868 et
2776 819 3009 868 insistens

283 888 494 952 primum
529 888 698 938 audet.
775 885 906 948 Quid
945 888 1131 938 etenim
1163 887 1370 938 humani
1405 887 1592 953 ingenii
1627 888 1753 936 vires
1803 886 1870 938 ad
1916 887 2107 938 divinas
2152 887 2244 938 has
2300 903 2378 939 res
2424 893 2623 952 tamque
2662 902 2695 940 a
2730 889 2869 940 nobis
2907 889 3005 940 dis-

283 959 406 1008 sitas
451 958 622 1023 procul
667 956 1080 1022 investigandas?
1156 956 1286 1019 Quid
1324 958 1654 1024 caliginautes
1693 955 1861 1007 oculi?
1934 957 2145 1007 Proinde
2181 959 2277 1007 nisi
2314 957 2451 1008 Deus
2498 958 2566 1008 illi
2617 975 2704 1023 pro
2743 973 2839 1008 sua
2870 959 3006 1012 beni-

218 1085 228 1090 ,
282 1029 478 1094 gnitate
517 1033 677 1078 motus
713 1028 934 1078 heroicos
971 1028 1218 1084 indiderit,
1257 1034 1309 1077 et
1345 1034 1584 1092 tanquam
1617 1040 1770 1078 manu
1803 1041 1895 1090 per
1930 1028 2421 1092 incomprehensibile
2446 1029 2571 1078 alias
2608 1031 2791 1080 rationi
2827 1029 3003 1082 huma-

282 1115 380 1150 nae
416 1101 512 1150 iter
548 1099 824 1155 deduxerit,
859 1098 997 1148 haud
1035 1098 1340 1159 crediderim,
1380 1099 1484 1149 ulla
1517 1101 1570 1148 in
1605 1113 1660 1147 re
1699 1103 2034 1148 astronomum
2061 1113 2213 1150 caeco
2238 1099 2321 1148 illo
2357 1099 2773 1163 praestantiorem
2811 1107 2863 1150 et
2898 1099 3004 1150 feli-

281 1172 467 1221 ciorem
492 1184 618 1226 esse.
651 1175 999 1234 praeterquam
1023 1169 1154 1233 quod
1176 1185 1264 1220 suo
1287 1170 1489 1234 ingenio
1516 1169 1782 1234 aliquando
1807 1169 1983 1230 fidens,
2024 1175 2079 1219 et
2112 1183 2200 1219 suo
2236 1169 2305 1218 illi
2340 1170 2521 1221 baculo
2547 1171 2735 1220 divinos
2772 1171 3011 1221 exhibens

255 1237 492 1292 ‘honores
505 1275 522 1300 ,
571 1243 732 1304 ipsam
767 1239 1010 1292 Uraniam
1062 1241 1127 1289 ab
1176 1241 1344 1290 inferis
1393 1246 1680 1290 revocatam
1717 1240 1810 1289 sibi
1848 1240 2287 1305 congratulabitur.
2360 1241 2456 1292 Ubi
2496 1247 2663 1292 autem
2700 1257 2805 1292 rem
2840 1254 3009 1292 secum

281 1319 426 1363 reeta
460 1314 704 1377 reputarit
735 1311 836 1368 via,
875 1325 932 1360 se
965 1325 1068 1360 non
1105 1313 1376 1362 mutierem
1413 1310 1610 1376 Orpheo
1649 1325 1760 1360 esse
1795 1313 2005 1369 sentiet,
2044 1313 2126 1376 qui
2162 1312 2361 1376 quidem
2396 1313 2562 1362 auximo
2598 1327 2741 1364 suam
2774 1327 2833 1364 se
2866 1313 3009 1364 Euris-

282 1383 431 1434 dicen
465 1385 604 1448 sequi
642 1383 895 1438 cernebat,
933 1395 1046 1430 cum
1083 1396 1146 1432 ex
1181 1396 1294 1432 orco
1331 1381 1662 1434 uitabundus
1699 1382 2011 1440 ascenderet,
2048 1388 2163 1446 post
2197 1397 2311 1434 vero
2326 1417 2341 1439 ,
2378 1389 2436 1433 ut
2474 1383 2539 1434 ad
2575 1397 2665 1433 ora
2698 1385 2881 1436 Averni
2916 1383 3013 1434 fuit

280 1460 570 1518 perventum
583 1489 599 1513 ,
647 1469 797 1519 quam
831 1453 1046 1507 maxime
1082 1451 1268 1504 habere
1303 1467 1359 1502 se
1404 1453 1664 1520 sperabat,
1714 1467 1776 1502 ex
1819 1453 1975 1502 oculis
2010 1454 2191 1504 iterum
2226 1453 2293 1504 ad
2328 1454 2511 1506 inferos
2546 1454 2756 1518 delapsa
2790 1455 3007 1506 evanuit.

425 1589 517 1656 38)
549 1610 600 1658 p.
641 1591 761 1643 133.
836 1594 1006 1659 Comp.
1047 1594 1388 1660 Appendicem
1429 1585 1494 1643 ad
1528 1594 1706 1643 librum
1742 1591 1806 1642 V.
1846 1593 2255 1645 Harmonicorum
2292 1594 2513 1658 Kepleri.
2575 1594 2853 1646 Ptolemaei
2888 1595 3006 1646 har-

279 1666 507 1723 monica,
545 1678 676 1730 quae
713 1665 908 1715 edenda
945 1666 1038 1717 sibl
1074 1672 1393 1730 proposuerat
1428 1665 1702 1729 Keplerus,
1740 1679 1839 1713 non
1877 1666 2173 1728 prodierunt.
2252 1663 2396 1724 Quae
2434 1665 2495 1714 de
2532 1665 2607 1714 his
2645 1666 2941 1722 absolverat,
2981 1681 3010 1714 e

281 1735 630 1800 manuscriptis
693 1735 898 1799 Kepleri
972 1735 1217 1800 Petropcli
1286 1737 1588 1786 conservatis
1653 1734 1883 1784 desumta
1948 1735 2194 1784 addentur
2255 1735 2579 1786 Harmoniae.
2669 1736 3008 1786 wallisius

279 1806 696 1940 &mmfgffinff
747 1807 894 1856 libros
940 1806 1018 1857 111
1059 1807 1338 1858 Ptolemaei
1392 1819 1504 1858 cum
1559 1809 1926 1856 commentariis
1970 1805 2225 1870 Porphyrii
2277 1805 2431 1855 edidit
2480 1805 2705 1856 Oxoniae
2754 1819 2802 1856 a.
2856 1803 3005 1854 1682.

307 1891 468 1928 recus.
655 1912 668 1925 .

433 2015 526 2079 39)
563 2033 612 2082 p.
656 2015 774 2066 134.
836 2017 981 2069 Haec
1015 2033 1107 2071 vox
1146 2019 1308 2071 „sacri
1333 2023 1614 2069 astronomo
1639 2018 1831 2068 numeri
1869 2013 1917 2076 6,
1960 2013 2043 2074 12,
2084 2013 2183 2065 60⁸⁴
2225 2031 2285 2066 eo
2320 2017 2549 2080 pertinet.
2588 2018 2719 2082 quod
2743 2017 3007 2068 astronomi

283 2091 420 2138 vario
455 2085 600 2139 modo
637 2089 734 2138 illis
769 2089 846 2138 usi
882 2095 1029 2146 sunt,
1081 2105 1126 2138 v.
1167 2105 1209 2138 c.
1249 2087 1508 2140 zodiacum
1544 2088 1804 2138 dividendo
1852 2090 1905 2138 in
1956 2087 2215 2138 duodecim
2261 2088 2437 2152 signa,
2488 2103 2575 2136 sex
2619 2088 2867 2144 borealia,
2920 2103 3007 2138 sex

278 2160 534 2219 australia,
573 2161 880 2210 numerando
907 2156 1012 2208 360
1035 2161 1240 2225 gradus,
1280 2160 1539 2210 duodecim
1565 2161 1684 2208 anni
1709 2173 1921 2212 menses,
1957 2173 2043 2208 sex
2066 2158 2297 2222 planetas
2324 2156 2412 2208 ἁο.
2444 2155 2627 2222 (comp.
2657 2171 2776 2208 ann.
2800 2159 3007 2222 Kepleri

277 2232 332 2280 in
356 2229 714 2294 praefationem
740 2243 788 2295 g.
823 2243 871 2294 p.
903 2227 1048 2290 11⁰).
1107 2231 1252 2290 Quod
1275 2245 1388 2280 vero
1413 2231 1464 2280 in
1491 2230 1833 2279 astronomicis
1860 2229 2306 2291 computationibus
2343 2230 2749 2294 frequentabatur
2773 2243 3003 2280 uumerus

279 2298 370 2358 80,
411 2302 601 2351 factum
638 2307 732 2358 est,
769 2308 828 2350 ut
862 2301 1056 2364 plurimi
1085 2304 1369 2359 astronomi,
1409 2301 1490 2367 qui
1527 2300 1787 2350 ediderunt
1821 2299 2017 2349 tabulas
2056 2300 2413 2349 astronomicas
2427 2335 2444 2354 ,
2479 2299 2855 2364 praemitterent
2895 2306 3003 2358 „ta-

276 2371 450 2423 bulam
484 2372 918 2437 soxagenariam“,
957 2377 1010 2422 et
1031 2373 1279 2430 librorum,
1319 2373 1650 2422 umnomiae
1675 2376 1945 2434 praecepta
1968 2369 2287 2430 tradentium,
2325 2369 2481 2420 multi'
2503 2371 2743 2420 reterrent
2782 2371 3001 2435 „logisti-

277 2457 394 2494 cam
428 2441 862 2508 sexagenariam“.
919 2442 1062 2503 Quae
1101 2443 1393 2508 „logistica“
1435 2457 1584 2507 quum
1619 2442 1821 2506 saepius
1857 2447 2085 2490 occurrat
2119 2441 2169 2490 in
2196 2441 2388 2504 scriptis
2413 2441 2638 2505 Kepleri,
2674 2441 2802 2490 haec
2830 2442 3007 2505 paucis

278 2513 506 2564 notanda
541 2525 828 2564 censemus:
885 2513 1010 2564 Cum
1045 2513 1140 2564 illis
1177 2515 1474 2578 temporibus
1513 2514 1778 2564 fractiones
1815 2511 2083 2563 decimales
2118 2511 2337 2562 nondum
2372 2513 2425 2562 in
2460 2527 2549 2562 usu
2590 2517 2786 2568 essent,
2841 2517 2999 2560 astro-

278 2585 416 2637 nomi
449 2585 517 2636 ad
552 2584 906 2636 sublevandum
933 2585 1178 2636 calculum
1203 2599 1450 2644 numeros,
1486 2597 1690 2649 quorum
1713 2583 2010 2646 praecipuus
2034 2582 2153 2646 ipsis
2176 2597 2293 2633 usus
2320 2589 2444 2640 erat,
2486 2579 2570 2638 60,
2616 2576 2725 2645 ‘lem
2769 2578 2882 2646 'laco
2910 2579 3003 2632 tte.

277 2655 428 2706 simili
463 2655 566 2705 fere
601 2656 792 2706 ratione
831 2655 1159 2710 adhibebant.
1209 2671 1307 2722 qua
1341 2669 1474 2706 nuuc
1510 2654 1777 2704 fractiones
1815 2651 2082 2704 decimales
2117 2657 2351 2714 utuntur,
2392 2653 2675 2702 omittentes
2714 2652 3003 2702 denomina-

279 2732 443 2783 tores3
493 2727 570 2775 ita
602 2733 660 2775 nt
697 2722 766 2772 60
801 2728 1020 2776 unitates
1059 2727 1240 2775 ordinis
1276 2725 1546 2780 inferioris,
1599 2722 1622 2771 1
1666 2724 1913 2774 unitatem
1960 2723 2142 2773 ordinis
2190 2724 2451 2787 superioris
2502 2729 2749 2787 aequent3
2799 2724 2901 2772 sive
2948 2729 3007 2771 ut

278 2798 442 2847 verbis
478 2798 728 2862 scriptoris
763 2796 956 2847 illorum
991 2805 1266 2862 temporum
1303 2796 1441 2859 (Seb.
1481 2794 1797 2853 Theodorici,
1852 2796 1931 2845 cui
1978 2796 2043 2843 ab
2092 2794 2211 2844 urbe
2256 2796 2420 2857 patria
2464 2794 2767 2844 Winshemio
2823 2808 3006 2845 nomen

281 2874 390 2925 est,
443 2868 494 2917 in
525 2867 719 2917 libello:
774 2868 1034 2933 Logistica
1070 2870 1418 2920 astronomica.
1461 2863 1621 2931 1563)
1657 2872 1887 2915 utamur:
1940 2867 2112 2925 „inte
2129 2879 2310 2929 grum
2346 2866 2561 2915 medium
2598 2866 2761 2915 locum
2798 2864 3004 2925 obtinet,

281 2938 632 2989 collectum
679 2941 1012 3004 sexagenaria
1061 2939 1313 2991 additione
1365 2939 1622 2990 constituit
1669 2948 2033 3002 sexagenarum
2080 2936 2330 2993 ordinem,
2383 2937 2669 2987 divisum
2716 2950 2831 2989 vero
2866 2948 3012 2986 senar-

277 3010 492 3075 gen-ria
527 3010 762 3060 divisione
800 3008 954 3059 efficit
987 3010 1324 3075 scrupulorum
1362 3008 1633 3060 ordinem.“

245 3196 257 3201 -
421 3146 516 3214 40)
555 3164 604 3213 p.
643 3146 764 3201 140.
833 3148 982 3201 Hauc
1019 3150 1082 3201 de
1119 3148 1430 3203 conferendis
1466 3150 1678 3199 motibus
1716 3147 2011 3199 coelestibus
2058 3162 2169 3197 cum
2206 3146 2338 3195 sonis
2373 3145 2673 3197 harmonicis
2710 3146 3008 3209 disputatio-

279 3236 398 3273 nem
449 3226 502 3271 et
547 3222 800 3285 utriusque
849 3236 960 3270 cum
1007 3222 1225 3271 sectione
1264 3221 1434 3270 circuli
1468 3223 1521 3269 iu
1557 3226 1724 3283 partes
1765 3217 2099 3277 „rationales“
2151 3220 2599 3280 comparationem,
2652 3230 2801 3281 quam
2836 3218 3009 3279 paucis

277 3294 362 3343 hic
400 3291 638 3349 absolvit,
673 3290 921 3356 Keplerus
958 3292 1089 3342 brevi
1125 3298 1238 3356 post
1276 3291 1464 3341 editum
1500 3290 1821 3340 Prodromum
1856 3290 2074 3355 pluribus
2113 3288 2416 3353 aggreditur,
2454 3288 2783 3338 fundamenta
2815 3288 3009 3349 jaciens

279 3363 442 3428 operis
478 3360 608 3411 illius
655 3362 981 3421 celeberrimi,
1040 3362 1380 3421 „Harmoniae
1416 3358 1588 3411 Mundi
1607 3360 1658 3419 ‚“
1710 3364 1760 3409 in
1813 3375 1908 3425 quo
1954 3376 2058 3409 rem
2103 3360 2301 3424 propius
2355 3359 2421 3409 ad
2468 3364 2624 3409 artem
2670 3360 3011 3423 rationemque

279 3439 502 3484 revocat.
1351 3474 1356 3479 .

423 3503 700 3554 Primordia
731 3502 876 3566 th'us
914 3503 1261 3569 disputationis
1313 3502 1503 3552 subtilis
1552 3508 1604 3551 et
1651 3502 1911 3550 abstrusae
1958 3498 2369 3563 deprehendimus
2416 3500 2467 3549 in
2516 3498 2671 3549 literis
2718 3498 2783 3549 ad
2818 3496 3011 3549 Maest-

281 3572 440 3626 llnum
475 3576 606 3626 datis
644 3574 694 3625 d.
735 3572 820 3623 28.
858 3575 990 3641 Aug.
1031 3570 1196 3633 1599,
1237 3574 1318 3625 cui
1353 3574 1484 3625 hacc
1517 3573 1582 3622 de
1617 3572 1793 3623 studiis
1830 3572 1929 3621 suis
1964 3570 2146 3621 refert:

441 3684 567 3738 Jam
596 3688 813 3751 tempus
843 3687 947 3744 est,
975 3690 1050 3736 ut
1075 3681 1207 3736 tibi
1236 3698 1495 3753 quoque
1521 3680 1897 3735 'studiorum
1927 3694 2216 3732 meorum
2246 3675 2591 3732 rationem
2615 3676 2903 3730 reddam.
2952 3674 3013 3729 Si

279 3762 572 3834 Tubingae
615 3778 812 3826 essem,
861 3779 1060 3817 novum
1103 3763 1343 3833 aliquem
1371 3768 1431 3817 et
1458 3763 1683 3815 brevem
1710 3760 1961 3813 libellum
2001 3758 2315 3811 meditarer.
2374 3756 2521 3810 Sane
2552 3756 2682 3827 quia
2708 3754 3012 3809 rectissime

279 3842 612 3899 Eaestlinus
641 3841 748 3895 mei
785 3841 1052 3897 similibus
1101 3842 1336 3897 dixerit:
1383 3842 1501 3895 sine
1542 3860 1630 3896 me
1674 3840 1809 3893 nihil
1840 3838 2077 3909 potestis
2118 3838 2322 3891 facere.
2382 3836 2523 3889 Nam
2552 3834 3013 3906 cosmographiae

280 3924 504 3977 libellos
535 3924 610 3976 tv
656 3939 767 3977 non
808 3924 1092 3987 tractabo,
1142 3922 1244 3977 nisi
1283 3922 1558 3993 Tychonis
1603 3919 1934 3974 editionibus
1978 3918 2359 3987 supervixero.
2436 3916 2652 3969 Titulus
2692 3915 2867 3969 libro:
2910 3914 3013 3969 De

280 4002 652 4058 Harmonia
677 4002 916 4056 mundi.
974 4002 1178 4073 Arrige
1208 4019 1390 4057 aures.
1447 3997 1691 4074 Εὑρηκα.
1746 3999 1987 4054 Primum
2014 3997 2311 4067 dupliciter
2340 3996 2759 4052 considerantur
2792 3992 3011 4065 quanti-

277 4090 446 4137 tates.
489 4087 606 4137 Aut
623 4082 679 4135 in
701 4088 904 4153 quarta
924 4082 1047 4150 (sic)
1078 4081 1262 4151 specie
1282 4081 1590 4153 qualitatis,
1621 4088 1682 4133 et
1709 4082 1849 4135 fiunt
1878 4080 1913 4134 5
1936 4094 2173 4148 corpora
2198 4074 2501 4147 regularia,
2541 4074 3012 4135 l3Archimedea.

280 4170 340 4217 et
375 4162 564 4217 forsan
603 4162 817 4231 aliquot
843 4162 1211 4229 Kepleriana,
1256 4159 1557 4230 cujusmodi
1597 4176 1764 4215 unum
1808 4158 1910 4215 tibi
1953 4160 2075 4213 loco
2116 4155 2397 4223 honorarii
2439 4155 2597 4209 mitto
2626 4153 3015 4207 conficiendum

281 4242 446 4301 isthic
473 4260 549 4296 ex
590 4240 872 4295 duodecim
921 4238 968 4311 X
1009 4264 1020 4295 :
1065 4242 1244 4311 possit
1279 4242 1423 4295 enim
1442 4240 1572 4309 jure
1603 4240 1797 4297 merito
1829 4238 1974 4293 inter
2000 4237 2293 4309 regularia
2317 4234 2538 4298 referri,
2572 4234 2677 4287 nisi
2705 4234 2847 4304 quod
2876 4228 3013 4285 nihil

283 4328 374 4377 est
402 4320 573 4385 aliud,
605 4336 768 4392 quam
797 4322 1182 4377 dodecaedron
1209 4327 1432 4375 auctum
1461 4316 1585 4388 (sed
1611 4312 2081 4391 regularissime).
2132 4317 2295 4381 Alter
2324 4314 2699 4385 quantitatum
2725 4316 3013 4383 respectus

283 4407 374 4457 est
400 4420 509 4456 non
536 4416 1012 4475 σωματοποιησις,
1059 4404 1154 4456 sed
1185 4399 1522 4473 comparatio
1549 4416 1731 4454 rerum
1759 4400 2020 4469 ipsarum,
2054 4412 2193 4467 quae
2223 4401 2355 4448 sunt
2380 4394 2437 4447 in
2465 4408 2721 4465 σωμασιν
2748 4384 2823 4446 in'
2830 4390 3015 4463 planis

284 4488 344 4535 et
371 4482 560 4535 solidis
588 4481 965 4552 regularibus
1023 4481 1110 4536 Ibi
1139 4481 1284 4534 enim
1310 4481 1566 4534 metimur
1601 4480 1812 4542 latera,
1866 4476 2104 4547 ang-ulos
2145 4474 2267 4537 dcc„
2318 4475 2424 4528 hoc
2471 4481 2583 4536 est,
2634 4486 3014 4543 comparamus

283 4562 388 4615 illa
417 4562 489 4615 ad
517 4567 725 4615 certam
753 4577 1082 4615 mensuram.
1141 4560 1248 4615 Sed
1285 4561 1427 4614 haec
1464 4562 1632 4611 extra
1667 4558 1841 4611 oleas.
1902 4558 2045 4610 Illud
2080 4571 2248 4609 unum
2290 4555 2586 4609 tenendum
2626 4552 2745 4617 hic,
2792 4566 3015 4623 geome-

285 4640 430 4695 triae
475 4640 756 4710 objectum
793 4656 916 4694 esse
946 4644 1155 4713 λογους
1191 4646 1252 4693 et
1292 4636 1612 4708 ἆναλογιας.
1667 4636 1772 4691 Sed
1799 4641 1975 4708 λογος
2011 4634 2306 4704 simplicior
2333 4640 2395 4687 et
2418 4632 2584 4703 prior.
2641 4637 2859 4704 Λογων
2887 4634 3017 4684 sunt

285 4720 498 4784 infiniti,
539 4726 604 4773 ut
632 4726 804 4773 antea
833 4720 1260 4789 superficierum,
1301 4724 1366 4771 ut
1395 4733 1696 4785 corporum.
1751 4716 1859 4771 Sed
1888 4722 2075 4770 tamen
2104 4716 2603 4776 demonstrandum,
2648 4728 2771 4767 esse
2808 4727 3015 4781 paucos

287 4800 502 4871 aliquos
532 4798 792 4869 pulchros
822 4801 1071 4864 eximios,
1117 4808 1178 4853 et
1214 4800 1284 4853 ad
1323 4796 1730 4851 similitudinem
1772 4812 2060 4867 corporum
2102 4793 2410 4864 regulares.
2467 4794 2580 4847 Eos
2610 4807 2804 4846 sensus
2833 4789 3018 4861 prodit

287 4880 344 4935 in
383 4878 624 4937 musica:
677 4872 754 4942 ¹1..
791 4874 872 4945 Ἃ,
921 4874 1003 4945 ²l.,
1040 4874 1119 4945 Ἲς,
1153 4870 1238 4943 Ἃ,
1275 4872 1360 4943 ⁸10,
1397 4870 1480 4941 Ἃ,
1517 4870 1577 4935 Ἰ.
1624 4893 1743 4931 cum
1781 4876 1893 4930 suis
1923 4872 2311 4946 completoriis,
2369 4870 2468 4927 Isti
2502 4876 2671 4945 λογοι
2710 4878 2839 4927 sunt
2876 4886 3015 4927 κοσ-
