3634 5575
687 367 820 434 223
1886 363 2211 414 Pron-mium.

685 529 952 593 inscripts:
1005 525 1284 590 Responsio
1320 523 1386 575 D.
1414 523 1648 575 Duneani
1685 523 1752 574 ad
1787 523 2065 574 calumnias
2104 521 2341 580 Grameri,
2378 523 2533 574 missa
2550 521 2775 585 Tyohoni
2810 537 2943 574 anno
2984 519 3131 574 1000
3166 535 3281 573 una
3312 535 3416 572 eun

745 604 1070 665 ogrammate.

686 613 744 664 P!
827 669 1038 720 Summa
1067 669 1214 730 hujus
1251 667 1577 730 responsionis
1611 665 1742 716 haec
1779 670 1884 715 est.
1920 665 1995 714 Ex
2032 665 2279 726 Tychonis
2317 664 2471 714 literis
2510 679 2641 714 enno
2679 662 2766 714 87.
2804 679 2959 716 manu
2994 664 3204 730 propria
3246 663 3313 712 ad
3346 677 3416 712 me

686 742 880 805 scriptis
917 745 1152 804 apparet,
1192 737 1478 800 Tychonem
1514 737 1650 786 illam
1685 736 1979 799 hypothesin
2016 737 2135 786 mihi
2170 750 2271 784 non
2308 737 2731 793 communicasse,
2782 751 2951 786 verum
2984 751 3063 786 me
3102 749 3226 786 meo
3263 733 3419 784 Marte

687 813 951 871 invenisse,
991 818 1069 868 et,
1105 817 1166 859 ut
1201 812 1306 872 ipse
1341 808 1634 869 confitetur,
1667 814 1887 856 mentem
1922 821 2064 856 suam
2100 808 2349 856 imitstmn
2384 807 2553 857 fuisse.
2628 807 2889 857 Excitasse
2926 813 3095 857 autem
3138 805 3215 855 ad
3250 818 3419 854 novam

687 884 906 946 aliquam
939 880 1235 964 hypothesin
1271 878 1653 944 excogitandam
1689 893 1788 927 non
1838 877 2111 937 dissimulo,
2162 877 2465 927 documenta
2514 885 2567 928 et
2610 880 2857 928 rationem
2901 879 3057 928 ullam
3090 880 3259 926 istam
3290 877 3415 925 inve·

685 953 852 1004 niendi
903 953 1296 1002 communicasse
1346 964 1490 1014 nego.
1565 947 1895 1000 Nihilominus
1942 948 2078 998 hanc
2114 949 2325 1013 gloriam
2359 949 2479 998 mihi
2514 964 2767 1015 nunquam
2812 949 2991 1010 tribui,
3042 947 3139 998 sed
3178 947 3417 1010 Tychoui,

685 1039 787 1074 nou
821 1023 1144 1087 hypothesin,
1181 1027 1240 1070 ut
1271 1021 1444 1070 scribit
1479 1019 1770 1078 Cramerus,
1808 1019 2182 1077 Liddelianam,
2222 1020 2311 1069 sed
2346 1018 2722 1081 Tychoniansm
2768 1022 2995 1070 omnibus
3028 1021 3159 1070 meis
3200 1017 3415 1082 praelec-

685 1095 900 1146 tionibus
937 1095 1124 1144 vocavi.
1199 1091 1314 1142 Non
1349 1093 1540 1156 ignoro,
1577 1091 1782 1154 aliquos,
1822 1091 2050 1174 perlectis
2086 1091 2182 1140 illis
2220 1091 2437 1153 epistolis
2476 1098 2529 1142 et
2564 1091 2795 1148 theoriis,
2834 1091 2942 1154 plus
2978 1105 3131 1155 quam
3172 1105 3273 1155 ego
3308 1088 3417 1138 mihi

686 1167 942 1221 nibuisse,
989 1164 1122 1228 quod
1165 1164 1262 1212 illis
1309 1162 1514 1212 liberum
1561 1162 1679 1220 fuit,
1731 1175 1826 1211 nec
1862 1163 1915 1212 ιιι
1950 1175 2067 1210 mea
2099 1167 2367 1224 potestate.
2442 1163 2513 1210 At
2548 1163 2599 1212 in
2636 1162 3049 1225 praelectionibus
3086 1162 3311 1225 publicis
3342 1174 3417 1210 ms

687 1237 866 1286 dixisse
883 1271 898 1292 ,
933 1235 1072 1284 illam
1105 1233 1422 1297 hypothesin,
1440 1232 1726 1295 Tychonem
1761 1233 1881 1282 mihi
1919 1232 2127 1290 debere,
2164 1246 2245 1281 me
2282 1234 2491 1295 primum
2528 1234 2572 1282 ei
2610 1235 3031 1290 communicasse,
3070 1239 3127 1282 et
3166 1231 3415 1282 Liddelia·

685 1321 804 1356 nam
837 1317 1063 1360 vocasse.
1097 1305 1358 1368 impudens
1393 1304 1708 1354 mendacium
1744 1308 1825 1353 est
1849 1302 2069 1353 Crameri
2094 1303 2397 1367 aliorumque
2424 1305 2783 1360 cavillatorum,
2822 1303 2885 1352 de
2922 1305 3098 1368 quibus
3136 1305 3221 1352 ita
3256 1315 3415 1366 agsm,

683 1383 742 1428 ut
775 1377 1000 1428 omnibus
1037 1382 1231 1439 pateat,
1267 1389 1348 1425 me
1385 1375 1552 1424 famae
1588 1388 1734 1425 meae
1769 1374 2110 1440 negligentem
2146 1389 2245 1423 non
2284 1388 2410 1424 esse.
2480 1373 2595 1424 Non
2632 1380 2803 1426 autem
2838 1375 3070 1424 imitabor
3108 1373 3417 1428 Cramerum,

647 1453 657 1462 '
683 1463 780 1500 nec
814 1449 1039 1500 convitiis
1073 1446 1338 1512 pugnabo,
1377 1450 1458 1507 et,
1511 1451 1752 1510 quantum
1787 1445 1893 1495 fieri
1928 1451 2123 1508 potest,
2163 1444 2387 1507 Tychoni
2422 1459 2663 1508 parcam,
2712 1447 2907 1496 etiamsi
2943 1445 3027 1496 ille
3061 1443 3191 1494 mihi
3232 1441 3317 1505 (ut
3346 1443 3413 1491 in·

687 1516 886 1584 telligo)
921 1519 1124 1568 minime
1160 1523 1352 1579 parcat.

823 1589 1065 1654 Magini
1108 1586 1388 1645 ..ώσω-ια’·
1429 1585 1636 1636 diximus
1689 1598 1840 1650 supra
1884 1601 1932 1649 p.
1972 1582 2071 1642 65,
2130 1587 2262 1636 unde
2298 1588 2520 1649 patebit,
2576 1588 2907 1650 suspicionem
2942 1586 3231 1649 Tychonis‚
3288 1582 3415 1632 illum

685 1674 945 1726 arrogasse
981 1660 1074 1709 sibi
1109 1658 1357 1721 Tychonis
1407 1657 1730 1720 hypotheses,
1781 1657 1961 1706 falsam
2012 1671 2137 1706 esse.
2210 1657 2292 1706 De
2329 1657 2675 1708 Francisco
2710 1658 2995 1708 Patricio
3048 1655 3281 1720 pluribus
3318 1654 3414 1718 agit

684 1731 826 1794 Kep
839 1731 938 1780 ler
952 1745 1024 1781 us
1059 1730 1114 1778 ιιι
1147 1728 1312 1779 libello
1349 1741 1436 1778 suo
1473 1729 1700 1791 sequenti
1735 1735 1913 1778 contra
1936 1727 2147 1785 Ursum;
2182 1727 2264 1776 hic
2288 1728 2561 1778 notandum
2586 1736 2681 1788 est,
2718 1728 2989 1778 Patricium
3027 1725 3161 1788 (unt.
3192 1725 3409 1776 Dalmat.

687 1799 844 1856 1530.
879 1807 1023 1851 mort.
1047 1796 1210 1862 1597)
1247 1798 1604 1862 philosophiam
1641 1799 1869 1848 docuisse
1902 1799 2035 1862 prius
2060 1798 2317 1856 Ferrarae,
2354 1806 2533 1862 postea
2552 1799 2765 1857 Romae,
2803 1800 3077 1849 innotuisse
3118 1813 3241 1848 cum
3280 1795 3415 1846 editis

685 1873 1000 1936 scriptoribus
1036 1871 1330 1934 quibusdam
1365 1869 1608 1918 Romanis
1657 1875 1708 1918 et
1747 1869 1979 1926 Graecis,
2032 1875 2137 1918 ιιιιιι
2182 1871 2447 1933 praecipue
2498 1885 2647 1934 opere
2682 1872 2946 1934 inscripto.
3002 1868 3153 1919 Nova
3192 1868 3259 1918 de
3296 1865 3407 1916 Uni-

683 1946 837 1994 versis
873 1941 1212 2006 philosophia,
1245 1941 1379 1990 libris
1415 1938 1486 1990 50
1523 1939 1904 2003 comprehensa,
1943 1942 1995 1990 ιιι
2032 1954 2127 2004 quo
2165 1954 2253 1997 ea,
2292 1954 2421 2006 quse
2458 1940 2629 2004 Tycho
2664 1943 2923 2005 increpat,
2963 1939 3311 2004 philosophice
3344 1939 3411 1986 in·

688 2015 862 2079 quirit,
899 2027 1062 2077 neque
1097 2026 1212 2062 vero
1251 2026 1312 2061 ex
1345 2011 1561 2074 professo
1596 2015 1935 2061 ειειιοιιοιιιιιιιι
1970 2011 2092 2076 agit.

703 2121 710 2130 .
827 2084 1170 2134 Helisaeus
1207 2081 1535 2140 Roslinus,
1585 2081 1837 2140 medicus,
1878 2083 1973 2132 etsi
2008 2097 2108 2132 non
2136 2087 2479 2138 astronomus,
2538 2083 2695 2132 mults
2732 2087 2903 2132 tamen
2948 2097 3063 2132 cum
3106 2079 3409 2144 astrologics

687 2162 794 2205 tum
828 2156 1163 2204 astronomica
1197 2155 1302 2218 egit
1335 2153 1538 2210 leviora,
1577 2167 1784 2217 eamque
1822 2153 1883 2202 ob
1922 2166 2127 2202 causam
2163 2153 2213 2201 in
2248 2153 2364 2201 lites
2400 2153 2575 2204 incidit
2609 2153 2833 2216 publicas
2868 2169 2983 2203 cum
3006 2151 3253 2216 Keplero‚
3290 2163 3411 2214 quae

689 2227 788 2276 alio
823 2225 932 2276 loco
971 2225 1212 2275 dicentur.
1289 2222 1432 2284 Quae
1467 2222 1566 2272 huc
1601 2225 1855 2286 pertinent
1868 2257 1883 2280 ,
1918 2224 2047 2275 haec
2084 2229 2229 2274 sunt:
2284 2222 2547 2274 Roeslinus
2584 2223 2741 2274 edidit
2776 2238 2907 2274 anno
2950 2220 3087 2272 159⁷
3122 2223 3305 2272 librum
3338 2221 3407 2270 in·

687 2297 953 2359 scriptum:
1007 2294 1088 2346 De
1126 2295 1286 2358 Opere
1311 2294 1413 2344 Dei
1439 2293 1703 2352 Creatoris,
1740 2308 1831 2345 seu
1868 2295 1931 2344 de
1954 2293 2143 2344 Mundo
2178 2293 2492 2358 hypotheses.
2547 2293 2607 2344 In
2642 2294 2737 2346 hoc
2774 2309 2853 2349 ea,
2892 2309 3021 2360 quse
3058 2293 3235 2356 Tycho
3271 2303 3411 2356 supro

687 2366 1034 2431 reprehendit,
1071 2367 1335 2431 leg-untur,
1386 2364 1555 2428 Tycho
1591 2379 1705 2414 vero
1740 2367 1849 2429 ipse
1886 2365 2103 2415 libellum
2136 2365 2269 2414 hunc
2306 2373 2411 2414 tum
2444 2366 2665 2415 nondum
2700 2368 3009 2430 inspexerat,
3056 2365 3149 2416 sed
3185 2363 3307 2414 Ursi
3337 2375 3407 2412 se-

687 2439 852 2502 quitur
885 2437 1052 2497 verba,
1091 2438 1176 2502 qui
1199 2435 1504 2494 Roesiinum,
1541 2437 1672 2485 sicut
1709 2438 1863 2486 etiam
1888 2436 2148 2501 Maginum
2184 2436 2333 2486 simili
2366 2438 2560 2487 ratione
2596 2451 2701 2502 qua
2720 2435 3005 2500 Tychonem
3032 2435 3149 2485 furti
3188 2439 3405 2485 accusat.

689 2509 954 2560 Roeslinus
989 2509 1120 2558 redit
1156 2507 1224 2558 sd
1257 2506 1352 2557 hoc
1390 2507 1663 2556 convicium
1700 2507 1889 2572 aliquot
1925 2510 2069 2557 annis
2104 2513 2245 2571 post,
2283 2509 2335 2556 in
2370 2507 2511 2562 libro.
2547 2521 2694 2570 quem
2728 2507 3006 2571 inscripsit:
3058 2504 3403 2564 Historischer,

687 2579 982 2630 Politischer
1015 2578 1122 2628 und
1143 2577 1572 2628 Astronomischer
1605 2579 1911 2628 naturlicher
1932 2578 2009 2628 D·
1996 2593 2014 2627 ι
2028 2593 2053 2627 s
2066 2594 2093 2628 c
2109 2593 2142 2627 ιι
2156 2593 2217 2627 rs
2255 2593 2349 2627 von
2376 2577 2605 2644 heutiger
2630 2577 2745 2628 Zeit
2764 2577 3193 2635 Beschaffenheit,
3232 2575 3407 2626 Wesen

688 2650 794 2700 und
829 2649 1016 2704 Sta-neit
1051 2649 1140 2700 der
1175 2647 1510 2699 Christeuheit
1543 2649 1648 2699 und
1681 2650 1776 2700 wie
1824 2663 1879 2698 es
1912 2651 1991 2700 ins
2026 2649 2243 2713 kiinfflig
2278 2650 2332 2698 in
2368 2649 2627 2700 desselben
2673 2648 2889 2716 ergehen
2932 2649 3121 2704 verde,
3178 2663 3272 2698 aus
3310 2648 3403 2696 Διι-

687 2721 880 2786 leimng
917 2721 1033 2770 dero
1069 2735 1164 2768 von
1217 2734 1349 2771 anno
1399 2715 1538 2769 1600
1583 2719 1674 2769 her
1719 2733 1801 2770 am
1852 2719 2015 2770 hohen
2059 2720 2275 2770 Himmel
2322 2720 2677 2770 erschienenen
2726 2734 2929 2805 grossen
2962 2717 3403 2772 Wunderzeichen.

688 2792 1032 2843 sonderlichen
1069 2792 1182 2842 dess
1222 2790 1486 2842 Cometeus
1533 2805 1664 2841 anno
1717 2789 1855 2840 1607
1905 2806 2201 2856 genommen
2236 2789 2326 2841 dcc.
2400 2792 2549 2842 Allen
2586 2790 2853 2843 Gelehrten
2902 2794 2954 2841 in
2990 2790 3199 2853 silerley
3233 2786 3401 2841 Facul-

687 2870 830 2913 teten
867 2878 934 2914 su
965 2863 1123 2921 lesen,
1161 2863 1312 2911 sovol
1346 2861 1497 2928 lustig
1532 2862 1635 2911 und
1669 2862 1908 2923 niitzlich,
1948 2864 2022 2913 als
2056 2862 2423 2928 menniglichen
2456 2878 2544 2911 sur
2567 2863 2827 2927 Warnung
2848 2862 2949 2913 und
2974 2862 3401 2923 Auffinuntemng.

687 2934 876 3000 gestelt
909 2933 1065 2983 durch
1097 2932 1164 2981 Η.
1201 2932 1457 2989 Roslin,
1495 2932 1633 2984 Med.
1669 2932 1736 2983 D.
1777 2932 1869 2983 dte.
1926 2932 2219 2998 Strassburg
2257 2929 2413 2981 1609.
2488 2932 2653 2997 Caput
2686 2932 2763 2983 111
2796 2933 2943 2996 hujus
2978 2934 3117 2989 libri,
3155 2932 3223 2983 de
3258 2931 3399 2995 hypo-

687 3005 910 3055 thesibus
947 3005 1304 3061 astronomicis,
1341 3003 1468 3053 haec
1503 3002 1686 3053 habet·
1741 3004 1841 3053 Die
1876 3018 2015 3055 neve
2038 3004 2367 3055 fundamenta
2390 3004 2637 3067 Tychonis
2659 3004 2827 3055 Brahe
2852 3006 2915 3055 de
2936 3011 3216 3087 systemate
3237 2998 3399 3053 Mundi

688 3074 918 3141 gelieben
953 3074 1048 3123 mir
1081 3090 1168 3124 vor
1217 3074 1312 3125 den
1349 3074 1488 3123 alten
1525 3075 1612 3124 des
1647 3073 1922 3125 Ptolemaei
1956 3074 2057 3125 und
2097 3075 2193 3125 den
2228 3089 2403 3125 neven
2454 3074 2542 3125 des
2581 3074 2862 3138 Copernici,
2910 3075 3020 3126 weil
3066 3076 3139 3125 sie
3186 3075 3294 3125 sich
3326 3086 3399 3121 sm

689 3147 868 3196 besten
901 3145 994 3194 mit
1027 3145 1115 3195 der
1149 3145 1364 3210 heiligen
1399 3143 1587 3195 Schrift
1620 3146 1722 3195 und
1759 3146 1848 3195 der
1880 3144 2097 3208 Physica
2144 3152 2407 3211 vertragen
2424 3182 2439 3204 ,
2492 3146 2595 3196 und
2639 3147 2749 3196 weil
2790 3148 2864 3196 sie
2898 3148 2993 3195 mir
3026 3146 3159 3195 auch
3194 3147 3251 3195 in
3286 3143 3399 3195 Sinn

689 3217 794 3266 und
827 3217 880 3265 in
915 3216 1078 3266 moine
1115 3216 1422 3267 Gedancken
1458 3216 1706 3274 kommen,
1745 3216 1839 3267 ehe
1874 3218 1949 3265 sie
1982 3218 2075 3266 mir
2110 3217 2367 3269 andersvo
2402 3217 2816 3275 herfflrkommen,
2854 3217 3045 3267 solcher
3082 3216 3295 3276 Gestalt,
3330 3212 3395 3263 sb

689 3287 774 3337 ich
808 3286 1048 3351 allvegen
1085 3300 1152 3335 sn
1188 3287 1288 3337 den
1313 3286 1663 3349 Copernicanis
1687 3287 2027 3337 fundamentis
2061 3288 2356 3352 gesweifelt,
2394 3289 2515 3339 aber
2546 3287 2630 3339 ich
2662 3289 2757 3337 mir
2788 3288 2951 3337 selber
2980 3288 3163 3339 daraus
3193 3289 3271 3335 nit
3300 3283 3395 3333 hel·

689 3359 774 3408 fen
809 3357 1013 3415 kondte,
1051 3357 1214 3423 begab
1249 3358 1372 3415 sich,
1411 3358 1526 3407 dass
1564 3357 1730 3407 Raim.
1757 3357 1927 3414 Ursus,
1966 3373 2021 3407 so
2058 3374 2205 3407 zuvor
2238 3358 2334 3420 bey
2372 3358 2606 3422 Tychone
2637 3358 2805 3409 Brahe
2840 3361 2892 3407 ιιι
2928 3357 3285 3409 Dennemarck
3316 3369 3395 3420 go·

691 3443 856 3479 wesen
871 3462 885 3485 ‚
934 3428 1024 3477 mit
1059 3429 1220 3478 einem
1255 3442 1431 3478 neven
1468 3426 1749 3491 Systemate
1798 3442 1899 3493 gen
1936 3427 2225 3494 Strassburg
2274 3429 2389 3479 kam
2404 3462 2421 3489 ,
2473 3430 2683 3479 welches
2734 3430 2855 3479 aber
2902 3444 2993 3479 aus
3036 3430 3124 3480 des
3161 3426 3395 3492 Tychonis

691 3504 963 3563 systemate
998 3512 1322 3563 genommen,
1371 3500 1476 3549 und
1511 3499 1659 3549 allein
1695 3499 2024 3564 umbgekehrt
2071 3513 2199 3557 var,
2252 3500 2408 3550 damit
2454 3514 2507 3550 er
2552 3500 2683 3551 auch
2718 3506 2874 3551 etwas
2910 3500 3177 3551 besonders
3212 3498 3395 3550 hei-flir-

690 3570 892 3621 breohte
925 3571 1030 3620 und
1063 3572 1228 3621 seines
1263 3571 1600 3633 praeceptoris
1635 3569 1834 3621 Sachen
1872 3570 2231 3621 zuriicktriebe.
2306 3570 2509 3622 Solches
2549 3570 2781 3633 Systema
2824 3572 2945 3621 aber
2958 3606 2973 3628 ,
3022 3570 3133 3621 weil
3182 3586 3238 3621 es
3282 3566 3395 3621 noch

689 3642 784 3691 viel
819 3640 958 3691 mehr
991 3641 1098 3691 und
1132 3642 1340 3706 grobere
1374 3641 1592 3692 absurda
1625 3642 1730 3691 und
1763 3641 2076 3705 ungereimbt
2112 3640 2311 3692 Sachen
2362 3641 2501 3693 hette
2516 3676 2529 3699 ,
2582 3642 2719 3693 daun
2756 3641 3013 3707 Copernici
3028 3677 3043 3700 ‚
3093 3642 3287 3691 kundte
3325 3638 3395 3687 ich

691 3712 824 3763 ihme
859 3712 990 3761 noch
1025 3713 1119 3762 viel
1155 3713 1373 3776 veuiger
1406 3711 1672 3774 beyfsllen.
1747 3712 1837 3761 Ich
1873 3713 2169 3775 speculierte
2205 3711 2326 3761 aber
2362 3712 2548 3778 fleissig
2583 3713 2731 3771 drob,
2780 3712 2981 3763 vendet
3017 3713 3096 3762 die
3136 3712 3287 3763 circul
3321 3711 3395 3759 det

693 3783 938 3833 Planeten
975 3782 1198 3839 herumb,
1237 3784 1335 3832 biss
1372 3782 1452 3833 ich
1488 3783 1688 3833 letzlich
1722 3784 1841 3833 kam
1866 3784 1957 3833 auf
1980 3782 2225 3845 Tychonis
2248 3782 2523 3849 Meynuhg,
2560 3785 2664 3833 und
2700 3784 2790 3833 suf
2820 3784 2929 3833 sein
2955 3789 3189 3847 systema,
3231 3783 3392 3832 darm

691 3853 972 3915 Raymarus
1009 3853 1100 3903 des
1137 3855 1246 3903 sein
1281 3868 1577 3918 genommen
1612 3853 1718 3903 hat.
1794 3853 1921 3903 Weil
1958 3854 2091 3903 daun
2128 3854 2291 3903 meine
2329 3854 2515 3903 Theses
2558 3855 2797 3918 physicae
2844 3854 2908 3904 de
2952 3869 3099 3918 opere
3134 3853 3235 3905 Dei
3272 3864 3392 3903 crea-

692 3925 861 3979 tionis,
901 3924 984 3973 die
1019 3924 1294 3973 hernaeher
1329 3923 1574 3988 gedruckt
1607 3925 1806 3975 worden
1844 3921 1919 3984 (in
1946 3925 2257 3988 praefatione
2282 3925 2403 3975 dicit
2422 3924 2659 3975 Boslinus
2696 3924 2759 3975 de
2794 3926 2873 3975 his
2907 3925 3157 3975 thesibus:
3192 3925 3273 3975 als
3304 3921 3395 3971 ichs

693 3996 804 4045 dem
840 3993 1005 4044 Herm
1041 3992 1154 4045 Jac.
1192 3994 1468 4058 Bongarsio
1505 3994 1748 4049 offeriert,
1797 3994 1891 4045 hat
1933 3994 2009 4045 ihr
2044 3994 2349 4060 Herrligkeit
2392 3996 2659 4061 disselbige
2704 3997 2797 4045 mit
2840 3996 2946 4046 sich
2981 4010 3079 4061 gen
3116 3995 3395 4047 Franckfurt

692 4080 986 4130 genommen
1025 4066 1128 4115 und
1163 4065 1386 4115 daselbst
1419 4066 1626 4115 trucken
1661 4066 1831 4117 lassen
1867 4080 1999 4116 snno
2037 4062 2122 4115 97.
2179 4066 2267 4116 Ich
2303 4081 2407 4117 var
2436 4066 2667 4117 dazumal
2700 4068 2754 4116 in
2791 4067 2977 4118 diesem
3012 4066 3173 4117 studio
3208 4065 3395 4131 physico

691 4134 832 4185 nicht
865 4148 996 4199 ganz
1033 4135 1133 4185 und
1170 4150 1262 4200 gar
1297 4136 1578 4193 resolviert,
1629 4138 1756 4187 doch
1805 4136 1957 4187 soviel
2006 4137 2059 4185 in
2094 4139 2309 4187 meinem
2346 4138 2598 4187 Gewissen
2647 4138 2915 4189 versichert
2929 4174 2943 4196 ‚
2998 4138 3115 4189 dass
3162 4140 3259 4189 mir
3294 4137 3397 4187 Goss

691 4205 892 4257 endlich
927 4206 1108 4255 daraus
1143 4206 1310 4256 helien
1346 4208 1530 4261 wiirde,
1570 4208 1662 4257 wie
1689 4208 1821 4257 auch
1846 4208 2046 4258 Gottlob
2070 4202 2413 4273 geschehen.)',
2450 4208 2605 4259 sehon
2628 4222 2741 4258 zum
2767 4209 2909 4259 Theil
2936 4210 3191 4274 verfertigt
3224 4220 3391 4259 wan.

690 4277 790 4327 hab
825 4276 908 4327 ich
943 4276 1107 4327 solche
1143 4279 1196 4327 ιιι
1234 4279 1398 4327 einem
1433 4278 1653 4336 Packet,
1690 4285 1825 4327 samt
1861 4280 2021 4328 einem
2058 4279 2242 4328 darauf
2271 4279 2601 4344 gebundenen
2640 4278 2934 4339 Schreiben,
2970 4280 3216 4331 darinnen
3250 4280 3394 4329 dieses

690 4362 786 4397 von
835 4350 929 4397 mir
975 4348 1277 4398 erfundenen
1325 4348 1622 4411 Systematis
1657 4349 1938 4414 Erklarung
1980 4348 2291 4413 geschehen,
2342 4364 2409 4399 sn
2442 4350 2607 4400 Herm
2652 4350 2969 4401 Moestlinum
3013 4365 3113 4416 gen
3150 4351 3393 4414 ‘ratingen

695 4416 972 4482 geschiekt,
1009 4420 1118 4469 sein
1141 4418 1384 4483 Meinung
1409 4420 1622 4469 dsriiber
1657 4435 1720 4469 zu
1757 4419 2071 4471 veruehmen.
2127 4420 2420 4485 Unterwegs
2456 4422 2579 4471 aber
2604 4422 2795 4473 solches
2816 4422 3013 4473 Packet
3032 4423 3223 4472 meiner
3258 4425 3395 4486 gum

693 4489 953 4539 Frennden
991 4492 1154 4539 einem
1191 4488 1458 4539 Gelehrten
1495 4496 1638 4540 unter
1673 4490 1890 4540 Handen
1928 4490 2187 4549 kommen,
2240 4491 2382 4542 deme
2418 4492 2501 4543 ich
2538 4492 2669 4541 such
2713 4492 2875 4543 daron
2921 4492 3275 4557 geschrieben‚
3324 4489 3395 4539 der

695 4558 906 4611 erofl’net
941 4560 1032 4611 das
1067 4560 1278 4621 Packet,
1317 4561 1422 4611 und
1457 4560 1626 4611 behalt
1661 4560 1855 4611 solches
1890 4562 1983 4610 mit
2016 4564 2231 4612 meinem
2266 4570 2556 4626 systemate,
2594 4563 2766 4613 diesen
2792 4562 2992 4615 Sachen
3028 4563 3160 4615 auch
3194 4560 3389 4615 aschau-

694 4628 926 4688 denkem
981 4630 1082 4681 den
1125 4630 1266 4681 Brief
1312 4632 1431 4681 aber
1479 4631 1604 4681 lssst
1651 4646 1705 4681 er
1739 4632 1903 4682 Herrn
1938 4630 2202 4683 Moestlino
2252 4632 2562 4684 zukommen.
2636 4633 2931 4685 Maestlinus
2977 4635 3283 4691 vermeinte,
3328 4628 3393 4680 ich

695 4696 918 4751 schreibe
953 4700 1086 4751 ihme
1109 4716 1206 4751 von
1226 4702 1468 4765 Raymarl
1493 4700 1794 4764 Systemate,
1834 4709 2099 4753 antvortet
2135 4704 2397 4770 dervegen
2430 4707 2523 4755 mir
2557 4721 2652 4755 von
2690 4706 2877 4757 diesem
2910 4705 3015 4755 und
3049 4706 3126 4755 nit
3158 4720 3257 4755 von
3288 4701 3391 4755 mei·

693 4784 826 4819 nem.
899 4770 967 4821 Er
1001 4772 1224 4823 schickte
1257 4774 1352 4823 mir
1387 4774 1508 4823 aber
1541 4774 1632 4823 mit
1667 4788 1730 4822 zu
1767 4773 2013 4836 Tychonis
2050 4774 2317 4839 gedruckts
2355 4775 2623 4827 Schreiben
2660 4792 2771 4828 vom
2809 4776 3049 4828 Cometen
3089 4772 3263 4836 1577,
3296 4774 3389 4824 dst-

693 4840 850 4893 innen
885 4856 938 4891 er
973 4843 1106 4895 anch
1137 4844 1301 4895 seinos
1337 4842 1635 4909 Systematis
1671 4842 1914 4910 Meldung
1949 4842 2087 4905 that,
2141 4846 2208 4897 da
2242 4847 2425 4898 befsnd
2472 4846 2585 4906 ich,
2636 4847 2727 4899 das
2763 4847 3008 4910 Tychonis
3045 4844 3279 4912 Systema
3310 4840 3393 4897 und
