3634 5575
1501 341 1664 408 ceput
1698 341 1806 393 XX.
1844 314 1855 320 ³
2890 337 3013 403 177

295 504 408 560 306
438 519 610 576 supra
634 501 898 560 Martiam
933 503 1084 560 1000
1129 507 1220 556 est
1245 502 1402 568 idem,
1452 504 1544 574 qui
1581 519 1849 560 excessus
1876 501 2121 562 Martiae
2150 502 2453 560 distantiae
2482 503 2641 558 1000
2687 518 2859 573 supra
2886 503 3013 558 Tel·

294 585 426 639 luris
450 592 776 638 'assumtam
807 583 942 638 694.
1015 583 1138 636 Hoc
1181 583 1246 639 fit
1293 584 1435 648 ideo,
1481 585 1612 655 quia
1637 584 1808 649 Marti
1853 583 2074 654 applico
2104 599 2388 639 numerum
2421 583 2591 646 1000,
2640 589 2757 638 tam
2802 583 3019 654 periodi

293 665 540 729 indicem,
570 681 736 735 quam
762 663 1002 738 virtutis,
1053 679 1218 732 quam
1247 663 1418 718 etiam
1446 663 1766 719 distantiae.
1842 664 2015 734 Atqui
2041 664 2147 718 hoc
2172 680 2285 719 non
2308 668 2413 726 est,
2459 662 2672 718 revolvi
2698 681 2801 733 per
2826 680 3015 718 neces-

295 746 515 800 sitatem
541 745 778 816 regulae
806 743 938 798 falsi
965 744 1037 798 ad
1067 745 1288 798 eosdem
1313 761 1584 808 numeros,
1615 744 1707 814 qui
1735 749 1901 800 erant
1926 745 1984 798 in
2012 760 2274 814 processu
2301 743 2489 814 priori,
2526 746 2623 796 sed
2653 751 2744 798 est
2770 743 3015 798 invenire

295 825 506 888 iterum,
553 826 693 895 quod
723 823 880 878 initio
905 839 1192 893 posueras,
1269 823 1404 878 Cum
1430 825 1574 878 enim
1620 823 1678 878 in
1703 824 1881 894 primo
1907 841 2169 894 processu
2215 824 2320 877 fiat
2364 822 2621 878 mediatio
2664 823 3018 877 arithmetica

295 905 438 958 inter
466 904 582 960 687
627 911 686 958 et
715 898 902 963 3657.
944 919 1046 973 per
1077 895 1296 966 526¹l.;
1339 906 1480 959 duae
1529 904 1706 976 igitur
1749 905 2001 958 diversae
2050 903 2461 960 constituuntur
2498 903 2904 973 proportiones,
2954 908 3018 957 ut

295 985 348 1038 in
378 985 520 1038 omni
546 984 654 1038 tali
681 983 1028 1048 mediatione,
1077 984 1328 1053 superior
1356 984 1571 1054 quidem
1600 991 1660 1038 et
1686 984 1861 1039 minor
1892 985 2006 1040 687
2039 1006 2052 1039 :
2086 979 2303 1048 526²l.,-
2342 983 2567 1038 inferior
2592 1001 2724 1038 vero
2752 991 2813 1038 et
2840 983 3019 1052 major

297 1058 481 1128 5263l.
515 1085 528 1120 ε
563 1059 750 1124 365²l.
767 1105 782 1128 ,
816 1080 959 1134 quae
987 1080 1088 1133 per
1114 1064 1370 1135 regulam
1397 1064 1561 1118 Detri
1588 1065 1871 1120 translata
1897 1065 2005 1118 fuit
2030 1065 2087 1118 in
2114 1064 2411 1118 distantias
2446 1063 2597 1118 1000
2626 1070 2685 1117 et
2714 1064 2849 1119 694.

459 1163 520 1216 ln
563 1161 802 1216 secundo
847 1177 1127 1230 processu,
1175 1162 1301 1215 dum
1346 1161 1570 1231 ponitur
1614 1161 1883 1216 distantia
1908 1161 2107 1216 Martis
2160 1163 2328 1226 1000,
2376 1163 2583 1216 Terrae
2612 1161 2747 1226 694,
2796 1161 3019 1232 ponitur

297 1244 472 1313 igitur
516 1242 664 1296 inter
708 1241 1004 1296 distantias
1033 1241 1230 1294 Martis
1278 1249 1338 1295 et
1363 1242 1568 1296 Terrae
1615 1241 1987 1311 proportionis
2014 1242 2361 1312 periodorum
2395 1241 2739 1296 arithmetice
2770 1241 3017 1295 bisectae

295 1339 424 1393 pars
453 1322 695 1386 inferior,
745 1322 959 1375 scilicet
987 1321 1101 1376 526
1112 1315 1172 1382 ²l0
1208 1341 1221 1374 ε
1254 1315 1461 1382 365¹l..
1531 1323 1643 1375 Illa
1669 1338 1800 1375 vero
1828 1322 2166 1376 transfertur
2200 1321 2257 1375 in
2286 1323 2426 1376 alios
2454 1339 2725 1386 numeros,
2776 1337 2849 1376 so.
2880 1320 3016 1384 687,

298 1403 372 1457 47
380 1403 443 1467 7,
471 1419 576 1472 per
603 1401 857 1472 regulam
883 1401 1061 1455 Detri.
1137 1401 1196 1455 si
1224 1419 1362 1472 ergo
1409 1417 1446 1456 a
1471 1401 1829 1471 proportione
1857 1401 1972 1457 687
2005 1423 2018 1456 ε
2051 1395 2236 1460 365¹l.
2290 1403 2514 1457 auferas
2559 1409 2779 1473 partem
2808 1400 3019 1456 divisae

303 1481 648 1537 arithmetice
675 1481 1005 1543 inferiorem,
1049 1481 1386 1550 applicatam
1415 1489 1601 1535 tamen
1649 1481 1880 1536 termino
1927 1481 2198 1552 superiori
2228 1481 2361 1546 687,
2410 1482 2647 1552 relinqui
2676 1497 2903 1536 necesse
2932 1487 3023 1535 est

299 1562 542 1631 ejusdem
583 1567 802 1632 partem
829 1559 1181 1630 superiorem,
1229 1563 1378 1631 apud
1407 1561 1698 1615 terminum
1743 1562 2073 1626 inferiorem,
2120 1561 2335 1616 scilicet
2360 1561 2477 1616 477
2510 1576 2523 1617 :
2558 1561 2673 1616 365
2690 1557 2767 1621 7..
2854 1559 3019 1622 Quali

300 1641 748 1712 transpositione,
793 1647 860 1696 ut
905 1640 1087 1693 obiter
1132 1657 1398 1706 moneam,
1446 1657 1580 1696 usus
1628 1657 1747 1695 sum
1789 1642 1959 1696 etiam
2002 1641 2059 1696 in
2105 1640 2449 1712 digressione
2494 1641 2727 1711 politica
2756 1643 2826 1694 ad
2854 1641 3017 1694 finem

297 1721 426 1788 libri
453 1721 547 1776 111.
575 1721 1045 1776 Harmonicorum.
1121 1722 1294 1792 Atqui
1337 1737 1442 1792 per
1467 1721 1630 1776 Detri
1675 1723 1959 1776 translata
1998 1721 2107 1776 fuit
2150 1721 2291 1775 haec
2331 1721 2617 1791 proportio
2662 1721 2719 1774 in
2761 1735 3015 1775 numeros

302 1802 460 1866 alios,
498 1800 649 1857 1306
681 1823 694 1856 :
733 1799 902 1856 1000.
962 1801 1146 1862 Quare
1175 1818 1294 1856 cum
1323 1802 1465 1856 idem
1491 1817 1748 1856 numerus
1780 1802 1933 1857 1000
1974 1801 2049 1856 sit
2076 1801 2131 1855 in
2156 1806 2393 1872 utraque
2434 1805 2599 1871 parte
2626 1800 3015 1871 proportionis,

301 1883 550 1952 sequitur
576 1881 768 1952 igitur,
815 1886 880 1935 ut
904 1879 1050 1936 inter
1077 1883 1212 1936 duos
1239 1882 1500 1938 terminos
1529 1881 1775 1950 ejusdem
1804 1881 1999 1946 socios,
2048 1882 2195 1935 inter
2229 1898 2304 1935 sc.
2338 1881 2455 1936 694
2492 1881 2668 1951 primo
2697 1887 3014 1944 assumtum,

301 1969 360 2016 et
392 1962 546 2016 1306
595 1962 788 2014 ultimo
831 1959 1206 2026 constitutum,
1254 1962 1409 2016 facta
1453 1963 1530 2015 sit
1574 1961 1833 2016 mediatio
1880 1961 2233 2016 arithmetica
2276 1977 2379 2030 per
2430 1961 2597 2016 1000.
2684 1961 2829 2024 Quia
2874 1976 3019 2031 quae

299 2041 452 2112 prius
481 2041 627 2095 inter
656 2040 791 2105 687,
837 2040 952 2096 365
963 2033 1023 2099 Ἰι
1053 2048 1180 2096 erat
1205 2057 1338 2112 pars
1367 2041 1610 2106 inferior,
1659 2058 1733 2095 sc.
1767 2041 1882 2096 526
1896 2036 1951 2102 ²l.
1970 2081 1985 2106 ,
2036 2035 2221 2100 365¹l.
2240 2082 2255 2105 ,
2312 2055 2383 2094 ea
2410 2041 2499 2094 hic
2524 2057 2739 2095 rursum
2769 2047 3020 2095 assumta

301 2121 408 2176 fuit
434 2137 566 2191 pars
595 2119 821 2175 inferior
853 2121 1022 2186 1000,
1055 2121 1190 2186 694,
1221 2137 1365 2192 quae
1391 2139 1524 2176 vero
1552 2121 1631 2174 ibi
1657 2137 1789 2191 pars
1819 2121 2087 2192 superior,
2120 2137 2196 2176 sc.
2228 2119 2362 2184 687,
2395 2119 2509 2175 526
2523 2115 2577 2180 ¹l.
2628 2115 2846 2189 (eadem
2874 2121 3020 2174 enim

302 2209 406 2266 est,
453 2217 594 2271 quae
624 2199 738 2254 477
769 2214 785 2257 t
816 2193 1038 2268 3⁶5²l.)
1061 2239 1075 2266 ,
1123 2219 1195 2255 ea
1234 2201 1324 2255 hic
1369 2217 1583 2256 rursum
1630 2201 1883 2271 superior
1929 2202 2237 2256 constituta
2280 2199 2403 2265 fuit,
2452 2201 2571 2254 scil.
2610 2201 2761 2255 1306
2792 2221 2805 2255 :
2842 2201 3016 2255 1000.

304 2282 362 2336 Si
391 2281 538 2334 inter
569 2279 720 2334 1306
750 2287 810 2334 et
838 2281 955 2336 694
983 2282 1342 2336 constitutum
1387 2281 1497 2334 fuit
1539 2280 1773 2336 medium
1815 2281 2223 2336 arithmeticum
2258 2281 2427 2345 1000,
2477 2297 2703 2334 necesse
2732 2288 2822 2334 est
2866 2282 3018 2334 diffe-

300 2360 530 2415 rentias·
552 2360 818 2431 aequales
860 2361 1098 2431 prodire,
1146 2378 1219 2415 sc.
1269 2361 1528 2431 utrinque
1557 2360 1689 2416 306.
1765 2359 2093 2416 Sufficiebat
2118 2361 2308 2432 igitur,
2355 2361 2709 2430 proposuisse
2740 2361 2929 2414 facere
2956 2367 3022 2415 ut
3134 2403 3141 2410 .

304 2437 487 2500 52621.
519 2441 590 2494 ad
619 2438 734 2495 687
765 2445 826 2494 et
853 2441 968 2496 365
982 2435 1066 2504 Ἲς,
1115 2439 1194 2494 sic
1227 2442 1382 2495 1000
1409 2443 1479 2494 ad
1507 2442 1643 2494 duos
1673 2441 1845 2494 alios:
1893 2442 1947 2496 id
1982 2458 2086 2512 per
2114 2439 2413 2510 simplicem
2441 2440 2602 2494 Detri
2630 2441 2791 2496 fieret
2817 2457 2890 2494 an
2918 2458 3020 2512 per

304 2519 472 2584 Falsi,
519 2519 750 2590 perinde
791 2527 933 2574 erat.
1011 2521 1234 2575 Certum
1279 2521 1422 2575 enim
1463 2529 1602 2586 erat,
1667 2520 1943 2576 minimum
1986 2521 2278 2575 terminum
2318 2520 2671 2608 proditurum²
2706 2522 2841 2586 694,
2892 2521 3024 2591 quia

303 2601 472 2654 etiam
499 2599 556 2654 in
583 2599 758 2669 primo
783 2617 1049 2670 processu
1073 2601 1249 2655 fiebat
1274 2607 1346 2656 ιιι·
1369 2600 1482 2655 526
1497 2595 1551 2661 Ἰ.
1585 2604 1652 2655 ad
1685 2595 1871 2661 365¹l.
1913 2601 1993 2656 sic
2026 2603 2175 2656 1000
2204 2602 2273 2655 ad
2304 2601 2437 2655 694.

463 2680 688 2734 interim
739 2680 1134 2744 animadverte,
1183 2683 1326 2751 quod
1366 2681 1472 2735 hoc
1517 2681 1847 2754 imaginario
1884 2697 2147 2736 concursu
2177 2682 2441 2735 turbatus
2469 2674 2671 2749 (veluti
2700 2680 2792 2751 qui
2820 2683 3023 2734 dextra

305 2759 586 2818 sinistram
611 2761 830 2814 nescius
879 2761 936 2817 in
963 2761 1208 2817 tenebris
1251 2760 1526 2833 contingit
1570 2768 1631 2817 et
1658 2759 1953 2829 horrescit)
1982 2761 2354 2817 aberraverim
2403 2777 2439 2816 a
2477 2761 2780 2832 proposito,
2828 2762 3021 2816 volens

305 2842 536 2897 eandem
561 2841 828 2895 virtutum
855 2842 1266 2912 proportionem
1293 2844 1550 2912 probare,
1587 2859 1730 2913 quae
1758 2850 1912 2898 esset
1938 2842 2352 2905 distantiarum;
2396 2858 2519 2896 cum
2544 2847 2728 2896 tamen
2759 2842 3023 2896 virtutum

307 2922 394 2976 hio
418 2920 828 2991 proportionem
855 2922 1116 2976 minorem
1143 2928 1404 2987 statuam,
1435 2923 1634 2978 Martis
1663 2924 1780 2977 scil.
1817 2924 1987 2988 1000,
2020 2925 2225 2978 Terrae
2260 2922 2444 2986 1306;
2486 2922 2871 2977 distantiarum
2908 2940 3023 2979 ma-

295 3002 494 3071 jorem,
539 3001 738 3056 Martis
785 3002 954 3067 1000,
999 3002 1205 3057 Terrae
1236 3003 1369 3067 694,
1413 3002 1611 3057 fuisset
1636 3021 1769 3058 vero
1797 3006 1991 3059 eadem
2017 3004 2275 3074 utrinque
2302 3002 2605 3073 proportio,
2636 3002 2682 3058 si
2710 3020 2819 3059 non
2849 3002 3025 3058 arith-

305 3083 520 3146 metice,
551 3082 650 3135 sed
675 3081 1012 3153 geometrice
1039 3084 1380 3138 mediassem.
2896 3072 2916 3089 ’

465 3161 638 3217 Nimis
684 3162 864 3216 multa
905 3164 973 3215 de
1013 3164 1120 3217 hoc
1163 3179 1455 3233 processu;
1503 3163 1853 3232 sepeliendus
1880 3153 2035 3217 'enim
2064 3170 2153 3217 est
2198 3182 2307 3219 non
2336 3180 2528 3219 errans
2570 3169 2806 3229 tantum,
2856 3166 2953 3217 sed
2982 3163 3030 3218 si

307 3242 474 3297 etiam
501 3243 674 3312 plane
700 3242 952 3313 legitime
981 3246 1270 3312 procedat;
1319 3244 1452 3314 quia
1487 3243 1773 3313 proportio
1818 3244 2165 3312 periodorum
2202 3262 2314 3299 non
2342 3250 2431 3299 est
2458 3244 2631 3313 dupla
2657 3244 3028 3314 proportionis
3059 3256 3065 3261 ·

305 3324 692 3379 distantiarum
721 3323 1040 3387 mediarum,
1083 3326 1179 3378 sed
1207 3322 1605 3393 perfectissime
1634 3330 1695 3377 et
1735 3322 2145 3378 absolutissime
2191 3325 2436 3393 ejusdem
2474 3324 2873 3394 sesquialtera:
2922 3326 3028 3377 hoc

305 3411 412 3466 est,
460 3404 506 3458 si
555 3410 896 3474 quaerantur
937 3402 1152 3458 radices
1199 3403 1427 3458 cubicae
1473 3420 1548 3457 ex
1593 3404 1950 3473 planetarum
1990 3404 2331 3474 temporibus
2374 3403 2681 3474 periodicis,
2730 3410 2796 3457 ιιι
2824 3403 2939 3459 687
2969 3410 3030 3458 et

310 3483 494 3549 36521,
513 3524 528 3547 ,
577 3491 638 3538 et
678 3484 790 3537 hae
834 3484 1049 3537 radices
1097 3484 1530 3554 multiplicentur
1559 3485 1861 3553 quadrato:
1908 3490 2041 3539 tunc
2082 3484 2139 3537 in
2168 3484 2452 3555 quadratis
2499 3483 2585 3537 his
2614 3483 2853 3536 numeris
2882 3484 3031 3537 inest

309 3560 618 3617 certissima
655 3563 939 3633 proportio
967 3564 1492 3618 semidiametrorum
1521 3563 1750 3618 orbium.
1825 3564 2021 3617 Perfici
2048 3580 2181 3618 vero
2227 3570 2463 3633 possunt
2488 3562 2841 3633 operationes
2884 3562 3031 3616 istae

311 3642 492 3707 facile,
538 3644 629 3696 vel
658 3660 760 3713 per
786 3644 1040 3698 tabulam
1067 3646 1328 3698 cuborum
1355 3642 1550 3708 Clarii,
1591 3660 1736 3715 quae
1763 3644 1989 3714 adjecta
2016 3651 2105 3698 est
2132 3642 2253 3714 ejus
2290 3640 2677 3707 „Geometriae'
2701 3642 3025 3696 Praeticae“

315 3720 436 3789 (lib.
467 3716 671 3791 V111.),
702 3724 794 3776 rel
822 3714 992 3794 longe
1021 3723 1238 3778 facilius
1265 3741 1367 3794 per
1394 3723 1760 3793 legarithmos
1788 3725 1995 3794 Neperi
2022 3724 2257 3779 Baronis
2286 3724 2435 3778 Scoti
2464 3724 2572 3777 sic:
2621 3722 3034 3793 Prolongentur

309 3802 484 3856 nostri
527 3802 738 3857 numeri
783 3820 884 3872 pro
911 3804 1248 3859 necessitate
1295 3810 1354 3857 et
1395 3804 1795 3869 commoditate,
1844 3810 1911 3859 ut
1936 3804 2049 3859 sint
2077 3803 2273 3859 68700
2303 3810 2363 3856 et
2391 3802 2613 3866 36525,
2662 3819 2763 3855 nec
2795 3802 2916 3870 jam
2946 3820 3033 3856 se-

273 3897 548 4015 ῗιὸῧιξιῖιέ
585 3898 848 3973 summam
894 3884 1292 3939 subtilitatem:
1339 3883 1690 3954 Logarithmi
1734 3901 1922 3939 eorum
1968 3891 2100 3939 sunt
2138 3902 2215 3940 ex
2245 3884 2469 3939 Canone
2495 3882 2702 3953 Neperi
2732 3881 2929 3937 37543
2974 3886 3036 3937 et

591 3961 825 4016 circiter.

469 4060 678 4113 Horum
723 4064 916 4129 partes
963 4060 1166 4115 ter-tiae
1213 4068 1344 4115 sunt
1376 4060 1568 4115 12514
1596 4066 1656 4114 et
1686 4060 1901 4116 33572.
1987 4062 2063 4115 Et
2107 4060 2303 4115 harum
2339 4060 2527 4131 dupla,
2575 4059 2797 4113 illarum
2842 4059 3033 4113 besses

311 4138 506 4195 25029
555 4144 616 4193 et
645 4138 858 4205 67144,
906 4156 1052 4211 quae
1095 4140 1366 4196 exhibent
1410 4140 1556 4194 inter
1583 4140 1734 4195 sinus
1781 4158 2033 4195 numeros
2074 4141 2241 4194 hosce
2272 4138 2467 4195 77858
2498 4146 2559 4192 et
2587 4134 2811 4193 51097:
2882 4140 3057 4193 Inter⁴

312 4220 412 4274 hos
461 4226 552 4273 est
589 4220 876 4291 proportio
923 4220 1136 4275 orbium
1163 4220 1363 4276 Martis
1411 4228 1480 4274 etr
1497 4220 1753 4275 Telluris.
1841 4222 2261 4292 Transponatur
2306 4220 2449 4273 enim
2477 4218 2763 4290 proportio
2808 4218 2865 4272 in
2894 4217 3035 4272 alios

310 4316 582 4363 numeros,
631 4306 692 4353 et
717 4301 818 4355 fiat
843 4307 910 4354 ut
939 4300 1132 4355 51097
1166 4303 1233 4354 ad
1270 4301 1526 4365 100000,
1571 4299 1650 4354 sic
1680 4300 1875 4357 77858
1905 4304 1973 4355 ad
2009 4299 2269 4363 152373,
2319 4315 2461 4370 quae
2503 4299 2673 4369 plane
2701 4302 2791 4353 est
2816 4296 3036 4368 quanti·

311 4386 401 4434 tas
449 4379 735 4433 mediocris
764 4379 1078 4435 distantiae
1113 4379 1328 4444 Martis,
1380 4380 1620 4451 qualium
1668 4381 1844 4436 Terra
1888 4397 1927 4435 a
1950 4381 2083 4437 Sole
2110 4379 2287 4435 distat
2320 4380 2569 4434 100000.
2657 4380 2895 4433 Causam
2941 4394 3041 4431 cur

308 4477 420 4515 non
447 4459 523 4513 sit
550 4460 723 4529 dupla
747 4460 1032 4530 proportio
1069 4461 1418 4531 periodorum
1455 4462 1526 4514 ad
1553 4460 1967 4531 proportionem
1994 4460 2223 4525 orbium,
2272 4461 2369 4513 sed
2414 4458 2619 4515 saltem
2646 4458 3037 4531 sesquialtera,

308 4538 556 4595 invenies
585 4540 926 4610 explicatam
952 4540 1009 4594 in
1035 4541 1188 4611 Epit.
1218 4545 1368 4595 Astr.
1399 4539 1496 4595 lib.
1526 4541 1619 4595 IV.

470 4620 593 4675 Hoc
637 4620 813 4691 igitur
858 4622 1097 4694 alterum
1141 4627 1202 4675 et
1243 4618 1780 4691 praestantissimum
1848 4618 2062 4689 quidem
2108 4626 2379 4673 secretum
2437 4617 2672 4673 auctarii
2727 4619 2847 4672 loco
2892 4634 3040 4673 nunc

311 4702 544 4757 accedat
574 4700 854 4771 Mysteriis
884 4700 1036 4755 hisce
1067 4700 1594 4775 Cosmographicisq
1643 4716 1748 4769 quo
1787 4699 1845 4754 in
1872 4700 2077 4769 vulgus
2122 4699 2418 4753 enunciato
2465 4698 2624 4752 lubet
2648 4716 2794 4752 nunc
2822 4699 3039 4753 univer·

311 4798 424 4846 sos,
472 4788 588 4836 tam
617 4782 932 4853 theologos,
981 4798 1144 4853 quam
1169 4780 1533 4852 philosophos
1581 4780 1738 4833 elata
1763 4796 1899 4833 voce
1948 4780 2019 4832 ad
2047 4794 2334 4833 censuram
2374 4777 2651 4848 dogmatis
2678 4778 3042 4834 Aristarchici

311 4856 637 4917 convocare.
718 4860 1012 4917 Attendite
1052 4862 1158 4919 viri
1197 4858 1620 4933 religiosissimi,
1663 4858 2089 4930 profundissimi,
2132 4857 2457 4913 doctissimi:

423 4954 604 5007 topini
631 4955 773 5006 open
797 4956 832 4999 1.
2550 4950 2617 5003 12
2642 4987 2665 5001 .
