3634 5575
1890 264 1921 297 Ι

625 382 762 452 493
1826 386 2147 435 Prooemium.

627 543 852 597 hernach
885 544 938 593 iu
975 544 1058 594 die
1093 543 1390 595 Reichstadt
1423 543 1689 609 Bagenaw
1723 544 1941 609 gethan,
1981 544 2101 595 aber
2140 544 2179 593 1.
2220 545 2279 595 F.
2320 546 2381 595 G.
2420 543 2651 595 Medicus
2684 543 2971 610 gouliubes,
3007 542 3083 593 bis
3116 555 3183 591 au
3216 538 3361 591 Deru

629 614 904 667 todtlichen
942 616 1158 681 Abgang
1209 630 1340 667 uno
1385 611 1536 664 ¹592.
1609 615 1947 666 Vnterveilen
1984 616 2106 664 aber
2162 631 2249 663 vor
2288 614 2354 665 25
2390 614 2545 665 Jaren
2598 617 2681 665 bin
2718 614 2801 666 ich
2836 615 2887 664 in
2926 613 3016 663 der
3048 611 3255 663 Graffen
3292 625 3361 659 zu

629 686 831 737 Hanaw
867 684 1112 735 Diensten
1141 686 1408 746 ‚hommem
1481 686 1597 735 Hab
1635 686 1766 736 anch
1819 688 1871 735 in
1908 688 2055 736 rebus
2090 686 2309 749 physicis
2356 686 2535 736 etlicbe
2572 687 2740 737 theses
2794 686 2856 735 de
2896 698 3042 748 opere
3078 682 3178 733 Dei
3212 694 3359 733 crea·

627 758 774 807 tionis
811 756 1134 821 geschriebeu
1174 754 1381 817 (1597).
1457 756 1554 805 Mic
1597 771 1702 805 vas
1738 756 1907 806 Ruhm
1954 757 2052 806 md
2088 756 2191 805 Ehr
2224 756 2405 820 Raym.
2444 756 2598 807 Ursus
2633 772 2720 807 vor
2755 756 2935 807 Zeiten
2970 754 3207 819 Kayser-l.
3232 752 3355 803 Hit.

628 826 1016 878 Mathematicus
1053 828 1160 877 sich
1195 828 1366 877 diesen
1401 829 1598 877 meinen
1635 826 1856 877 thesibus
1891 828 1991 878 vnd
2024 829 2173 877 rebus
2209 828 2425 892 physicis
2459 828 2761 887 vidersetzt,
2806 828 2899 878 das
2932 827 3057 877 vird
3094 825 3201 875 sich
3234 824 3354 874 her·

627 898 814 950 nachor
849 900 917 947 im
951 898 1162 948 Tractat
1196 899 1356 948 selber
1391 898 1576 949 finden.

813 968 1040 1017 Letzlich
1075 970 1240 1019 haben
1275 969 1408 1019 mich
1445 969 1574 1019 auch
1611 984 1676 1019 zu
1716 969 1931 1019 Gnaden
1968 970 2021 1018 in
2057 968 2303 1018 Diensten
2342 984 2705 1034 angenornmen
2744 970 2831 1020 der
2848 968 3053 1019 Durchl.
3080 968 3229 1017 Fiirst
3252 966 3357 1017 md

630 1041 760 1090 Herr
794 1039 908 1091 Joh.
955 1042 1211 1105 Augustus
1247 1038 1548 1105 Psaltzgraff
1577 1041 1672 1103 bey
1708 1039 1838 1089 Rein
1878 1038 1968 1089 ac.
2010 1040 2105 1089 md
2142 1038 2270 1089 Herr
2302 1038 2415 1089 Joh.
2451 1040 2709 1090 Reinhard
2747 1041 2875 1091 Grai*
2904 1056 2967 1089 zu
3002 1040 3215 1095 Hanav,
3252 1038 3356 1089 vnd

627 1112 790 1161 haben
827 1110 958 1159 mich
995 1112 1270 1167 ermahuet,
1326 1109 1425 1161 den
1479 1110 1656 1160 studiis
1703 1110 2074 1160 nachzusetzen
2123 1111 2221 1160 vnd
2273 1125 2340 1161 an
2377 1111 2469 1160 das
2506 1110 2684 1162 Liecht
2728 1128 2789 1162 zu
2840 1112 3075 1176 bringeri,
3130 1122 3235 1159 was
3270 1106 3355 1158 ich

627 1179 816 1232 bissher
850 1186 995 1244 guter
1033 1181 1286 1231 erfunden.

804 1252 894 1300 Ais
939 1266 992 1301 es
1046 1254 1140 1301 mir
1195 1252 1315 1301 aber
1365 1265 1430 1300 au
1481 1250 1572 1301 der
1605 1250 1951 1303 Hebrsisohoa
1986 1249 2180 1315 Sprach
2232 1250 2471 1317 ina-teki
2505 1250 2649 1313 volt,
2700 1252 2769 1302 da
2814 1250 2915 1303 hab
2966 1250 3049 1301 ich
3098 1251 3211 1301 vmb
3256 1250 3351 1299 das

627 1320 713 1371 ⁵8.
751 1321 876 1372 Jahr
921 1324 974 1372 in
1019 1325 1236 1373 meinem
1281 1322 1426 1371 Alter
1476 1322 1608 1372 mich
1655 1320 1788 1371 auch
1834 1318 2099 1372 darhinder
2144 1320 2381 1389 gemacht
2430 1322 2525 1371 vnd
2572 1322 2653 1372 die
2696 1322 2938 1373 Gabalum
2984 1323 3079 1371 mit
3122 1320 3352 1387 zugleich

635 1406 702 1443 an
739 1392 991 1457 egrieffen.
1087 1396 1098 1409 “

702 1409 737 1459 g
803 1464 1007 1513 Diesem
1045 1462 1192 1513 aliem
1245 1463 1616 1513 nachzusetzen
1669 1463 1770 1513 vnd
1819 1463 1981 1513 damit
2014 1462 2095 1513 ich
2147 1462 2275 1513 anch
2330 1464 2529 1513 meinen
2566 1462 2749 1513 Dienst
2792 1476 2956 1528 gegen
3006 1462 3345 1529 vorgemelten

625 1536 837 1585 Fiirsten
885 1535 983 1584 vnd
1021 1532 1224 1584 Graffen
1273 1534 1412 1583 desto
1450 1534 1618 1583 besser
1654 1540 1959 1583 aussvrarten
1996 1533 2209 1592 kflndte,
2264 1534 2332 1583 da
2376 1534 2475 1583 hab
2510 1534 2593 1584 ich
2646 1534 2779 1583 mich
2823 1548 2919 1583 von
2954 1533 3219 1599 Hagenav
3258 1534 3348 1583 der

627 1605 777 1657 Stadt
811 1602 987 1667 (deren
1021 1606 1106 1653 ich
1139 1605 1190 1654 in
1228 1600 1296 1653 26
1333 1604 1458 1654 Jahr
1493 1602 1720 1669 gedient)
1756 1620 1857 1670 gen
1892 1602 2229 1655 Buchsveiler
2262 1604 2469 1670 gethan.
2508 1604 2787 1655 trostlicher
2816 1603 3091 1670 Hoffnung.
3128 1604 3171 1655 1.
3198 1604 3254 1654 Ρ.
3284 1604 3345 1653 G.

625 1676 760 1727 mich
803 1678 856 1725 in
901 1677 1116 1725 meinem
1151 1674 1398 1726 lablichen
1433 1676 1714 1725 Ptirnemen
1750 1674 1890 1725 nicht
1923 1675 2159 1731 hindern.
2214 1676 2427 1726 sondern
2462 1677 2554 1723 mir
2598 1676 2695 1725 alle
2731 1674 3064 1741 befflrderung
3106 1675 3207 1725 vnd
3240 1676 3345 1725 flir-

623 1746 781 1799 schub
815 1747 940 1800 thun
974 1746 1189 1797 werden.

815 1835 929 1897 His
985 1834 1260 1897 Roesliui
1313 1834 1514 1897 verbis
1573 1835 1724 1896 haec
1781 1834 2060 1896 addenda
2116 1853 2446 1896 censemus.
2546 1832 2762 1905 Quoad
2818 1833 3035 1909 vitam,
3100 1842 3346 1915 praeter

633 1944 724 1999 ea,
775 1942 926 2004 quae
976 1924 1104 2002 ipse
1151 1924 1248 1985 hic
1293 1924 1639 2001 perscribit,
1707 1923 1855 1983 nihil
1902 1922 2067 1985 aliud
2114 1922 2286 1984 nobis
2334 1923 2623 1997 innotuit,
2690 1922 2801 1983 nisi
2860 1932 3157 1985 mortuum
3202 1940 3343 1985 esse

627 2022 912 2077 autumno
961 2012 1101 2073 anni
1155 2007 1350 2085 1616,
1401 2018 1562 2073 teste
1609 2011 1967 2080 Maestlino,
2017 2012 2117 2091 qui
2162 2012 2222 2073 d.
2272 2008 2580 2091 21.Sept.
2637 2006 2826 2077 1616.
2876 2010 3029 2073 haec
3073 2010 3341 2091 Keplero

625 2100 899 2164 nunciat:
953 2100 1070 2177 „D.
1101 2100 1429 2163 Roeslinns
1477 2119 1664 2180 nuper
1711 2098 1879 2160 obiit.
1974 2099 2221 2161 Utinam
2266 2100 2325 2161 in
2369 2120 2519 2161 vera
2544 2098 2831 2179 religione
2860 2099 3122 2161 animam
3169 2118 3345 2161 suam

621 2188 869 2253 Christo
933 2188 1466 2251 commendaverit.
1573 2186 1915 2265 Singularis
1971 2188 2031 2248 in
2078 2188 2367 2267 religione
2428 2206 2664 2267 semper
2721 2188 2853 2261 fuit,
2914 2187 3061 2249 nulli
3116 2204 3343 2273 prope-7

621 2278 862 2341 modum
891 2286 1094 2339 certae
1127 2277 1427 2339 addictus.
1505 2275 1667 2347 Quid
1693 2276 1754 2336 in
1787 2276 2075 2337 extremis
2102 2276 2317 2355 egerit,
2346 2277 2567 2338 nescio·
2643 2276 2730 2337 Ut
2758 2297 2795 2337 a
2822 2276 2953 2338 Deo
2985 2276 3164 2338 fuerit
3196 2277 3338 2339 illn-

619 2366 902 2439 minatus,
953 2364 1158 2445 opto.“
1255 2363 1472 2435 Quoad
1501 2384 1839 2444 personam,
1882 2364 2051 2427 «idem
2081 2364 2460 2439 Maestlinus,
2510 2384 2618 2444 per
2652 2364 2873 2425 multos
2902 2382 3095 2425 annos
3130 2362 3339 2427 Ross-

622 2454 744 2517 lino
790 2453 983 2523 multa
1038 2454 1470 2527 consuetudine
1516 2454 1893 2533 conjunctus,
1951 2452 2065 2513 hoc
2120 2454 2238 2513 fert
2294 2454 2367 2513 de
2416 2453 2520 2514 illo
2560 2451 2887 2531 judicium:
2946 2451 3199 2532 Optima
3242 2462 3341 2515 est

565 2568 592 2583 -
623 2543 736 2604 viri
783 2542 1096 2615 valaniae,
1165 2542 1276 2603 sed
1321 2562 1474 2605 anne
1522 2542 1723 2603 omnia
1762 2541 1924 2611 ,satis
1971 2541 2334 2619 prudenter?
2428 2540 2837 2614 Sententiam,
2906 2560 3087 2621 qnam
3150 2543 3339 2603 semel

623 2631 824 2695 animo
884 2630 1190 2709 concepit,
1257 2630 1556 2692 mordicus
1613 2628 1862 2703 retinet,
1932 2648 2041 2691 nec
2090 2629 2456 2707 sufficienter
2520 2630 2791 2691 rationes
2838 2629 3046 2702 audit,
3094 2649 3337 2709 easque,

621 2726 802 2799 prout
845 2718 974 2781 fieri
1019 2718 1309 2792 debebat,
1371 2719 1529 2779 inter
1574 2737 1640 2779 se
1689 2736 1806 2779 non
1854 2726 2187 2797 comparat.
2282 2718 2671 2796 Horologium
2728 2717 2857 2798 ejus
2904 2735 3141 2798 semper
3189 2719 3339 2779 bene
3394 2774 3403 2792 ,

625 2827 692 2870 se
739 2808 926 2869 habet
927 2853 1214 2870 .....
1281 2807 1398 2868 Vir
1443 2817 1538 2868 est
1593 2805 1907 2880 cordatus,
1978 2807 2087 2868 sed
2142 2806 2371 2885 primae
2427 2815 2756 2886 conceptae
2803 2806 3100 2884 opinionis
3154 2806 3337 2870 nimis

623 2905 836 2960 tenax.
889 2896 1056 2966 ide0,
1105 2903 1173 2957 ut
1217 2915 1282 2956 se
1332 2896 1598 2968 evolvat,
1643 2893 1905 2974 undique
1953 2914 2335 2975 quascunque
2383 2895 2651 2958 rationes
2698 2894 2949 2974 colligit.
3039 2896 3335 2957 Praesta-

622 2993 734 3059 ret,
787 2984 980 3063 ipsum
1025 2983 1276 3046 meliora
1322 2983 1661 3046 admittere.
1739 2989 1806 3051 (Ε
1842 2993 1999 3043 literis
2035 2992 2084 3041 a.
2122 2991 2208 3043 20.
2246 2992 2347 3042 Jul.
2390 2989 2571 3054 1613.)

647 3091 657 3096 ·
801 3070 1060 3142 Qualem
1109 3091 1174 3132 se
1223 3080 1631 3134 astronomum
1678 3080 1744 3133 et
1789 3073 2158 3152 astrologum
2203 3073 2585 3152 praebuerit,
2655 3091 2785 3133 cum
2837 3091 2911 3133 ex
2956 3069 3145 3156 ipsius
3194 3091 3334 3135 ver-

623 3159 719 3220 bis
767 3167 1047 3238 apparet,
1099 3179 1250 3240 quae
1300 3161 1578 3240 leguntur
1611 3181 1670 3242 p.
1703 3157 1861 3236 228,
1908 3169 2033 3222 tum
2082 3179 2155 3222 ex
2204 3170 2492 3242 sequente
2522 3159 2769 3240 Kepleri
2806 3160 3190 3223 refutatione.
3266 3163 3335 3224 In

625 3247 1071 3333 mathematicis
1104 3257 1167 3309 et
1191 3248 1461 3330 physicis
1493 3250 1686 3328 qualis
1719 3209 1919 3324 fuerit,
1952 3249 2187 3312 abunde
2218 3250 2591 3329 intelligetur
2624 3269 2657 3310 e
2689 3249 2911 3323 libelle,
2946 3268 3119 3328 quem
3147 3249 3339 3313 edidit

623 3355 782 3398 anno
834 3321 1024 3398 1612.
1075 3336 1390 3416 inscripto:
1443 3337 1871 3400 praematurae
1902 3337 2065 3400 Solis
2104 3338 2500 3418 apparitionis
2546 3339 2609 3400 in
2640 3337 2821 3400 Nova
2850 3337 3104 3398 Zembla
3148 3357 3337 3400 causa

622 3441 772 3486 vera
815 3423 922 3486 δια.
971 3425 1032 3486 in
1071 3443 1184 3504 quo
1233 3425 1382 3486 haec
1429 3425 1717 3505 legimus.
1777 3434 1943 3496 Quam
1978 3436 2069 3484 sub
2104 3435 2255 3486 finem
2292 3432 2342 3484 9
2370 3435 2559 3500 Capitis
2594 3435 2745 3485 libem
2766 3436 2865 3484 mei
2902 3435 2965 3485 de
3000 3433 3337 3500 Navigauono

629 3511 1016 3576 Septentrionaii
1053 3512 1226 3578 reliqui
1262 3514 1326 3563 D.
1367 3513 1583 3578 Keplero
1621 3514 1909 3564 solvendam
1945 3515 2307 3578 quaestionem:
2347 3529 2476 3579 quae
2513 3529 2583 3564 sc.
2611 3528 2767 3565 causa
2800 3514 2950 3564 fuerit
2985 3522 3333 3580 praematurae

623 3583 752 3632 illius
794 3582 919 3632 Solis
958 3583 1311 3648 apparitionis?
1367 3585 1431 3633 ad
1465 3585 1599 3635 hanc
1632 3585 1886 3648 respondit
1920 3585 1991 3634 vir
2028 3586 2335 3634 acutissimus
2384 3586 2434 3633 in
2470 3585 2633 3635 libello
2671 3600 2759 3635 suo
2798 3585 3077 3650 Dioptrices
3112 3587 3190 3636 his
3224 3602 3333 3637 ver-

621 3653 720 3702 bis:
773 3654 918 3703 audio
955 3653 1020 3702 D.
1059 3654 1347 3706 Roeslinum
1391 3655 1644 3719 problema
1689 3655 1808 3704 mihi
1860 3657 2165 3720 proposuisse
2204 3656 2489 3706 solvendum
2540 3655 2603 3706 de
2655 3655 2771 3706 Sole
2823 3655 2888 3706 14
2926 3657 3114 3707 dierum
3169 3659 3333 3722 spatio

624 3725 768 3774 citius
800 3727 934 3786 justo
973 3737 1006 3774 a
1043 3723 1246 3775 Batavis
1284 3727 1401 3774 viso.
1477 3727 1731 3776 Admoneo
1765 3732 1957 3784 tamen,
1997 3725 2337 3790 quaestionem
2374 3725 2505 3776 hane
2542 3741 2575 3776 a
2608 3741 2689 3777 me
2727 3743 2815 3791 per
2848 3727 3173 3779 refractioues
3200 3730 3331 3778 aeris

624 3795 906 3858 expeditam
939 3797 990 3844 in
1031 3796 1376 3846 Astronomiae
1409 3803 1552 3860 parte
1593 3797 1772 3860 Optica
1809 3796 1931 3862 Cap.
1962 3795 2052 3845 Vl.
2128 3797 2271 3846 Haec
2304 3797 2405 3847 ille.
2482 3796 2607 3847 Cum
2642 3813 2754 3848 vero
2792 3800 2979 3862 optices
3004 3800 3206 3864 ignarus
3242 3813 3336 3866 ego

623 3879 816 3928 prorsus
855 3873 906 3915 et
941 3875 1112 3916 tamen
1148 3868 1358 3916 scribere
1397 3867 1582 3931 aliquid
1617 3868 1714 3917 hac
1751 3867 1812 3916 de
1851 3880 1903 3915 re
1939 3867 2139 3925 vellem,
2196 3869 2395 3930 adjunxi
2435 3867 2556 3932 Cap.
2594 3867 2655 3918 X.
2675 3903 2689 3925 ,
2750 3875 2800 3919 et
2838 3883 3041 3920 causam
3076 3869 3223 3932 hujus
3260 3871 3331 3920 rei

621 3937 772 3997 rejeci
826 3937 876 3985 iu
913 3939 1064 3986 maris
1119 3937 1562 3987 detumescentiam
1599 3944 1650 3986 et
1685 3936 2057 3993 subsidentium,
2098 3941 2236 4002 quasi
2292 3953 2380 4002 per
2413 3938 2544 3988 hanc
2592 3937 2848 3990 horizonte
2900 3939 3159 3992 decliviore
3196 3941 3333 3990 facto
3422 3965 3435 3972 -

623 4004 704 4056 Sol
742 4007 886 4056 citius
925 4009 1036 4056 oriri
1081 4010 1309 4071 potuerit.
1385 4009 1677 4058 Admonitus
1726 4015 1895 4058 autem
1952 4009 2013 4058 de
2063 4011 2259 4059 sinistro
2296 4011 2390 4059 hoc
2414 4024 2523 4059 meo
2573 4009 2757 4072 judicio
2815 4025 2849 4060 a
2896 4013 2995 4060 viro
3044 4012 3333 4062 doctissimo

623 4074 688 4126 D.
727 4075 798 4125 Μ.
839 4077 1172 4142 Perneggero,
1210 4079 1353 4128 acad.
1387 4079 1759 4143 Argentinensis
1796 4079 2068 4142 professore
2104 4080 2329 4138 classico,
2367 4095 2467 4130 non
2498 4081 2681 4130 ‘rescffi
2719 4088 2873 4145 caput
2906 4081 3019 4138 hoc.
3058 4083 3147 4132 sed
3171 4084 3331 4146 publi·

621 4148 723 4196 cari
777 4149 975 4212 permisi
1023 4151 1204 4212 partim
1255 4150 1316 4198 ob
1351 4151 1482 4199 hanc
1521 4164 1751 4208 causam,
1789 4150 1919 4214 quod
1969 4151 2075 4212 jam
2126 4151 2216 4199 sub
2254 4151 2421 4216 praelo
2469 4156 2601 4202 esset
2647 4151 2864 4209 libellus,
2920 4167 3015 4202 nec
3052 4153 3119 4202 ad
3152 4169 3333 4204 manus

620 4218 858 4281 amplius,
909 4221 1090 4282 partim
1127 4219 1258 4284 quod
1291 4233 1380 4284 per
1413 4221 1508 4270 hoc
1545 4219 1726 4286 dogma
1760 4220 1881 4270 nihil
1919 4235 2067 4284 scopo
2114 4222 2369 4284 principali
2402 4222 2555 4272 libelli
2590 4223 2714 4279 mei,
2765 4237 2960 4273 cursum
2996 4225 3328 4289 navigationis

617 4301 707 4351 per
739 4289 1123 4354 septentrionem
1173 4292 1225 4339 in
1276 4293 1511 4340 orientem
1548 4290 1756 4340 Batavis
1801 4297 2077 4341 monstrare
2120 4292 2451 4352 intendentis,
2506 4293 2821 4352 detrahatur,
2878 4295 2980 4344 sive
3023 4309 3191 4346 verum
3227 4297 3328 4345 sive

615 4358 796 4408 falsum
832 4359 926 4409 hoc
963 4360 1144 4425 dogma
1180 4361 1258 4410 sit.

797 4430 1237 4512 chronologica
1284 4433 1535 4513 denique
1564 4432 1839 4494 Roeslini
1886 4433 2086 4494 studia
2106 4435 2405 4513 Keplerus
2452 4441 2631 4497 taxat
2675 4437 2731 4498 in
2774 4435 2978 4500 libello
3026 4455 3133 4498 suo
3181 4455 3325 4518 ger-

617 4518 852 4582 manico
901 4519 974 4582 de
1021 4520 1344 4582 nativitate
1393 4517 1642 4596 Christi,
1693 4539 1867 4601 quem
1914 4521 2227 4586 exhibebit
2272 4523 2331 4584 V
2338 4525 2414 4585 ol.
2464 4523 2578 4586 IV.
2629 4523 2911 4588 editionis
2957 4533 3224 4588 nostrae.

793 4606 906 4670 His
954 4607 1330 4689 interpositis
1373 4609 1636 4672 redimus
1683 4610 1763 4672 ad
1806 4609 2083 4674 Roeslini
2136 4611 2594 4686 „Discursum‘ss
2645 4613 2703 4674 in
2752 4632 2867 4694 quo
2916 4614 3327 4718 deprehendi-

614 4715 744 4758 mus
791 4695 1256 4776 descriptionem
1303 4705 1574 4760 cometae
1599 4698 1738 4759 anni
1773 4693 1970 4773 1607,
2012 4699 2347 4780 judicium'
2330 4701 2519 4779 ipsius
2550 4702 2627 4762 de
2654 4708 2821 4764 ortus
2850 4702 3051 4764 causis
3082 4701 3329 4782 ejusque

613 4783 743 4846 loco
789 4783 847 4848 in
905 4785 1141 4848 mundo.
1239 4783 1570 4866 Comparat
1613 4785 1768 4847 hunc
1817 4795 2117 4849 cometam
2162 4806 2298 4850 cum
2346 4787 2481 4850 aliis
2512 4788 2765 4852 cometis
2816 4797 2880 4850 et
2907 4791 3079 4853 novis
3125 4791 3328 4854 stellis

611 4871 674 4936 in
724 4869 1100 4958 Cassiopeia,
1153 4871 1385 4960 Cygno,
1433 4874 1496 4938 in
1545 4871 1700 4938 Ceto
1747 4873 2119 4952 (variabili),
2172 4875 2227 4939 in
2276 4874 2668 4960 Serpentario
2686 4896 2705 4957 ς
2758 4877 2973 4944 deinde
3018 4878 3209 4946 refert
3251 4897 3331 4944 ea
