3634 5575
553 354 690 429 426
1689 362 1774 418 110
1806 366 2165 418 memens-

541 546 586 591 ,ο
633 526 878 607 regione
923 524 1178 606 parietis
1236 545 1275 588 a
1320 524 1466 590 Sole
1517 525 1809 589 illustrati
1868 526 2143 588 habitare
2206 524 2513 590 insalubre
2568 526 2861 599 dicerem:
2926 522 3071 605 qnia
3122 540 3291 584 cae-

551 623 818 679 mentum
865 614 1032 677 calce
1081 622 1340 691 constat,
1393 634 1546 697 quae
1591 634 1727 678 cum
1774 615 2001 676 habeat
2046 615 2337 679 exedendi
2385 623 2449 678 et
2494 614 2881 677 consumendi
2908 610 3277 695 potentiam,

553 706 766 767 eadem
815 702 1112 785 qualitate
1155 704 1369 767 imbuit
1415 713 1479 766 et
1523 706 1756 767 radium
1803 722 1979 785 quem
2018 706 2297 767 reflectit.
2391 704 2695 785 Imprimis
2725 711 2927 766 autem
2968 698 3048 763 ad
3076 701 3281 762 lucem

549 794 856 875 propriam
900 794 1202 874 pertinere
1259 794 1496 856 videtur
1551 793 1752 874 aliqua
1798 792 2204 872 pelluciditas.
2298 794 2455 855 Nam
2517 794 2571 855 si
2618 812 2739 873 qua
2790 794 2849 855 in
2907 810 2972 853 re
3026 788 3283 869 propria

550 884 655 945 lux
699 883 877 958 inest,
927 882 1036 943 illa
1079 900 1198 943 non
1245 882 1304 943 in
1354 882 1666 962 superficie
1711 882 1925 943 haeret
1968 882 2193 963 utique,
2242 882 2349 945 sed
2396 882 2559 945 intus
2604 882 2664 943 in
2695 882 2993 962 profundo
3033 878 3279 940 radices

553 972 701 1052 egit,
750 979 820 1035 ιιι
865 972 922 1032 in
972 972 1225 1051 gemmis
1271 971 1586 1034 cernimus
1679 972 1895 1052 Itaque
1950 977 2019 1032 ut
2062 980 2446 1051 transparere
2492 972 2713 1052 possit,
2772 968 3071 1051 pellucido
3120 986 3279 1047 opus

551 1067 666 1123 est.
763 1060 1058 1132 Quamvis
1104 1061 1294 1123 multa
1341 1078 1488 1121 sane
1533 1060 1667 1140 ipso
1715 1067 1889 1121 aestu
1932 1060 2237 1141 pellucida
2280 1061 2455 1137 fiant,
2526 1078 2717 1141 eaque
2762 1060 2821 1121 in
2868 1054 3275 1137 dispositione

552 1151 948 1213 retineantur.

1644 1236 1744 1298 Th
1765 1236 1919 1299 esis
1966 1235 2173 1299 XXX.

725 1326 1055 1407 Ignoscant
1101 1324 1241 1386 mihi
1269 1324 1612 1406 philosophi
1661 1326 2109 1405 argumentanti
2151 1348 2189 1387 a
2216 1324 2583 1406 corporibus,
2634 1343 2785 1405 quae
2814 1342 2997 1386 manu
3024 1330 3269 1385 tracta-

553 1434 707 1489 mus,
761 1415 838 1476 ad
888 1432 1140 1495 corpora
1187 1414 1506 1477 coelestia.
1591 1414 1796 1477 Nam'
1779 1416 1897 1494 ipsi
1944 1433 2091 1477 sane
2136 1413 2334 1477 nullas
2372 1413 2609 1475 omnino
2648 1412 3021 1475 differentias
3050 1420 3268 1473 osten-

553 1506 702 1567 dunt
760 1522 1070 1583 corporum
1137 1501 1393 1565 illorum.
1455 1502 1690 1591 Quare
1752 1504 1889 1579 has,
1958 1504 2045 1566 uti
2090 1504 2417 1584 putabunt,
2484 1502 2779 1582 ignobiles
2836 1510 2903 1563 et
2944 1508 3275 1563 terrestres

551 1593 922 1655 differentias
961 1611 1162 1697 ‘aequo
1210 1592 1406 1654 animo
1461 1593 1622 1657 inter
1667 1593 1961 1654 coelestia
2022 1594 2239 1655 ferant.
2332 1592 2624 1653 Praestat
2680 1590 2836 1654 enim
2890 1589 3119 1669 aliquid
3164 1586 3271 1651 di-

550 1701 703 1756 cere,
755 1682 913 1762 quod
959 1682 1018 1741 in
1065 1680 1288 1741 nullam
1334 1680 1702 1761 palpabilem
1733 1670 2173 1744 absurditatem
2202 1681 2498 1757 incurrat,
2548 1698 2725 1761 quam
2765 1678 3006 1742 omnino
3034 1684 3267 1740 tacere.

551 1772 644 1832 Ac
690 1770 894 1832 nescio
942 1788 1116 1845 saue,
1184 1788 1260 1830 au
1317 1788 1432 1831 non
1483 1770 1686 1832 diviua
1731 1776 1796 1831 et
1843 1770 2125 1833 coelestis
2178 1770 2382 1851 potius
2430 1769 2693 1849 qualitas
2756 1768 3013 1830 dicenda
3068 1768 3155 1828 sit
3174 1766 3261 1833 in

553 1858 912 1921 carbunculo
969 1876 1230 1939 gemma,
1295 1876 1450 1939 quae
1497 1859 1758 1922 luculam
1813 1860 1981 1922 illam
2048 1861 2119 1921 ei
2150 1859 2465 1933 conciliat,
2534 1876 2711 1938 quam
2766 1856 3152 1919 elementaris
3198 1854 3267 1918 in

552 1947 694 2010 Sole
743 1948 821 2009 ad
867 1948 1326 2010 calfaciendum.
1420 1949 1632 2028 Itaque
1681 1948 2007 2010 Saturnum
2056 1950 2189 2011 dico
2236 1949 2299 2009 in
2345 1946 2585 2010 humido
2634 1943 2955 2021 excedere,
3005 1945 3265 2007 deficere
3378 1943 3389 1951 ”

550 2037 609 2099 ἰιι
658 2036 884 2111 calide,
951 2036 1330 2116 aequiparari
1389 2035 1782 2117 dispositione
1832 2038 2099 2117 corporis
2148 2038 2237 2099 sui
2295 2036 2511 2116 glaciei
2560 2041 2743 2116 (quae
2800 2035 3015 2097 eadem
3060 2032 3269 2095 humi·-

551 2126 804 2187 dissima
849 2134 973 2201 est,
1021 2131 1232 2205 utpote
1281 2144 1468 2205 aqua,
1521 2134 1586 2188 et
1629 2126 1788 2187 omni
1837 2127 2039 2188 calore
2082 2126 2354 2206 privata)
2402 2126 2555 2187 unde
2604 2125 2748 2186 alba
2792 2124 2849 2183 ei
2896 2122 3271 2202 superficies,

551 2214 806 2293 ideoque
855 2214 1121 2275 crassior
1162 2214 1404 2276 interna
1449 2215 1716 2295 corporis
1763 2213 2082 2295 dispositio
2128 2232 2237 2275 nec
2268 2215 2585 2277 admodum
2622 2212 2941 2294 pellucida.
3034 2212 3267 2273 Astro-

555 2303 676 2383 logi
725 2302 1004 2383 frigidum
1053 2310 1118 2363 et
1165 2301 1389 2365 siccum
1435 2304 1668 2377 dicunt,
1729 2305 1887 2384 quod
1932 2322 2085 2384 pene
2132 2303 2342 2365 eodem
2388 2303 2621 2365 recidit.
2716 2304 3013 2365 Aestates
3058 2309 3265 2362 tamen

549 2392 784 2473 pluvias
831 2400 896 2453 et
939 2392 1184 2473 hyemes
1233 2391 1526 2471 ningidas,
1577 2410 1711 2454 cum
1757 2401 2059 2472 operatur,
2114 2392 2363 2465 faciens,
2414 2391 2607 2471 magis
2644 2391 2921 2453 humidus
2966 2388 3089 2451 dici
3129 2408 3267 2450 me-

550 2488 734 2543 retur.
829 2480 970 2542 Jovi
1027 2498 1242 2561 corpus
1298 2482 1510 2543 rubino
1567 2481 1760 2543 simile
1807 2480 2171 2552 tribuemus,
2237 2488 2305 2543 ιιι
2360 2478 2445 2542 sit
2498 2480 2831 2560 pellucidus
2889 2479 2967 2540 ob
3012 2479 3267 2541 multam

558 2570 750 2632 lucem
795 2569 1122 2649 propriam,
1173 2576 1237 2630 et
1284 2568 1614 2649 aequabilis
1661 2576 1845 2649 atque
1892 2569 2110 2633 rubens
2158 2572 2233 2632 ob
2282 2570 2575 2650 fulgorem
2622 2576 2687 2629 et
2728 2568 3010 2633 colorem.
3092 2569 3269 2630 Mars

560 2658 805 2720 carboni
851 2658 1136 2720 candenti
1185 2658 1701 2739 aequiparabitur,
1767 2676 1844 2719 ex
1892 2674 2007 2739 quo
2054 2658 2211 2739 ignis
2258 2657 2419 2719 intus
2468 2658 2669 2720 latens
2705 2657 3037 2737 pelluceat:
3089 2657 3271 2735 ajunt

555 2747 713 2810 enim
761 2746 1073 2826 astrologi,
1124 2753 1190 2808 et
1233 2746 1606 2827 experientia
1649 2754 1933 2823 testatur,
1984 2748 2273 2810 torridam
2320 2754 2382 2810 et
2429 2753 2603 2810 aestu
2650 2746 2944 2809 fervidam
2980 2744 3104 2808 vim
3149 2744 3268 2807 ob-

555 2839 766 2899 tinere.
860 2836 1088 2897 Veneri
1137 2835 1422 2898 electrum
1469 2833 1744 2898 dabimus
1791 2837 2091 2918 aequabili
2138 2845 2203 2898 et
2248 2838 2409 2898 flava
2455 2837 2795 2917 superficie,
2846 2835 2921 2896 ob
2970 2835 3267 2914 fulgorem

551 2925 830 2987 eximium
879 2933 941 2996 et
985 2943 1291 2999 croceum3
1339 2934 1408 2988 ut
1451 2926 1541 2987 ita
1586 2926 1722 3004 plus
1747 2921 2079 2987 ”humectet
2124 2944 2301 3005 quam
2348 2927 2665 2996 calfaciat,
2726 2943 2877 3005 quae
2922 2923 3267 3004 proprietas

549 3013 990 3076 molliusculum
1038 3031 1254 3092 corpus
1301 3014 1602 3094 requirere
1645 3014 1904 3077 videtur.
2000 3013 2334 3076 Mercurius
2392 3014 2647 3094 denique
2694 3014 2955 3094 saphyro
3002 3021 3109 3074 aut
3150 3013 3265 3074 tali

551 3102 728 3164 alicui
797 3101 1259 3176 assimilabitur,
1339 3103 1494 3182 quod
1557 3102 1977 3182 pelluciditate
2040 3102 2294 3166 acumini
2359 3103 2659 3164 radiorum
2722 3103 2913 3182 ipsius
2978 3101 3263 3175 sufficiat,

548 3192 804 3270 plusque
851 3193 1130 3271 propriae
1179 3209 1356 3270 quam
1403 3192 1636 3254 alienae
1685 3191 1835 3253 lucis
1884 3191 2200 3254 admittat:
2252 3192 2391 3271 quia
2436 3207 2569 3253 eam
2618 3189 3117 3254 combinationem
3146 3191 3263 3252 ba-

551 3281 672 3354 bet,
723 3279 823 3341 ubi
871 3279 1038 3342 calor
1081 3279 1386 3342 humorem
1433 3286 1697 3360 superat.

1634 3369 1897 3430 Thesis
1941 3368 2181 3430 XXXI.

723 3455 986 3517 Ratione
1031 3455 1238 3537 itaque
1285 3455 1434 3517 lucis
1481 3457 1863 3520 mutuatitiae
1909 3457 2007 3519 vel
2053 3456 2317 3519 humoris
2362 3449 2733 3518 considerari
2759 3463 3015 3534 possunt
3055 3473 3261 3519 eorum

549 3546 914 3606 emersiones
959 3546 1056 3607 vel
1105 3542 1541 3607 occultationes
1589 3554 1652 3607 et
1696 3547 2130 3627 oppositiones.
2224 3545 2523 3608 Saturnus
2578 3545 2679 3607 11.
2729 3545 2878 3606 Maii
2946 3545 3263 3625 oppositus

449 3691 456 3698 .
545 3633 676 3696 Soli
725 3641 788 3696 et
841 3632 940 3696 18.
993 3634 1246 3695 Novem.
1297 3633 1494 3694 eidem
1541 3636 1921 3716 conjunctus,
1991 3635 2516 3709 humectationem,
2569 3653 2747 3715 quam
2791 3633 3009 3707 habet,
3060 3635 3262 3696 utrin-

545 3741 662 3803 que
701 3721 1007 3784 exercebit
1051 3721 1346 3798 maxime,
1397 3723 1538 3801 quia
1581 3724 1823 3802 plenam
1872 3725 2087 3785 faciem
2135 3745 2172 3785 a
2218 3722 2363 3786 Sole
2407 3724 2774 3786 illustratam
2822 3722 2899 3784 ad
2946 3741 3059 3784 nos
3104 3741 3259 3784 con-

543 3818 763 3874 vertet.
856 3811 1024 3873 Haec
1077 3810 1176 3874 11.
1225 3811 1535 3873 Februarii
1583 3819 1648 3873 et
1694 3809 1752 3876 9.
1802 3814 1965 3892 Aug.
2014 3814 2263 3874 minima
2328 3812 2447 3875 erit
2512 3813 2571 3874 in
2638 3819 2891 3892 utroque
2940 3812 3259 3892 quadrato.

545 3900 788 3979 Jupiter
831 3900 991 3962 idem
1038 3899 1102 3964 8.
1150 3899 1383 3979 Aprilis
1429 3901 1488 3961 in
1536 3901 1814 3980 opposito
1864 3909 1927 3962 et
1973 3897 2078 3963 26.
2130 3899 2349 3963 Octob.
2397 3903 2458 3962 in
2508 3901 2961 3982 conjunctione;
3010 3907 3259 3964 contra-

545 3988 698 4050 rium
745 3985 805 4051 8.
855 3989 994 4050 Jan.
1044 3997 1108 4050 et
1153 3983 1210 4050 6.
1256 3987 1402 4050 Julii
1449 3991 1508 4051 in
1557 3989 1871 4070 quadratu.
1965 3989 2135 4052 Mars
2198 3990 2355 4051 idem
2404 3991 2791 4070 (quantulum
2832 3989 3067 4070 quidem
3118 3990 3255 4071 ejus

545 4077 764 4150 habet)
812 4075 872 4140 5.
921 4077 1134 4140 Martii
1179 4077 1238 4138 in
1287 4077 1564 4157 opposito
1613 4077 1806 4155 Solis,
1857 4079 2222 4142 contrarium
2270 4076 2330 4142 9.
2377 4078 2517 4140 Jun.
2566 4079 2625 4141 in
2675 4080 3005 4159 quadrat0,
3062 4075 3259 4141 inter-

537 4166 726 4246 jectis
773 4173 840 4226 et
883 4165 1272 4246 sequentibus
1318 4167 1689 4246 temporibus
1738 4169 2110 4232 successive.
2196 4168 2457 4230 Veneris
2506 4169 2627 4230 alia
2673 4169 2833 4229 ratio
2880 4176 3010 4242 est,
3076 4175 3149 4230 ut
3192 4175 3259 4228 et

543 4252 849 4317 Mercurii.
946 4255 1108 4316 Nam
1161 4253 1260 4318 15.
1307 4255 1454 4317 Maii
1501 4257 1821 4336 conjuncta
1868 4255 1998 4320 Soli
2046 4275 2254 4337 supra,
2304 4255 2617 4336 plurimum
2656 4255 3054 4332 humectabit‚
3114 4264 3261 4318 ante

544 4351 608 4404 et
652 4351 798 4423 post
842 4345 1188 4406 successive
1237 4343 1464 4406 minus:
1523 4354 1588 4406 et
1635 4365 1788 4407 anno
1858 4347 2074 4408 abhinc
2134 4347 2365 4421 altere,
2422 4346 2583 4408 infra
2628 4343 2759 4408 Soli
2798 4347 3013 4425 juncta
3074 4345 3259 4406 miui-
3382 4385 3389 4392 -

543 4451 722 4496 mum.
817 4431 916 4494 Ita
971 4431 1310 4494 Mercurius
1375 4434 1627 4513 exiguus
1683 4434 1742 4495 in
1799 4435 1913 4496 boc
1970 4443 2069 4496 est
2122 4430 2183 4497 4.
2246 4435 2385 4496 Jan.
2448 4429 2551 4498 30.
2606 4434 2856 4514 Aprilis.
2928 4431 3037 4498 29.
3087 4435 3249 4514 Aug.

549 4517 650 4584 19.
699 4521 986 4584 Decemb.
1079 4521 1238 4584 Nam
1283 4522 1442 4584 infra
1477 4521 1610 4585 Soli
1648 4523 1895 4602 junctus
1942 4541 2173 4585 omnem
2196 4522 2411 4584 faciem
2458 4543 2497 4586 a
2524 4523 2669 4586 Sole
2715 4523 3084 4586 illustratam
3112 4541 3251 4586 sur-

543 4629 674 4672 sum
737 4609 954 4673 vertit:
1021 4611 1336 4691 plurimum
1387 4629 1532 4674 vero
1597 4609 1658 4676 9.
1708 4611 1953 4690 Martii,
1994 4611 2127 4676 27.
2174 4612 2366 4685 Junii,
2436 4609 2540 4677 19.
2590 4611 2727 4676 Οοι.
2776 4612 3013 4693 quando
3070 4629 3259 4694 supra

545 4697 674 4760 Soli
707 4699 1004 4780 jungitur,
1055 4709 1118 4762 et
1159 4700 1526 4764 illustratam
1573 4701 1790 4763 faciem
1838 4703 2115 4764 deorsum
2162 4703 2367 4764 vertit.

723 4874 993 4940 Ratione
1037 4877 1188 4942 lucis
1235 4885 1297 4940 et
1341 4877 1585 4940 virtutis
1609 4790 2333 4959 {pspziigeiffifssagofim
2380 4877 2705 4952 dubitatur,
2757 4877 2945 4940 altine
2974 4875 3257 4942 fortiores
