<?xml version="1.0" encoding="UTF-8"?>
<!DOCTYPE html PUBLIC "-//W3C//DTD XHTML 1.0 Transitional//EN"
    "http://www.w3.org/TR/xhtml1/DTD/xhtml1-transitional.dtd">
<html xmlns="http://www.w3.org/1999/xhtml" xml:lang="en" lang="en">
 <head>
  <title>
</title>
<meta http-equiv="Content-Type" content="text/html;charset=utf-8" />
  <meta name='ocr-system' content='tesseract 3.04.00' />
  <meta name='ocr-capabilities' content='ocr_page ocr_carea ocr_par ocr_line ocrx_word'/>
</head>
<body>
  <div class='ocr_page' id='page_1' title='image "./joanniskepleria30frisgoog_0133.png"; bbox 0 0 3634 5575; ppageno 0'>
   <div class='ocr_carea' id='block_1_1' title="bbox 0 4368 16 5030">
    <p class='ocr_par' dir='ltr' id='par_1_1' title="bbox 0 4368 16 5030">
     <span class='ocr_line' id='line_1_1' title="bbox 0 4368 16 5030; textangle 90"><span class='ocrx_word' id='word_1_1' title='bbox 0 4880 16 5030; x_wconf 35' lang='lat' dir='ltr'><strong>,ffvvrv</strong></span> <span class='ocrx_word' id='word_1_2' title='bbox 0 4765 6 4857; x_wconf 59' lang='lat' dir='ltr'><strong>v-—</strong></span> <span class='ocrx_word' id='word_1_3' title='bbox 0 4560 6 4745; x_wconf 53' lang='lat' dir='ltr'>v-——v—</span> <span class='ocrx_word' id='word_1_4' title='bbox 0 4464 5 4513; x_wconf 47' lang='grc' dir='ltr'><strong>,ἡ</strong></span> <span class='ocrx_word' id='word_1_5' title='bbox 0 4368 2 4412; x_wconf 38' lang='grc' dir='ltr'><strong>,ᾼ</strong></span> 
     </span>
    </p>
   </div>
   <div class='ocr_carea' id='block_1_2' title="bbox 3196 250 3207 280">
    <p class='ocr_par' dir='ltr' id='par_1_2' title="bbox 3196 250 3207 280">
     <span class='ocr_line' id='line_1_2' title="bbox 3196 250 3207 280; baseline 0 0"><span class='ocrx_word' id='word_1_6' title='bbox 3196 250 3207 280; x_wconf 87' lang='grc' dir='ltr'><strong><em>Ι</em></strong></span> 
     </span>
    </p>
   </div>
   <div class='ocr_carea' id='block_1_3' title="bbox 587 369 2257 463">
    <p class='ocr_par' dir='ltr' id='par_1_3' title="bbox 587 369 2257 463">
     <span class='ocr_line' id='line_1_3' title="bbox 587 369 2257 463; baseline -0.017 0"><span class='ocrx_word' id='word_1_7' title='bbox 587 394 709 463; x_wconf 81' lang='lat'><strong>114</strong></span> <span class='ocrx_word' id='word_1_8' title='bbox 1599 379 1824 444; x_wconf 63' lang='lat' dir='ltr'><strong>mysterii</strong></span> <span class='ocrx_word' id='word_1_9' title='bbox 1861 369 2257 450; x_wconf 54' lang='lat' dir='ltr'><strong>cosmographia</strong></span> 
     </span>
    </p>
   </div>
   <div class='ocr_carea' id='block_1_4' title="bbox 584 504 3298 625">
    <p class='ocr_par' dir='ltr' id='par_1_4' title="bbox 584 504 3298 625">
     <span class='ocr_line' id='line_1_4' title="bbox 584 504 3298 625; baseline -0.014 0"><span class='ocrx_word' id='word_1_10' title='bbox 584 572 651 625; x_wconf 92' lang='lat' dir='ltr'><strong>ut</strong></span> <span class='ocrx_word' id='word_1_11' title='bbox 696 580 772 622; x_wconf 89' lang='lat' dir='ltr'><strong>ea</strong></span> <span class='ocrx_word' id='word_1_12' title='bbox 814 551 1113 620; x_wconf 79' lang='lat' dir='ltr'><strong>mentione</strong></span> <span class='ocrx_word' id='word_1_13' title='bbox 1162 552 1474 609; x_wconf 85' lang='lat' dir='ltr'><strong>constaret</strong></span> <span class='ocrx_word' id='word_1_14' title='bbox 1519 537 1728 602; x_wconf 88' lang='lat' dir='ltr'><strong>lectori</strong></span> <span class='ocrx_word' id='word_1_15' title='bbox 1774 538 1974 599; x_wconf 86' lang='lat' dir='ltr'><strong>altera</strong></span> <span class='ocrx_word' id='word_1_16' title='bbox 2007 504 2222 607; x_wconf 78' lang='lat' dir='ltr'><strong>causa,</strong></span> <span class='ocrx_word' id='word_1_17' title='bbox 2271 549 2425 611; x_wconf 88' lang='lat' dir='ltr'><strong>quae</strong></span> <span class='ocrx_word' id='word_1_18' title='bbox 2471 548 2564 591; x_wconf 88' lang='lat' dir='ltr'><strong>me</strong></span> <span class='ocrx_word' id='word_1_19' title='bbox 2610 528 2668 591; x_wconf 89' lang='lat' dir='ltr'><strong>in</strong></span> <span class='ocrx_word' id='word_1_20' title='bbox 2718 525 3035 609; x_wconf 87' lang='lat' dir='ltr'><strong>Copernici</strong></span> <span class='ocrx_word' id='word_1_21' title='bbox 3079 531 3298 609; x_wconf 82' lang='lat' dir='ltr'><strong>partes</strong></span> 
     </span>
    </p>
   </div>
   <div class='ocr_carea' id='block_1_5' title="bbox 585 643 3297 815">
    <p class='ocr_par' dir='ltr' id='par_1_5' title="bbox 585 643 3297 815">
     <span class='ocr_line' id='line_1_5' title="bbox 628 643 969 713; baseline -0.032 0"><span class='ocrx_word' id='word_1_22' title='bbox 628 643 969 713; x_wconf 84' lang='lat' dir='ltr'><strong>ertraxerit.</strong></span> 
     </span>
     <span class='ocr_line' id='line_1_6' title="bbox 585 673 3297 815; baseline -0.014 -14"><span class='ocrx_word' id='word_1_23' title='bbox 585 673 623 732; x_wconf 74' lang='lat' dir='ltr'>p</span> <span class='ocrx_word' id='word_1_24' title='bbox 709 796 720 808; x_wconf 82' lang='lat'><strong>,</strong></span> <span class='ocrx_word' id='word_1_25' title='bbox 759 737 973 815; x_wconf 82' lang='lat' dir='ltr'><strong>Neque</strong></span> <span class='ocrx_word' id='word_1_26' title='bbox 1019 736 1220 789; x_wconf 90' lang='lat' dir='ltr'><strong>tamen</strong></span> <span class='ocrx_word' id='word_1_27' title='bbox 1266 731 1492 784; x_wconf 88' lang='lat' dir='ltr'><strong>temere</strong></span> <span class='ocrx_word' id='word_1_28' title='bbox 1539 725 1604 780; x_wconf 92' lang='lat' dir='ltr'><strong>et</strong></span> <span class='ocrx_word' id='word_1_29' title='bbox 1650 714 1776 776; x_wconf 88' lang='lat' dir='ltr'><strong>sine</strong></span> <span class='ocrx_word' id='word_1_30' title='bbox 1825 710 2187 793; x_wconf 82' lang='lat' dir='ltr'><strong>gravissima</strong></span> <span class='ocrx_word' id='word_1_31' title='bbox 2216 699 2770 787; x_wconf 58' lang='lat' dir='ltr'><strong>praeceptoris&#39;mei</strong></span> <span class='ocrx_word' id='word_1_32' title='bbox 2799 702 3112 768; x_wconf 88' lang='lat' dir='ltr'><strong>Maestlini</strong></span> <span class='ocrx_word' id='word_1_33' title='bbox 3158 705 3297 767; x_wconf 88' lang='lat' dir='ltr'><strong>cla·</strong></span> 
     </span>
    </p>
   </div>
   <div class='ocr_carea' id='block_1_6' title="bbox 587 790 3303 890">
    <p class='ocr_par' dir='ltr' id='par_1_6' title="bbox 587 790 3303 890">
     <span class='ocr_line' id='line_1_7' title="bbox 587 790 3303 890; baseline -0.014 1"><span class='ocrx_word' id='word_1_34' title='bbox 587 825 808 890; x_wconf 78' lang='lat' dir='ltr'><strong>tissimi</strong></span> <span class='ocrx_word' id='word_1_35' title='bbox 866 812 1275 884; x_wconf 82' lang='lat' dir='ltr'><strong>mathematici</strong></span> <span class='ocrx_word' id='word_1_36' title='bbox 1333 807 1657 871; x_wconf 83' lang='lat' dir='ltr'><strong>autoritate</strong></span> <span class='ocrx_word' id='word_1_37' title='bbox 1726 804 1882 864; x_wconf 77' lang='lat' dir='ltr'><strong>hanc</strong></span> <span class='ocrx_word' id='word_1_38' title='bbox 1929 809 2159 863; x_wconf 89' lang='lat' dir='ltr'><strong>sectam</strong></span> <span class='ocrx_word' id='word_1_39' title='bbox 2207 796 2518 878; x_wconf 83' lang='lat' dir='ltr'><strong>amplexus</strong></span> <span class='ocrx_word' id='word_1_40' title='bbox 2567 816 2714 859; x_wconf 88' lang='lat' dir='ltr'><strong>sum.</strong></span> <span class='ocrx_word' id='word_1_41' title='bbox 2804 795 2962 857; x_wconf 87' lang='lat' dir='ltr'><strong>Nam</strong></span> <span class='ocrx_word' id='word_1_42' title='bbox 3020 794 3108 870; x_wconf 71' lang='lat' dir='ltr'><strong>ie,</strong></span> <span class='ocrx_word' id='word_1_43' title='bbox 3174 790 3303 854; x_wconf 88' lang='lat' dir='ltr'><strong>etsi</strong></span> 
     </span>
    </p>
   </div>
   <div class='ocr_carea' id='block_1_7' title="bbox 588 883 3303 1087">
    <p class='ocr_par' dir='ltr' id='par_1_7' title="bbox 588 883 3303 1087">
     <span class='ocr_line' id='line_1_8' title="bbox 588 883 3303 999; baseline -0.014 -19"><span class='ocrx_word' id='word_1_44' title='bbox 588 916 812 999; x_wconf 87' lang='lat' dir='ltr'><strong>primus</strong></span> <span class='ocrx_word' id='word_1_45' title='bbox 841 908 984 974; x_wconf 89' lang='lat' dir='ltr'><strong>mihi</strong></span> <span class='ocrx_word' id='word_1_46' title='bbox 1014 907 1132 967; x_wconf 81' lang='lat' dir='ltr'><strong>dux</strong></span> <span class='ocrx_word' id='word_1_47' title='bbox 1162 911 1225 964; x_wconf 86' lang='lat' dir='ltr'><strong>et</strong></span> <span class='ocrx_word' id='word_1_48' title='bbox 1266 900 1784 980; x_wconf 85' lang='lat' dir='ltr'><strong>praemonstrator</strong></span> <span class='ocrx_word' id='word_1_49' title='bbox 1834 888 1947 951; x_wconf 86' lang='lat' dir='ltr'><strong>fuit</strong></span> <span class='ocrx_word' id='word_1_50' title='bbox 1991 906 2120 950; x_wconf 88' lang='lat' dir='ltr'><strong>cum</strong></span> <span class='ocrx_word' id='word_1_51' title='bbox 2169 885 2245 947; x_wconf 87' lang='lat' dir='ltr'><strong>ad</strong></span> <span class='ocrx_word' id='word_1_52' title='bbox 2293 885 2432 959; x_wconf 86' lang='lat' dir='ltr'><strong>alia,</strong></span> <span class='ocrx_word' id='word_1_53' title='bbox 2483 893 2610 947; x_wconf 88' lang='lat' dir='ltr'><strong>tum</strong></span> <span class='ocrx_word' id='word_1_54' title='bbox 2654 883 2972 966; x_wconf 86' lang='lat' dir='ltr'><strong>praecipue</strong></span> <span class='ocrx_word' id='word_1_55' title='bbox 3020 883 3099 944; x_wconf 89' lang='lat' dir='ltr'><strong>ad</strong></span> <span class='ocrx_word' id='word_1_56' title='bbox 3143 883 3303 945; x_wconf 85' lang='lat' dir='ltr'><strong>haec</strong></span> 
     </span>
     <span class='ocr_line' id='line_1_9' title="bbox 590 969 3303 1087; baseline -0.015 -18"><span class='ocrx_word' id='word_1_57' title='bbox 590 1002 1130 1087; x_wconf 87' lang='lat' dir='ltr'><strong>philosophemata,</strong></span> <span class='ocrx_word' id='word_1_58' title='bbox 1178 999 1355 1069; x_wconf 89' lang='lat' dir='ltr'><strong>atque</strong></span> <span class='ocrx_word' id='word_1_59' title='bbox 1401 986 1538 1046; x_wconf 87' lang='lat' dir='ltr'><strong>ideo</strong></span> <span class='ocrx_word' id='word_1_60' title='bbox 1579 983 1714 1061; x_wconf 90' lang='lat' dir='ltr'><strong>jure</strong></span> <span class='ocrx_word' id='word_1_61' title='bbox 1760 977 1952 1059; x_wconf 89' lang='lat' dir='ltr'><strong>primo</strong></span> <span class='ocrx_word' id='word_1_62' title='bbox 2001 977 2131 1038; x_wconf 89' lang='lat' dir='ltr'><strong>loco</strong></span> <span class='ocrx_word' id='word_1_63' title='bbox 2170 993 2481 1036; x_wconf 88' lang='lat' dir='ltr'><strong>recensere</strong></span> <span class='ocrx_word' id='word_1_64' title='bbox 2530 974 2874 1036; x_wconf 84' lang='lat' dir='ltr'><strong>debuisset:</strong></span> <span class='ocrx_word' id='word_1_65' title='bbox 2923 982 3128 1034; x_wconf 88' lang='lat' dir='ltr'><strong>tamen</strong></span> <span class='ocrx_word' id='word_1_66' title='bbox 3173 969 3303 1032; x_wconf 81' lang='lat' dir='ltr'><strong>alia</strong></span> 
     </span>
    </p>
   </div>
   <div class='ocr_carea' id='block_1_8' title="bbox 592 1058 3309 1531">
    <p class='ocr_par' dir='ltr' id='par_1_8' title="bbox 592 1058 3309 1531">
     <span class='ocr_line' id='line_1_10' title="bbox 592 1058 3300 1178; baseline -0.017 -19"><span class='ocrx_word' id='word_1_67' title='bbox 592 1095 846 1178; x_wconf 87' lang='lat' dir='ltr'><strong>quadam</strong></span> <span class='ocrx_word' id='word_1_68' title='bbox 892 1080 1177 1168; x_wconf 83' lang='lat' dir='ltr'><strong>peculiari</strong></span> <span class='ocrx_word' id='word_1_69' title='bbox 1224 1076 1458 1140; x_wconf 88' lang='lat' dir='ltr'><strong>ratione</strong></span> <span class='ocrx_word' id='word_1_70' title='bbox 1500 1071 1743 1135; x_wconf 84' lang='lat' dir='ltr'><strong>tertiam</strong></span> <span class='ocrx_word' id='word_1_71' title='bbox 1771 1065 1914 1130; x_wconf 85' lang='lat' dir='ltr'><strong>mihi</strong></span> <span class='ocrx_word' id='word_1_72' title='bbox 1949 1083 2193 1127; x_wconf 82' lang='lat' dir='ltr'><strong>causam</strong></span> <span class='ocrx_word' id='word_1_73' title='bbox 2239 1060 2516 1145; x_wconf 90' lang='lat' dir='ltr'><strong>praebuit</strong></span> <span class='ocrx_word' id='word_1_74' title='bbox 2559 1062 2650 1124; x_wconf 86' lang='lat' dir='ltr'><strong>ita</strong></span> <span class='ocrx_word' id='word_1_75' title='bbox 2697 1061 3029 1125; x_wconf 87' lang='lat' dir='ltr'><strong>sentiendi:</strong></span> <span class='ocrx_word' id='word_1_76' title='bbox 3058 1058 3109 1136; x_wconf 48' lang='grc' dir='ltr'><strong>Υ)</strong></span> <span class='ocrx_word' id='word_1_77' title='bbox 3156 1060 3300 1122; x_wconf 83' lang='lat' dir='ltr'><strong>dum</strong></span> 
     </span>
     <span class='ocr_line' id='line_1_11' title="bbox 593 1148 3298 1247; baseline -0.016 -2"><span class='ocrx_word' id='word_1_78' title='bbox 593 1189 884 1247; x_wconf 85' lang='lat' dir='ltr'><strong>cometam</strong></span> <span class='ocrx_word' id='word_1_79' title='bbox 933 1173 1070 1237; x_wconf 88' lang='lat' dir='ltr'><strong>anui</strong></span> <span class='ocrx_word' id='word_1_80' title='bbox 1126 1169 1208 1231; x_wconf 85' lang='lat'><strong>77</strong></span> <span class='ocrx_word' id='word_1_81' title='bbox 1259 1159 1652 1245; x_wconf 86' lang='lat' dir='ltr'><strong>deprehendit</strong></span> <span class='ocrx_word' id='word_1_82' title='bbox 1709 1154 2197 1218; x_wconf 84' lang='lat' dir='ltr'><strong>constantissime</strong></span> <span class='ocrx_word' id='word_1_83' title='bbox 2253 1153 2330 1214; x_wconf 88' lang='lat' dir='ltr'><strong>ad</strong></span> <span class='ocrx_word' id='word_1_84' title='bbox 2389 1161 2610 1214; x_wconf 89' lang='lat' dir='ltr'><strong>motum</strong></span> <span class='ocrx_word' id='word_1_85' title='bbox 2668 1150 2927 1213; x_wconf 88' lang='lat' dir='ltr'><strong>Veneris</strong></span> <span class='ocrx_word' id='word_1_86' title='bbox 2973 1173 3012 1213; x_wconf 88' lang='lat' dir='ltr'><strong>a</strong></span> <span class='ocrx_word' id='word_1_87' title='bbox 3058 1148 3298 1230; x_wconf 80' lang='lat' dir='ltr'><strong>Coper-</strong></span> 
     </span>
     <span class='ocr_line' id='line_1_12' title="bbox 594 1237 3308 1350; baseline -0.017 -14"><span class='ocrx_word' id='word_1_88' title='bbox 594 1275 721 1350; x_wconf 84' lang='lat' dir='ltr'><strong>nico</strong></span> <span class='ocrx_word' id='word_1_89' title='bbox 766 1265 1066 1350; x_wconf 92' lang='lat' dir='ltr'><strong>proditum</strong></span> <span class='ocrx_word' id='word_1_90' title='bbox 1113 1255 1357 1329; x_wconf 78' lang='lat' dir='ltr'><strong>moveri,</strong></span> <span class='ocrx_word' id='word_1_91' title='bbox 1408 1262 1471 1313; x_wconf 91' lang='lat' dir='ltr'><strong>et</strong></span> <span class='ocrx_word' id='word_1_92' title='bbox 1517 1256 1699 1329; x_wconf 86' lang='lat' dir='ltr'><strong>capta</strong></span> <span class='ocrx_word' id='word_1_93' title='bbox 1745 1264 1824 1307; x_wconf 83' lang='lat' dir='ltr'><strong>ex</strong></span> <span class='ocrx_word' id='word_1_94' title='bbox 1869 1243 2187 1311; x_wconf 82' lang='lat' dir='ltr'><strong>altitudine</strong></span> <span class='ocrx_word' id='word_1_95' title='bbox 2236 1241 2606 1320; x_wconf 85' lang='lat' dir='ltr'><strong>superlunari</strong></span> <span class='ocrx_word' id='word_1_96' title='bbox 2652 1241 3015 1320; x_wconf 87' lang='lat' dir='ltr'><strong>conjectura,</strong></span> <span class='ocrx_word' id='word_1_97' title='bbox 3062 1238 3120 1301; x_wconf 88' lang='lat' dir='ltr'><strong>in</strong></span> <span class='ocrx_word' id='word_1_98' title='bbox 3167 1237 3308 1319; x_wconf 86' lang='lat' dir='ltr'><strong>ipso</strong></span> 
     </span>
     <span class='ocr_line' id='line_1_13' title="bbox 592 1328 3309 1425; baseline -0.019 0"><span class='ocrx_word' id='word_1_99' title='bbox 592 1362 733 1424; x_wconf 87' lang='lat' dir='ltr'><strong>orbe</strong></span> <span class='ocrx_word' id='word_1_100' title='bbox 781 1360 1057 1419; x_wconf 87' lang='lat' dir='ltr'><strong>Venereo</strong></span> <span class='ocrx_word' id='word_1_101' title='bbox 1107 1342 1522 1425; x_wconf 88' lang='lat' dir='ltr'><strong>Copernicano</strong></span> <span class='ocrx_word' id='word_1_102' title='bbox 1571 1335 1926 1400; x_wconf 87' lang='lat' dir='ltr'><strong>curriculum</strong></span> <span class='ocrx_word' id='word_1_103' title='bbox 1972 1351 2142 1394; x_wconf 89' lang='lat' dir='ltr'><strong>suum</strong></span> <span class='ocrx_word' id='word_1_104' title='bbox 2187 1331 2520 1392; x_wconf 83' lang='lat' dir='ltr'><strong>absolvere.</strong></span> <span class='ocrx_word' id='word_1_105' title='bbox 2603 1328 2776 1400; x_wconf 87' lang='lat' dir='ltr'><strong>Quod</strong></span> <span class='ocrx_word' id='word_1_106' title='bbox 2826 1330 2875 1391; x_wconf 85' lang='lat' dir='ltr'><strong>si</strong></span> <span class='ocrx_word' id='word_1_107' title='bbox 2923 1328 3054 1410; x_wconf 79' lang='lat' dir='ltr'><strong>quis</strong></span> <span class='ocrx_word' id='word_1_108' title='bbox 3101 1344 3309 1390; x_wconf 69' lang='lat' dir='ltr'><strong>secum</strong></span> 
     </span>
     <span class='ocr_line' id='line_1_14' title="bbox 592 1417 3306 1531; baseline -0.019 -18"><span class='ocrx_word' id='word_1_109' title='bbox 592 1447 963 1531; x_wconf 86' lang='lat' dir='ltr'><strong>perpendat,</strong></span> <span class='ocrx_word' id='word_1_110' title='bbox 1012 1456 1188 1520; x_wconf 87' lang='lat' dir='ltr'><strong>quam</strong></span> <span class='ocrx_word' id='word_1_111' title='bbox 1236 1430 1411 1494; x_wconf 85' lang='lat' dir='ltr'><strong>facile</strong></span> <span class='ocrx_word' id='word_1_112' title='bbox 1464 1429 1682 1490; x_wconf 85' lang='lat' dir='ltr'><strong>falsum</strong></span> <span class='ocrx_word' id='word_1_113' title='bbox 1732 1446 1769 1486; x_wconf 91' lang='lat' dir='ltr'><strong>a</strong></span> <span class='ocrx_word' id='word_1_114' title='bbox 1816 1442 1883 1485; x_wconf 88' lang='lat' dir='ltr'><strong>se</strong></span> <span class='ocrx_word' id='word_1_115' title='bbox 1922 1421 2054 1502; x_wconf 89' lang='lat' dir='ltr'><strong>ipso</strong></span> <span class='ocrx_word' id='word_1_116' title='bbox 2101 1417 2441 1495; x_wconf 86' lang='lat' dir='ltr'><strong>dissentiat,</strong></span> <span class='ocrx_word' id='word_1_117' title='bbox 2490 1428 2553 1480; x_wconf 89' lang='lat' dir='ltr'><strong>et</strong></span> <span class='ocrx_word' id='word_1_118' title='bbox 2599 1426 2884 1492; x_wconf 85' lang='lat' dir='ltr'><strong>econtra,</strong></span> <span class='ocrx_word' id='word_1_119' title='bbox 2931 1436 3110 1498; x_wconf 72' lang='lat' dir='ltr'><strong>quam</strong></span> <span class='ocrx_word' id='word_1_120' title='bbox 3154 1434 3306 1478; x_wconf 87' lang='lat' dir='ltr'><strong>con-</strong></span> 
     </span>
    </p>
   </div>
   <div class='ocr_carea' id='block_1_9' title="bbox 520 1503 3310 1602">
    <p class='ocr_par' dir='ltr' id='par_1_9' title="bbox 520 1503 3310 1602">
     <span class='ocr_line' id='line_1_15' title="bbox 520 1503 3310 1602; baseline -0.014 1"><span class='ocrx_word' id='word_1_121' title='bbox 520 1577 527 1584; x_wconf 95' lang='lat'><em>·</em></span> <span class='ocrx_word' id='word_1_122' title='bbox 594 1546 826 1602; x_wconf 87' lang='lat' dir='ltr'><strong>stanter</strong></span> <span class='ocrx_word' id='word_1_123' title='bbox 869 1547 1075 1594; x_wconf 85' lang='lat' dir='ltr'><strong>verum</strong></span> <span class='ocrx_word' id='word_1_124' title='bbox 1104 1542 1245 1586; x_wconf 89' lang='lat' dir='ltr'><strong>vero</strong></span> <span class='ocrx_word' id='word_1_125' title='bbox 1276 1525 1585 1591; x_wconf 91' lang='lat' dir='ltr'><strong>consonet,</strong></span> <span class='ocrx_word' id='word_1_126' title='bbox 1636 1533 1753 1576; x_wconf 88' lang='lat' dir='ltr'><strong>non</strong></span> <span class='ocrx_word' id='word_1_127' title='bbox 1800 1510 2021 1591; x_wconf 88' lang='lat' dir='ltr'><strong>injuria</strong></span> <span class='ocrx_word' id='word_1_128' title='bbox 2068 1508 2384 1570; x_wconf 89' lang='lat' dir='ltr'><strong>maximum</strong></span> <span class='ocrx_word' id='word_1_129' title='bbox 2431 1516 2846 1588; x_wconf 85' lang='lat' dir='ltr'><strong>argumentum</strong></span> <span class='ocrx_word' id='word_1_130' title='bbox 2894 1503 3310 1588; x_wconf 84' lang='lat' dir='ltr'><strong>dispositionis</strong></span> 
     </span>
    </p>
   </div>
   <div class='ocr_carea' id='block_1_10' title="bbox 596 1597 3316 1776">
    <p class='ocr_par' dir='ltr' id='par_1_10' title="bbox 596 1597 3316 1776">
     <span class='ocr_line' id='line_1_16' title="bbox 596 1597 2212 1700; baseline -0.02 -9"><span class='ocrx_word' id='word_1_131' title='bbox 596 1627 825 1691; x_wconf 89' lang='lat' dir='ltr'><strong>orbium</strong></span> <span class='ocrx_word' id='word_1_132' title='bbox 874 1615 1321 1700; x_wconf 89' lang='lat' dir='ltr'><strong>Copernicanae</strong></span> <span class='ocrx_word' id='word_1_133' title='bbox 1369 1608 1465 1668; x_wconf 81' lang='lat' dir='ltr'><strong>vel</strong></span> <span class='ocrx_word' id='word_1_134' title='bbox 1512 1625 1585 1666; x_wconf 92' lang='lat' dir='ltr'><strong>ex</strong></span> <span class='ocrx_word' id='word_1_135' title='bbox 1631 1604 1742 1665; x_wconf 88' lang='lat' dir='ltr'><strong>hoc</strong></span> <span class='ocrx_word' id='word_1_136' title='bbox 1791 1601 1920 1662; x_wconf 91' lang='lat' dir='ltr'><strong>solo</strong></span> <span class='ocrx_word' id='word_1_137' title='bbox 1966 1597 2212 1678; x_wconf 79' lang='lat' dir='ltr'><strong>ceperit.</strong></span> 
     </span>
     <span class='ocr_line' id='line_1_17' title="bbox 773 1682 3316 1776; baseline -0.015 0"><span class='ocrx_word' id='word_1_138' title='bbox 773 1715 858 1776; x_wconf 90' lang='lat' dir='ltr'><strong>Ut</strong></span> <span class='ocrx_word' id='word_1_139' title='bbox 904 1719 1104 1772; x_wconf 88' lang='lat' dir='ltr'><strong>autem</strong></span> <span class='ocrx_word' id='word_1_140' title='bbox 1152 1723 1226 1763; x_wconf 85' lang='lat' dir='ltr'><strong>ea</strong></span> <span class='ocrx_word' id='word_1_141' title='bbox 1272 1696 1489 1769; x_wconf 80' lang='lat' dir='ltr'><strong>omnia,</strong></span> <span class='ocrx_word' id='word_1_142' title='bbox 1541 1711 1695 1774; x_wconf 89' lang='lat' dir='ltr'><strong>quae</strong></span> <span class='ocrx_word' id='word_1_143' title='bbox 1743 1691 1816 1752; x_wconf 90' lang='lat' dir='ltr'><strong>de</strong></span> <span class='ocrx_word' id='word_1_144' title='bbox 1865 1685 2296 1771; x_wconf 82' lang='lat' dir='ltr'><strong>hypothesibus</strong></span> <span class='ocrx_word' id='word_1_145' title='bbox 2345 1685 2610 1765; x_wconf 88' lang='lat' dir='ltr'><strong>utrisque</strong></span> <span class='ocrx_word' id='word_1_146' title='bbox 2659 1685 2813 1761; x_wconf 84' lang='lat' dir='ltr'><strong>dixi,</strong></span> <span class='ocrx_word' id='word_1_147' title='bbox 2864 1683 3172 1747; x_wconf 80' lang='lat' dir='ltr'><strong>verissime</strong></span> <span class='ocrx_word' id='word_1_148' title='bbox 3218 1682 3316 1743; x_wconf 69' lang='lat' dir='ltr'><strong>ita</strong></span> 
     </span>
    </p>
   </div>
   <div class='ocr_carea' id='block_1_11' title="bbox 601 1769 3313 1874">
    <p class='ocr_par' dir='ltr' id='par_1_11' title="bbox 601 1769 3313 1874">
     <span class='ocr_line' id='line_1_18' title="bbox 601 1769 3313 1874; baseline -0.019 -4"><span class='ocrx_word' id='word_1_149' title='bbox 601 1828 665 1869; x_wconf 91' lang='lat' dir='ltr'><strong>se</strong></span> <span class='ocrx_word' id='word_1_150' title='bbox 713 1805 935 1866; x_wconf 89' lang='lat' dir='ltr'><strong>habere</strong></span> <span class='ocrx_word' id='word_1_151' title='bbox 983 1787 1437 1874; x_wconf 84' lang='lat' dir='ltr'><strong>deprehendas:</strong></span> <span class='ocrx_word' id='word_1_152' title='bbox 1489 1781 1693 1863; x_wconf 88' lang='lat' dir='ltr'><strong>accipe</strong></span> <span class='ocrx_word' id='word_1_153' title='bbox 1741 1780 1895 1841; x_wconf 88' lang='lat' dir='ltr'><strong>hanc</strong></span> <span class='ocrx_word' id='word_1_154' title='bbox 1943 1779 2185 1838; x_wconf 87' lang='lat' dir='ltr'><strong>brevem</strong></span> <span class='ocrx_word' id='word_1_155' title='bbox 2232 1773 2690 1855; x_wconf 86' lang='lat' dir='ltr'><strong>explicationem</strong></span> <span class='ocrx_word' id='word_1_156' title='bbox 2734 1774 3153 1857; x_wconf 79' lang='lat' dir='ltr'><strong>hypothesium</strong></span> <span class='ocrx_word' id='word_1_157' title='bbox 3180 1769 3313 1834; x_wconf 80' lang='lat'><strong>00-</strong></span> 
     </span>
    </p>
   </div>
   <div class='ocr_carea' id='block_1_12' title="bbox 602 1866 3314 2054">
    <p class='ocr_par' dir='ltr' id='par_1_12' title="bbox 602 1866 3314 2054">
     <span class='ocr_line' id='line_1_19' title="bbox 602 1866 2083 1978; baseline -0.023 -20"><span class='ocrx_word' id='word_1_158' title='bbox 602 1893 825 1978; x_wconf 90' lang='lat' dir='ltr'><strong>pernici</strong></span> <span class='ocrx_word' id='word_1_159' title='bbox 883 1890 1145 1965; x_wconf 87' lang='lat' dir='ltr'><strong>duasque</strong></span> <span class='ocrx_word' id='word_1_160' title='bbox 1195 1877 1435 1941; x_wconf 87' lang='lat' dir='ltr'><strong>tabulas</strong></span> <span class='ocrx_word' id='word_1_161' title='bbox 1484 1872 1559 1933; x_wconf 88' lang='lat' dir='ltr'><strong>ad</strong></span> <span class='ocrx_word' id='word_1_162' title='bbox 1608 1871 1720 1932; x_wconf 89' lang='lat' dir='ltr'><strong>hoc</strong></span> <span class='ocrx_word' id='word_1_163' title='bbox 1767 1866 2083 1930; x_wconf 87' lang='lat' dir='ltr'><strong>facientes.</strong></span> 
     </span>
     <span class='ocr_line' id='line_1_20' title="bbox 777 1949 3314 2054; baseline -0.013 -11"><span class='ocrx_word' id='word_1_164' title='bbox 777 1982 896 2043; x_wconf 89' lang='lat' dir='ltr'><strong>Pro</strong></span> <span class='ocrx_word' id='word_1_165' title='bbox 945 1966 1361 2054; x_wconf 85' lang='lat' dir='ltr'><strong>cognoscendo</strong></span> <span class='ocrx_word' id='word_1_166' title='bbox 1410 1961 1615 2023; x_wconf 88' lang='lat' dir='ltr'><strong>ordine</strong></span> <span class='ocrx_word' id='word_1_167' title='bbox 1652 1958 2053 2039; x_wconf 77' lang='lat' dir='ltr'><strong>&#39;sphaerarum</strong></span> <span class='ocrx_word' id='word_1_168' title='bbox 2099 1952 2298 2015; x_wconf 87' lang='lat' dir='ltr'><strong>mundi</strong></span> <span class='ocrx_word' id='word_1_169' title='bbox 2347 1950 2668 2014; x_wconf 87' lang='lat' dir='ltr'><strong>secundum</strong></span> <span class='ocrx_word' id='word_1_170' title='bbox 2699 1949 3012 2033; x_wconf 87' lang='lat' dir='ltr'><strong>Copernici</strong></span> <span class='ocrx_word' id='word_1_171' title='bbox 3060 1959 3314 2016; x_wconf 81' lang='lat' dir='ltr'><strong>senten-</strong></span> 
     </span>
    </p>
   </div>
   <div class='ocr_carea' id='block_1_13' title="bbox 601 2037 3321 2323">
    <p class='ocr_par' dir='ltr' id='par_1_13' title="bbox 601 2037 3321 2323">
     <span class='ocr_line' id='line_1_21' title="bbox 601 2037 3318 2137; baseline -0.017 0"><span class='ocrx_word' id='word_1_172' title='bbox 601 2075 751 2137; x_wconf 88' lang='lat' dir='ltr'><strong>tiam</strong></span> <span class='ocrx_word' id='word_1_173' title='bbox 806 2071 1037 2130; x_wconf 86' lang='lat' dir='ltr'><strong>intuere</strong></span> <span class='ocrx_word' id='word_1_174' title='bbox 1097 2059 1339 2122; x_wconf 83' lang='lat' dir='ltr'><strong>schema</strong></span> <span class='ocrx_word' id='word_1_175' title='bbox 1392 2048 1489 2114; x_wconf 88' lang='lat'><strong>10.</strong></span> <span class='ocrx_word' id='word_1_176' title='bbox 1583 2049 1805 2109; x_wconf 88' lang='lat' dir='ltr'><strong>Terrae</strong></span> <span class='ocrx_word' id='word_1_177' title='bbox 1852 2061 1960 2126; x_wconf 87' lang='lat' dir='ltr'><strong>pro</strong></span> <span class='ocrx_word' id='word_1_178' title='bbox 2011 2041 2247 2103; x_wconf 88' lang='lat' dir='ltr'><strong>diverso</strong></span> <span class='ocrx_word' id='word_1_179' title='bbox 2295 2048 2572 2120; x_wconf 88' lang='lat' dir='ltr'><strong>respectu</strong></span> <span class='ocrx_word' id='word_1_180' title='bbox 2619 2038 3037 2104; x_wconf 72' lang='lat' dir='ltr'><strong>tribuuntur&#39;a</strong></span> <span class='ocrx_word' id='word_1_181' title='bbox 3077 2037 3318 2122; x_wconf 78' lang='lat' dir='ltr'><strong>Coper-</strong></span> 
     </span>
     <span class='ocr_line' id='line_1_22' title="bbox 603 2128 3318 2238; baseline -0.015 -11"><span class='ocrx_word' id='word_1_182' title='bbox 603 2163 735 2225; x_wconf 89' lang='lat' dir='ltr'><strong>nico</strong></span> <span class='ocrx_word' id='word_1_183' title='bbox 772 2167 972 2223; x_wconf 91' lang='lat' dir='ltr'><strong>motus</strong></span> <span class='ocrx_word' id='word_1_184' title='bbox 1003 2158 1276 2235; x_wconf 89' lang='lat' dir='ltr'><strong>quatuor,</strong></span> <span class='ocrx_word' id='word_1_185' title='bbox 1326 2137 1728 2238; x_wconf 79' lang='lat' dir='ltr'><strong>(Copernicus</strong></span> <span class='ocrx_word' id='word_1_186' title='bbox 1757 2131 2044 2196; x_wconf 88' lang='lat' dir='ltr'><strong>brevitati</strong></span> <span class='ocrx_word' id='word_1_187' title='bbox 2090 2131 2353 2191; x_wconf 87' lang='lat' dir='ltr'><strong>intentus</strong></span> <span class='ocrx_word' id='word_1_188' title='bbox 2391 2140 2516 2190; x_wconf 88' lang='lat' dir='ltr'><strong>tres</strong></span> <span class='ocrx_word' id='word_1_189' title='bbox 2546 2128 2709 2204; x_wconf 90' lang='lat' dir='ltr'><strong>dicit,</strong></span> <span class='ocrx_word' id='word_1_190' title='bbox 2758 2129 2855 2210; x_wconf 91' lang='lat' dir='ltr'><strong>qui</strong></span> <span class='ocrx_word' id='word_1_191' title='bbox 2901 2149 3113 2197; x_wconf 77' lang='lat' dir='ltr'><strong>revera</strong></span> <span class='ocrx_word' id='word_1_192' title='bbox 3161 2151 3318 2214; x_wconf 62' lang='lat' dir='ltr'><strong>qua-</strong></span> 
     </span>
     <span class='ocr_line' id='line_1_23' title="bbox 602 2206 3321 2323; baseline -0.011 -18"><span class='ocrx_word' id='word_1_193' title='bbox 602 2261 737 2315; x_wconf 73' lang='lat' dir='ltr'><strong>tuor</strong></span> <span class='ocrx_word' id='word_1_194' title='bbox 785 2251 951 2321; x_wconf 77' lang='lat' dir='ltr'><strong>sunt)</strong></span> <span class='ocrx_word' id='word_1_195' title='bbox 977 2298 994 2323; x_wconf 81' lang='lat'>‚</span> <span class='ocrx_word' id='word_1_196' title='bbox 1064 2237 1160 2320; x_wconf 89' lang='lat' dir='ltr'><strong>qui</strong></span> <span class='ocrx_word' id='word_1_197' title='bbox 1228 2250 1433 2296; x_wconf 83' lang='lat' dir='ltr'><strong>omnes</strong></span> <span class='ocrx_word' id='word_1_198' title='bbox 1480 2227 1839 2306; x_wconf 78' lang='lat' dir='ltr'><strong>reliquorum</strong></span> <span class='ocrx_word' id='word_1_199' title='bbox 1885 2223 2261 2304; x_wconf 89' lang='lat' dir='ltr'><strong>planetarum</strong></span> <span class='ocrx_word' id='word_1_200' title='bbox 2309 2218 2567 2281; x_wconf 89' lang='lat' dir='ltr'><strong>motibus</strong></span> <span class='ocrx_word' id='word_1_201' title='bbox 2616 2216 2876 2300; x_wconf 83' lang='lat' dir='ltr'><strong>aliquam</strong></span> <span class='ocrx_word' id='word_1_202' title='bbox 2926 2206 3321 2304; x_wconf 65' lang='lat' dir='ltr'><strong>apparentem</strong></span> 
     </span>
    </p>
   </div>
   <div class='ocr_carea' id='block_1_14' title="bbox 607 2321 1444 2404">
    <p class='ocr_par' dir='ltr' id='par_1_14' title="bbox 607 2321 1444 2404">
     <span class='ocr_line' id='line_1_24' title="bbox 607 2321 1444 2404; baseline -0.013 -3"><span class='ocrx_word' id='word_1_203' title='bbox 607 2341 963 2404; x_wconf 85' lang='lat' dir='ltr'><strong>varietatem</strong></span> <span class='ocrx_word' id='word_1_204' title='bbox 1013 2324 1356 2394; x_wconf 73' lang='lat' dir='ltr'><strong>conciliant,</strong></span> <span class='ocrx_word' id='word_1_205' title='bbox 1388 2321 1444 2390; x_wconf 57' lang='grc' dir='ltr'><strong>ἵ)</strong></span> 
     </span>
    </p>
   </div>
   <div class='ocr_carea' id='block_1_15' title="bbox 1868 2395 2060 2446">
    <p class='ocr_par' dir='ltr' id='par_1_15' title="bbox 1868 2395 2060 2446">
     <span class='ocr_line' id='line_1_25' title="bbox 1868 2395 2060 2446; baseline -0.042 -6"><span class='ocrx_word' id='word_1_206' title='bbox 1868 2397 1960 2446; x_wconf 69' lang='lat'>1⁸18-</span> <span class='ocrx_word' id='word_1_207' title='bbox 1991 2395 2060 2435; x_wconf 69' lang='grc' dir='ltr'><strong>Ν.</strong></span> 
     </span>
    </p>
   </div>
   <div class='ocr_carea' id='block_1_16' title="bbox 876 2480 2687 4786">
    <p class='ocr_par' dir='ltr' id='par_1_16' title="bbox 876 2480 2687 4786">
     <span class='ocr_line' id='line_1_26' title="bbox 876 2480 2687 4786; baseline 0 0"><span class='ocrx_word' id='word_1_208' title='bbox 876 2480 2687 4786; x_wconf 95' lang='lat' dir='ltr'><strong> </strong></span> 
     </span>
    </p>
   </div>
   <div class='ocr_carea' id='block_1_17' title="bbox 828 4817 3355 4924">
    <p class='ocr_par' dir='ltr' id='par_1_17' title="bbox 828 4817 3355 4924">
     <span class='ocr_line' id='line_1_27' title="bbox 828 4817 3355 4924; baseline -0.013 -14"><span class='ocrx_word' id='word_1_209' title='bbox 828 4847 1055 4910; x_wconf 87' lang='lat' dir='ltr'><strong>Primus</strong></span> <span class='ocrx_word' id='word_1_210' title='bbox 1102 4853 1199 4908; x_wconf 88' lang='lat' dir='ltr'><strong>est</strong></span> <span class='ocrx_word' id='word_1_211' title='bbox 1251 4840 1439 4924; x_wconf 90' lang='lat' dir='ltr'><strong>ipsius</strong></span> <span class='ocrx_word' id='word_1_212' title='bbox 1500 4832 1791 4916; x_wconf 87' lang='lat' dir='ltr'><strong>sphaerae</strong></span> <span class='ocrx_word' id='word_1_213' title='bbox 1851 4848 1956 4891; x_wconf 89' lang='lat' dir='ltr'><strong>seu</strong></span> <span class='ocrx_word' id='word_1_214' title='bbox 2008 4825 2196 4900; x_wconf 86' lang='lat' dir='ltr'><strong>orbis,</strong></span> <span class='ocrx_word' id='word_1_215' title='bbox 2258 4824 2355 4908; x_wconf 89' lang='lat' dir='ltr'><strong>qui</strong></span> <span class='ocrx_word' id='word_1_216' title='bbox 2404 4827 2698 4916; x_wconf 77' lang='lat' dir='ltr'><strong>Tellurem</strong></span> <span class='ocrx_word' id='word_1_217' title='bbox 2744 4824 3151 4914; x_wconf 38' lang='lat' dir='ltr'><strong>ceu,sitella.,1‚1‡¹</strong></span> <span class='ocrx_word' id='word_1_218' title='bbox 3185 4817 3355 4885; x_wconf 78' lang='lat' dir='ltr'><strong>circa</strong></span> 
     </span>
    </p>
   </div>
   <div class='ocr_carea' id='block_1_18' title="bbox 532 4908 3349 5022">
    <p class='ocr_par' dir='ltr' id='par_1_18' title="bbox 532 4908 3349 5022">
     <span class='ocr_line' id='line_1_28' title="bbox 532 4908 3349 5022; baseline -0.015 -20"><span class='ocrx_word' id='word_1_219' title='bbox 532 4958 538 4964; x_wconf 88' lang='lat'><strong>·</strong></span> <span class='ocrx_word' id='word_1_220' title='bbox 655 4936 858 5001; x_wconf 89' lang='lat' dir='ltr'><strong>Solem</strong></span> <span class='ocrx_word' id='word_1_221' title='bbox 907 4936 1207 4999; x_wconf 87' lang='lat' dir='ltr'><strong>annuatim</strong></span> <span class='ocrx_word' id='word_1_222' title='bbox 1263 4922 1650 5007; x_wconf 48' lang='lat' dir='ltr'><strong>circumagit,</strong></span> <span class='ocrx_word' id='word_1_223' title='bbox 1722 4919 1924 5022; x_wconf 72' lang='lat' dir='ltr'><strong>Atque</strong></span> <span class='ocrx_word' id='word_1_224' title='bbox 1971 4917 2026 4980; x_wconf 89' lang='lat' dir='ltr'><strong>is</strong></span> <span class='ocrx_word' id='word_1_225' title='bbox 2072 4913 2251 4996; x_wconf 71' lang='lat' dir='ltr'><strong>orbiS,</strong></span> <span class='ocrx_word' id='word_1_226' title='bbox 2299 4933 2433 5010; x_wconf 80' lang='lat' dir='ltr'><strong>cum</strong></span> <span class='ocrx_word' id='word_1_227' title='bbox 2477 4917 2561 4984; x_wconf 79' lang='lat' dir='ltr'><strong>sit</strong></span> <span class='ocrx_word' id='word_1_228' title='bbox 2605 4916 3000 5008; x_wconf 37' lang='lat' dir='ltr'><strong>qemun-ion„</strong></span> <span class='ocrx_word' id='word_1_229' title='bbox 3048 4908 3349 5002; x_wconf 56' lang='lat' dir='ltr'><strong>qpcentri-</strong></span> 
     </span>
    </p>
   </div>
  </div>
 </body>
</html>
