3634 5575
1497 338 1696 391 mua
1707 332 1903 389 Ursum.
2926 334 3052 403 261

331 506 580 552 manum
623 490 968 553 nullatenus
1015 492 1376 569 admovisse,
1426 494 1594 557 solas
1640 514 1784 558 vero
1813 494 2273 561 observationes
2303 495 2619 576 reliquisse
2656 496 3055 603 conscriptas.

333 577 538 640 Minus
581 578 768 659 igitur
813 581 1078 643 tentavit
1121 582 1512 662 Hipparchus
1577 584 1636 645 iu
1699 586 2069 647 astronomia
2126 584 2691 665 angustioribusque
2735 586 3059 665 pomoeriis

335 666 738 747 cogitationes
777 678 842 731 et
885 678 1062 731 curas
1109 690 1252 733 suas
1301 672 1573 747 inclusit,
1623 691 1802 755 quam
1848 675 1947 736 vel
1992 674 2282 737 Eudoxus
2326 675 2423 736 vel
2474 672 2787 754 Calippus.
2882 672 3059 746 Quae

334 764 435 817 est
479 773 625 835 ergo
669 757 778 819 illa
823 764 947 820 tam
993 756 1308 838 splendide
1355 766 1676 825 asservata
1721 762 2057 825 immutatio
2104 763 2555 844 hypothesium,
2626 780 2803 842 quam
2842 760 3059 844 Calip-

333 842 490 923 picis
533 844 916 925 Hipparchus
963 846 1212 911 intulit?

517 932 808 997 Venimus
871 953 1058 1015 usque
1115 938 1192 999 ad
1248 946 1522 1018 tempora
1577 936 1941 1018 Hipparchi,
2010 938 2109 1018 qui
2162 938 2465 1021 posterior
2521 938 2859 1001 Aristotele
2920 938 3053 1013 fuit,

333 1029 452 1102 quo
497 1026 768 1103 tempore
795 1024 991 1087 Ursus
1039 1024 1128 1087 ait
1171 1026 1550 1088 introductas
1595 1026 1982 1109 physicorum
2026 1026 2416 1109 hypotheses,
2465 1027 2525 1089 h.
2557 1045 2609 1089 e.
2660 1044 2795 1089 eum
2824 1026 3051 1107 sphae-

332 1128 536 1172 rarum
581 1111 868 1186 ordinem,
917 1114 1018 1194 qui
1061 1114 1384 1177 hodiedum
1427 1115 1608 1195 vulgo
1655 1115 1935 1177 creditur.
2030 1116 2101 1178 Id
2148 1124 2351 1179 autem
2398 1120 2595 1177 totum
2638 1132 2869 1178 merum
2914 1133 3053 1178 esse

329 1197 628 1261 somnium
679 1218 862 1280 supra
907 1202 1186 1283 probavi,
1251 1222 1385 1265 cum
1431 1203 1721 1276 dicerem,
1777 1203 2165 1285 Pythagorae
2224 1203 2340 1284 ipsi
2406 1203 2495 1265 sic
2553 1221 2692 1265 esse
2732 1204 2927 1267 visum
2972 1204 3051 1267 de

331 1286 726 1369 sphaerarum
763 1288 990 1364 ordine,
1039 1292 1126 1353 uti
1171 1298 1390 1371 postea
1433 1292 1808 1355 Ptolemaeo.

509 1376 598 1438 Et
649 1377 788 1456 quid
843 1379 1046 1442 multis
1066 1380 1096 1441 ’.θ
1157 1378 1702 1460 Quomodocunque
1757 1380 2033 1443 locentur
2076 1380 2227 1443 haec
2274 1376 2315 1443 3
2360 1396 2615 1461 corpora
2652 1376 2846 1453 Solis,
2914 1379 3053 1441 Ve-

329 1462 493 1527 neris
539 1472 605 1526 et
637 1466 922 1529 Mercurii
969 1468 1129 1531 inter
1162 1468 1426 1531 Martem
1471 1474 1536 1531 et
1570 1470 1825 1540 Lunam,
1876 1486 2114 1549 semper
2150 1468 2240 1544 (in
2286 1468 2529 1532 usitatis
2574 1468 2811 1548 quidem
2854 1467 3051 1549 hypo·-

329 1552 638 1629 thesihus)
695 1574 794 1618 res
853 1556 1062 1618 eodem
1119 1558 1278 1619 redit
1339 1556 1400 1619 ln
1439 1562 1834 1621 astronomia.
1926 1557 2089 1620 Nam
2144 1558 2259 1620 hac
2304 1558 2407 1619 via
2453 1556 2691 1638 quidem
2735 1554 3046 1636 ingressos

330 1641 786 1706 observationes
815 1644 1172 1707 destituunt.
1268 1644 1454 1709 Solae
1490 1645 1877 1727 physicarum
1902 1645 2205 1709 rationum
2244 1644 2799 1710 verisimilitudines
2828 1652 3046 1707 aucto-
3104 1640 3109 1648 “

329 1750 450 1807 res,
500 1737 569 1793 ut
611 1731 862 1813 quisque
908 1720 1062 1796 hanc
1110 1735 1207 1796 vel
1243 1735 1410 1797 illam
1457 1734 1841 1815 potissimum
1887 1734 2175 1815 sequitur,
2225 1734 2285 1797 iu
2328 1734 2637 1797 contraria
2679 1732 2942 1812 rapiunt,
2986 1733 3050 1795 iu

329 1820 552 1882 ceteris
597 1820 1066 1885 consentientes.
1163 1820 1298 1894 Quo
1343 1830 1548 1903 pacto,
1595 1824 1723 1885 sive
1771 1832 1916 1887 ante
1972 1824 2103 1885 sive
2148 1832 2293 1905 post
2320 1824 2636 1886 Eudoxum
2676 1822 3051 1902 disputatum

331 1908 414 1972 sit
469 1908 543 1970 de
597 1908 882 1971 moderno
943 1912 1353 1992 sphaerarum,
1391 1911 1598 1974 ordine
1645 1912 1908 1993 vulgari,
1972 1930 2089 1973 non
2146 1912 2483 1975 censendae
2532 1918 2674 1975 sunt
2730 1911 2941 1973 horum
2988 1919 3053 1973 et

328 1996 568 2059 Eudoxi
631 1996 905 2060 diversae
961 2000 1328 2082 hypotheses
1385 2000 1849 2064 astronomicae.
1954 1997 2106 2063 Cum
2171 2000 2326 2062 enim
2402 2000 2539 2063 inde
2606 2020 2643 2059 a
2698 1999 3053 2079 Pythagora

328 2085 628 2167 hucusque
665 2084 882 2166 vulgus
913 2096 1390 2152 astronomorum
1419 2090 1480 2151 in
1509 2090 1711 2169 capite
1757 2088 2188 2163 consenserint,
2240 2088 2537 2150 dubitatio
2584 2087 2735 2149 haec
2766 2086 2841 2147 de
2869 2086 3049 2149 trium

325 2174 537 2237 horum
601 2192 916 2255 corporum
971 2176 1192 2239 ordine·
1237 2196 1476 2259 semper
1506 2180 1783 2254 mansit,
1852 2196 1963 2239 nec
2012 2177 2149 2239 dum
2215 2196 2253 2238 a
2307 2175 2573 2259 physicis
2632 2182 2729 2237 est
2782 2174 3045 2236 sublata.

325 2263 763 2327 Heraclitus
798 2262 1006 2327 Solem
1051 2265 1198 2328 fecit
1243 2264 1652 2347 peniutimum,
1704 2267 1915 2329 eodem
1960 2283 2097 2327 cum
2123 2264 2461 2327 Aristotele
2490 2284 2634 2326 usus
2672 2269 3048 2342 argumento,

255 2424 262 2432 ἡ
327 2352 486 2430 quod
544 2360 751 2415 cetera
816 2360 988 2415 astra
1041 2354 1236 2417 minus
1295 2354 1678 2417 calefaciant.
1762 2355 1943 2418 Plato
1990 2353 2487 2435 Pythagoricum,
2546 2350 2924 2414 Socraticam
2986 2356 3050 2411 et

327 2440 760 2503 Heracliticam
803 2441 1250 2522 philosophiam
1295 2442 1583 2519 miscens,
1647 2445 1947 2506 referente
1994 2441 2056 2503 id
2102 2440 2382 2517 Laertio,
2442 2440 2839 2519 locupletavit
2894 2439 3047 2500 hanc

327 2528 664 2609 opinionem
709 2530 913 2611 optica
962 2531 1348 2613 conjectura:
1397 2532 1451 2592 si
1501 2532 1584 2607 Q,
1632 2533 1676 2610 ζξ
1719 2532 1881 2594 infra
1925 2530 2130 2593 Solem
2176 2529 2318 2597 sint,
2368 2528 2662 2591 diminuta
2707 2526 2847 2589 olim
2892 2526 3045 2589 facie

325 2622 396 2679 ut
437 2618 672 2680 Lunam
719 2618 914 2681 visum
959 2619 1055 2682 iri.
1139 2620 1526 2683 Ptolemaeus
1591 2620 1766 2684 addit
1809 2638 1888 2681 ex
1932 2618 2167 2681 illorum
2210 2617 2516 2680 sententia
2580 2626 2645 2679 et
2698 2616 2811 2679 hoc
2859 2607 3044 2695 argu-

325 2713 621 2780 mentum,
690 2707 846 2789 quod
909 2728 1208 2791 nunquam
1264 2707 1469 2771 Solem
1533 2708 1951 2772 obtenebrent.
2047 2704 2219 2777 Quae
2269 2714 2625 2786 argumenta
2672 2704 3046 2767 declinantes

325 2795 596 2858 moderni
639 2795 941 2876 pellucida
985 2797 1093 2860 illa
1138 2816 1394 2877 corpora
1439 2798 1685 2874 faciunt,
1735 2805 1951 2862 contra
1996 2815 2174 2878 quam
2202 2799 2255 2869 3))
2300 2797 2397 2858 vel
2445 2794 2575 2858 Soli
2619 2793 3046 2876 propinquanti
3116 2831 3125 2836 -

323 2884 484 2945 viam
531 2885 774 2955 cedere,
839 2893 908 2948 ut
951 2887 1340 2949 Ptolemaeus
1387 2888 1549 2963 vult,
1617 2889 1716 2950 vel
1765 2887 1949 2950 etiam
1994 2886 2465 2959 subtercurrere,
2530 2892 2599 2946 ut
2654 2881 2923 2947 moderni
2970 2900 3047 2944 ex

325 2971 542 3035 Proclo
599 2980 663 3035 et
704 2973 1021 3038 Averrhoe
1077 2977 1373 3056 exemplis
1429 2973 1622 3039 dubiis
1676 2977 2061 3039 contendunt.
2155 2974 2245 3037 At
2300 2979 2515 3036 contra
2566 2971 3046 3054 penetrationem

325 3061 556 3124 orbium
594 3059 791 3139 Solis,
849 3063 1138 3139 Veneris,
1197 3065 1480 3128 Mercurii
1527 3072 1592 3127 et
1637 3067 1847 3128 Lunae
1893 3063 2153 3126 nondum
2200 3060 2431 3124 amoliti
2476 3070 2647 3137 sunt,
2714 3067 2783 3122 ut
2828 3058 3046 3122 melius

325 3157 451 3212 stet
505 3149 931 3232 Alpetragius,
999 3152 1098 3232 qui
1153 3171 1335 3215 unum
1391 3161 1626 3216 tantum
1689 3153 1821 3217 Soli
1886 3160 1951 3215 et
1994 3152 2205 3214 Lunae
2260 3150 2606 3230 interponit.
2700 3149 2785 3211 Et
2838 3155 3045 3210 tamen

325 3239 690 3319 conjecturis
735 3239 1004 3322 physicis
1051 3243 1428 3305 contendunt
1444 3242 1808 3305 Mercurium
1849 3241 2011 3304 infra
2038 3239 2361 3313 Venerem,
2410 3238 2549 3319 quia
2594 3237 2855 3300 motibus
2899 3235 3042 3317 plu-

321 3327 488 3390 ribus
533 3336 846 3391 moveatur
891 3337 1272 3433 motuumque
1317 3330 1708 3392 similitudine
1757 3331 1834 3392 ad
1863 3331 2096 3392 Lunam
2122 3327 2391 3410 proxime
2422 3328 2693 3389 accedat.
2787 3326 3041 3390 Utrum-

323 3435 438 3498 que
496 3435 641 3479 vero
697 3417 808 3480 sub
857 3415 1032 3497 Sole,
1099 3427 1168 3481 ut
1220 3419 1276 3480 is
1339 3419 1538 3500 possit
1591 3437 1726 3480 esse
1793 3417 2029 3480 medius
2086 3424 2151 3479 et
2204 3415 2468 3496 spatium
2524 3415 2681 3477 inter
2727 3413 2935 3476 Solem
2980 3421 3045 3476 et

318 3506 560 3568 Lunam
603 3505 944 3586 impleatur.
1038 3509 1136 3570 Ita
1183 3506 1516 3587 disputatio
1551 3508 1700 3569 haec
1732 3506 1986 3589 physica
2005 3512 2127 3581 est,
2178 3523 2293 3567 non
2324 3503 2747 3566 astronomica.
2780 3537 2869 3550 --
2916 3499 3039 3565 Sed

322 3594 400 3656 ad
447 3595 672 3658 Ursum
715 3595 916 3656 redeo.

496 3681 583 3744 Et
627 3683 890 3764 loquitur
934 3681 1174 3764 quidem
1219 3683 1415 3746 Ursus
1459 3683 1676 3764 ubique
1721 3683 1841 3760 ita,
1910 3699 1982 3744 ac
2030 3679 2083 3742 si
2128 3677 2497 3761 temporibus
2542 3677 2665 3740 illis
2722 3685 2791 3740 ut
2830 3677 3034 3756 philo-

319 3771 638 3852 sophicae,
703 3770 790 3834 sic
837 3770 1280 3834 astronomicae
1327 3790 1558 3853 quoque
1607 3771 1851 3835 scholae
1902 3770 2185 3844 fuissent,
2255 3767 2665 3847 artificumque
2720 3773 2789 3828 ut
2832 3765 3035 3846 philo-

318 3859 646 3940 sophorum
709 3861 994 3922 continua
1057 3859 1388 3933 successio,
1459 3861 1807 3942 dogmatum
1873 3859 2405 3922 astronomicomm
2466 3857 2563 3919 vel
2611 3855 2883 3917 defensio
2935 3853 3037 3916 vel

315 3949 564 4028 publica
627 3955 690 4010 et
735 3948 1000 4011 solennis
1059 3949 1426 4012 immutatio:
1494 3950 1654 4032 quod
1708 3951 1885 4031 louge
1933 3948 2111 4012 aliter
2164 3966 2231 4010 se
2278 3945 2483 4008 habet.
2578 3943 2835 4025 Semper
2879 3941 3039 4004 enim

316 4038 470 4099 haec
519 4038 758 4099 fortuna
803 4037 918 4100 fuit
962 4038 1386 4114 astronomiae,
1433 4048 1502 4102 ut
1544 4039 1722 4117 pauci
1768 4045 1996 4112 essent,
2045 4035 2143 4117 qui
2192 4055 2335 4098 suas
2380 4034 2441 4096 in
2480 4053 2615 4096 eam
2662 4051 2838 4095 curas
2886 4049 3037 4094 con·-

319 4125 568 4188 ferrent.
660 4125 756 4187 Ac
821 4125 936 4188 etsi
1001 4145 1150 4188 sane
1215 4145 1332 4188 non
1389 4127 1610 4190 desunt
1663 4127 1968 4208 exempla,
2034 4124 2134 4187 ubi
2180 4143 2331 4186 unus
2380 4124 2636 4187 alterum
2698 4119 2931 4183 audivit
2977 4119 3037 4180 in

318 4213 768 4290 astronomicis,
835 4213 1030 4296 magis
1085 4222 1290 4279 tamen
1350 4222 1478 4279 tum
1521 4215 1811 4296 temporis
1869 4214 2167 4295 agebatur
2211 4213 2518 4293 negotium
2573 4209 3039 4274 astronomicum

317 4303 478 4365 intra
522 4303 797 4384 privatos
840 4303 1128 4382 parietes,
1176 4323 1288 4366 nec
1333 4305 1458 4366 ulla
1495 4304 1750 4366 celebris
1779 4311 1845 4366 et
1875 4303 2155 4384 frequens
2184 4299 2559 4364 auditoribus
2590 4299 2799 4362 schola
2828 4304 3035 4360 astro-

259 4413 270 4424 ·
317 4391 556 4455 uomica
611 4411 687 4454 ex
749 4391 1021 4455 historiis
1077 4401 1225 4455 nota
1272 4399 1388 4454 est.
1479 4393 1773 4475 Adeoque
1839 4411 1958 4454 non
2016 4409 2224 4454 omnes
2286 4389 2543 4453 invicem
2590 4385 2923 4450 astronomi
2969 4405 3037 4448 se

316 4481 846 4556 internoscebaut,
916 4480 1190 4562 quamvis
1249 4481 1566 4543 coaetanei
1613 4487 1850 4556 essent,
1918 4487 2027 4542 aut
2087 4479 2272 4542 libros
2321 4477 2581 4558 scriptos
2628 4475 3037 4558 reliquissent,

317 4570 760 4651 typographiae
803 4577 952 4650 puto
998 4570 1259 4633 defectu.
1351 4569 1664 4633 Philolaus
1693 4569 1852 4632 enim
1898 4569 2041 4649 quid
2071 4567 2331 4631 senserit
2358 4585 2543 4646 supra
2568 4565 2816 4641 dictum,
2866 4563 3039 4644 cujus

317 4657 729 4722 astronomica
787 4658 1076 4738 dogmata
1138 4658 1191 4720 si
1255 4655 1514 4721 fuissent
1573 4657 1828 4720 Eudoxo
1894 4676 2068 4740 quem
2130 4657 2389 4718 vivendo
2451 4653 2763 4719 Philolaus
2828 4651 3041 4734 attigit

318 4744 586 4826 cognita,
632 4746 773 4828 quid
819 4765 970 4826 opus
1018 4746 1265 4820 fuisset,
1318 4752 1388 4808 ut
1431 4747 1676 4827 propria
1723 4765 1867 4808 cura
1910 4745 2107 4808 minus
2150 4744 2485 4827 perfectam
2530 4749 3037 4806 commentaretur

317 4835 753 4900 astronomiam
769 4835 800 4896 ?
887 4835 1129 4912 Etenim
1177 4855 1252 4896 ex
1298 4835 1664 4899 Archimede
1710 4842 1980 4909 constat,
2048 4834 2331 4897 definisse
2374 4832 2691 4896 Eudoxum
2740 4831 3019 4894 diametri
