3634 5575
570 385 697 454 182
1590 383 1817 448 Mytterss
1853 383 2256 450 Ooswaphiei

1661 595 1902 695 Caput
1955 593 2203 670 XVII..

1398 752 1607 818 Aliud
1653 754 1733 816 de
1776 753 2103 818 Meroum'o
2149 753 2470 818 monitum.

750 896 910 961 Illud
956 893 1151 974 magis
1199 894 1527 968 mirabere,
1584 913 1716 956 cum
1772 895 2188 976 promiserim,
2255 893 2409 956 velle
2459 914 2553 958 me
2601 897 2955 978 corporibus
3003 898 3152 976 ipsis
3198 895 3303 958 in-

574 988 835 1056 scribere
882 985 1183 1066 planetas,
1233 1001 1336 1045 cur
1380 981 1743 1046 Mercurium
1790 1003 1910 1046 non
1955 983 2241 1049 octaedro
2291 982 2722 1063 inscripserim,
2772 985 2879 1048 sed
2915 1003 3138 1066 passus
3183 984 3310 1048 sim

572 1095 707 1138 eum
752 1076 812 1138 in
862 1073 1083 1137 circulo
1132 1071 1332 1151 aliquo
1381 1071 1543 1134 ultra
1588 1073 1791 1134 orbem
1840 1071 2230 1150 inscriptilem
2279 1071 2356 1132 ad
2407 1071 2684 1151 quadrati
2717 1075 3048 1138 octaedrici
3079 1074 3306 1154 ampli-

574 1165 839 1228 tudinem
886 1160 1239 1240 exspatiari.
1333 1159 1493 1222 Nam
1540 1179 1727 1241 supra
1772 1179 1908 1239 cap.
1967 1157 2044 1222 13
2093 1167 2158 1222 et
2207 1155 2290 1221 14
2345 1177 2454 1238 pro
2502 1157 2632 1222 577
2691 1181 2934 1224 numero
2993 1162 3156 1225 orbis
3201 1164 3308 1224 in-

572 1251 780 1331 scripti
842 1250 1125 1328 usurpavi
1188 1245 1347 1322 707,
1406 1268 1719 1311 numerum
1774 1248 1984 1310 circuli
2029 1247 2304 1327 inscripti
2355 1248 2672 1328 quadrato.
2769 1249 3033 1312 Causam
3080 1250 3306 1312 dicam.

574 1339 856 1411 Primum,
906 1339 1049 1417 quia
1095 1337 1225 1416 ejus
1264 1356 1305 1395 a
1334 1334 1477 1398 Sole
1509 1337 1809 1416 digressio
1848 1336 2086 1414 longior
2129 1336 2368 1398 minime
2413 1337 2542 1414 pati
2585 1339 2789 1416 potuit
2835 1349 2959 1400 tam
3009 1348 3310 1419 augustos
3416 1411 3428 1418 ,

574 1443 881 1497 carcereS,
947 1426 1161 1487 deinde
1222 1425 1363 1504 quia
1428 1433 1492 1486 et
1546 1427 1876 1487 octaedron
1933 1424 2090 1486 inter
2145 1441 2401 1502 corpora
2455 1435 2519 1485 et
2563 1435 2765 1487 motus
2811 1428 3098 1490 Mercurii
3141 1426 3310 1488 iuter

572 1517 855 1597 planetas
900 1515 1207 1593 peculiare
1256 1513 1397 1592 quid
1443 1521 1507 1574 et
1552 1532 1863 1576 commune
1901 1513 2156 1574 invicem
2194 1513 2440 1574 habent.
2515 1513 2674 1575 Nam
2721 1514 2782 1575 in
2830 1517 2962 1576 solo
3010 1515 3308 1577 octaedri)

576 1623 761 1684 super
791 1603 1076 1683 angulum
1106 1610 1307 1662 erecto
1338 1621 1447 1662 usu
1478 1605 1659 1672 venit,
1708 1610 1776 1664 ut
1806 1601 2162 1682 quadratum
2202 1601 2448 1662 directis
2499 1601 2789 1664 lateribus
2835 1605 2994 1666 viam
3039 1603 3308 1684 aliquam

580 1699 881 1756 monstret
928 1687 1203 1770 ampliori
1251 1689 1492 1764 circulo,
1542 1711 1717 1774 quam
1754 1699 1852 1752 est
1897 1689 2064 1752 orbis
2110 1689 2457 1769 inscriptus,
2505 1709 2614 1770 per
2640 1691 2897 1756 medium
2927 1691 3306 1756 transeundi.

574 1779 645 1844 Id
694 1779 851 1860 quod
906 1778 966 1838 in
1033 1778 1194 1840 nullo
1260 1778 1378 1840 alio
1446 1798 1692 1860 corpore
1760 1779 2283 1860 quomodocunque
2339 1779 2543 1841 voluto
2601 1799 2712 1842 usu
2767 1783 2952 1844 venit.
3045 1779 3306 1862 Semper

574 1868 733 1932 enim
778 1875 1137 1930 transversa
1179 1885 1287 1945 per
1333 1865 1593 1932 medium
1640 1875 1705 1930 et
1748 1867 2042 1949 impedita
2085 1867 2370 1930 incedent
2413 1867 2632 1932 latera.

909 1969 1002 2018 ¹⁸11·
1030 1964 1103 2012 π.
1576 1958 1649 2020 In
1694 1957 1809 2020 hoc
1855 1956 2168 2020 schemate
2215 1963 2471 2035 quatuor
2535 1957 2730 2020 lineae
2795 1965 3104 2020 extremae
3159 1966 3308 2020 sunt

1448 2053 1706 2126 quatuor
1765 2043 2300 2124 perpendiculares
2345 2044 2601 2106 totidem
2645 2046 2958 2126 planorum
3013 2045 3076 2106 in
3119 2051 3308 2106 oeta-

1450 2134 1617 2196 edro.
1690 2134 1769 2208 R,
1818 2133 1868 2206 I,
1911 2133 1981 2206 T,
2023 2132 2084 2192 V
2124 2139 2266 2194 sunt
2301 2149 2504 2196 eorum
2547 2134 2860 2212 planorum
2907 2143 3136 2208 centra,
3185 2133 3306 2195 de-

1450 2221 1842 2284 terminantia
1879 2219 2335 2300 amplitudinem
2375 2221 2538 2283 orbis
2573 2221 2870 2302 inscripti,
2919 2223 2996 2284 de
3041 2240 3158 2302 quo
3203 2221 3308 2282 hie

1452 2309 1623 2372 vides
1670 2309 1958 2372 circulum
2003 2309 2346 2372 maximum.
2439 2307 2560 2379 Qui
2607 2311 2768 2373 orbis
2827 2310 2880 2372 si
2925 2309 3309 2390 intelligatur

1406 2399 1615 2491 Svolvi
1663 2416 1843 2477 super
1887 2397 2123 2478 punctis
2173 2399 2250 2459 ad
2287 2397 2380 2472 X,
2429 2397 2509 2468 H,
2559 2398 2708 2461 duos
2757 2400 3007 2477 angulos
3053 2397 3305 2478 figurae,

1452 2488 1717 2568 reperiet
1762 2481 1822 2548 i'n
1869 2487 1920 2548 P
1968 2487 2301 2566 quadrante
2351 2507 2387 2546 a
2439 2488 2596 2567 polis
2653 2486 3037 2550 circumcirca
3083 2487 3306 2567 ampli-

1454 2577 1720 2639 tudinem
1769 2576 2036 2656 aliquam
2098 2575 2426 2654 majorem,
2493 2594 2674 2655 quam
2737 2584 2834 2637 est
2889 2573 2976 2638 01
3037 2575 3138 2638 vel
3193 2573 3308 2637 ΟΡ

1448 2665 1900 2728 semidiameter
1937 2663 2120 2736 orbiS,
2166 2682 2380 2742 nempe
2413 2661 2550 2734 OQ.
2625 2664 2986 2726 Differentia
3032 2663 3160 2744 ejus
3207 2671 3308 2724 est

1448 2751 1579 2825 PQ.
1654 2753 1742 2815 Et
1786 2761 1964 2815 tanta
2011 2760 2108 2813 est
2152 2751 2410 2815 latitudo
2457 2753 2694 2828 circuli,
2747 2754 2844 2835 qui
2889 2754 3052 2817 ultra
3097 2753 3304 2815 orbem

987 2844 1044 2903 Ι
1318 2848 1327 2853 “
1450 2860 1802 2916 excurrens,
1867 2842 2061 2903 instar
2107 2841 2434 2902 horizontis
2481 2843 2736 2923 alicujus
2781 2842 2840 2903 in
2887 2842 3150 2921 sphaera
3195 2861 3316 2905 ar·-

582 2932 841 3004 millari‚
907 2948 1016 3009 per
1078 2930 1341 2991 medium
1404 2931 1677 2993 octaedri
1742 2928 2004 2992 transire
2065 2938 2292 3008 potest.
2387 2927 2447 3000 Q
2493 2931 2652 2992 enim
2697 2938 2764 2994 et
2806 2929 2853 2993 S
2909 2938 3052 2993 suut
3101 2930 3308 2993 media

581 3027 808 3098 puncta
852 3018 1103 3079 duorum
1148 3018 1437 3094 laterum,
1486 3018 1735 3099 proinde
1783 3028 1848 3080 et
1892 3018 2166 3099 proxima
2211 3017 2359 3080 orbi.

765 3104 1079 3177 Quomodo
1128 3107 1183 3168 si
1226 3107 1526 3170 animatus
1572 3108 1813 3189 quidam
1873 3108 2122 3187 planeta
2175 3126 2284 3187 per
2337 3100 2596 3167 medium
2655 3107 3002 3169 octaedrum
3061 3124 3301 3169 currere

573 3195 929 3274 juberetur,
988 3203 1052 3256 et
1106 3196 1358 3275 angulos
1406 3197 1557 3257 duos
1610 3215 1720 3275 pro
1774 3195 1970 3277 poliS,
2034 3194 2490 3275 amplitudinem
2536 3196 2810 3276 inscripti
2854 3215 2965 3277 pro
3011 3195 3304 3257 curriculo

582 3282 947 3347 observare:
1014 3303 1129 3345 non
1179 3284 1377 3345 hercle
1425 3285 1665 3356 mirum,
1727 3284 1781 3345 si
1827 3284 2116 3345 invitatus
2164 3284 2269 3345 illa
2327 3281 2744 3364 amplitudine,
2813 3284 2912 3347 ubi
2967 3284 3166 3345 nullae
3215 3283 3307 3347 illi

580 3382 782 3434 metae
831 3370 1151 3433 obstarent
1192 3391 1299 3452 pei
1344 3381 1537 3435 totum
1577 3372 1886 3447 ambitum,
1935 3372 2312 3433 exorbitaret
2339 3371 2679 3453 aliquando,
2729 3380 2798 3433 ut
2825 3372 3140 3449 Phaethon
3179 3372 3308 3447 ille,

586 3462 912 3540 tantisper,
978 3461 1114 3521 dum
1162 3462 1556 3541 repelleretur
1604 3462 1680 3523 ab
1728 3461 2068 3524 occurrenti
2115 3461 2325 3523 latere.
2419 3458 2598 3531 Quod
2645 3480 2755 3541 per
2788 3462 2996 3540 J'ocum
3043 3461 3194 3536 dixi,
3241 3458 3307 3524 id

582 3549 743 3611 serio
772 3548 965 3628 ⁴ajunt
1011 3550 1273 3611 artifices
1322 3553 1563 3613 evenire
1609 3550 1930 3613 Mercurio.
2025 3547 2178 3611 Cum
2237 3550 2394 3611 enim
2451 3551 2638 3611 ceteri
2693 3568 2900 3613 omnes
2945 3550 3007 3611 in
3053 3549 3309 3629 siugulis

586 3636 1060 3699 revolutionibus
1117 3638 1467 3701 describant
1522 3640 1789 3719 ejusdem
1850 3638 2260 3716 amplitudinis
2325 3638 2581 3699 circulos
2647 3640 2964 3718 (quantum
3023 3638 3182 3701 enim
3229 3638 3310 3699 ab

587 3744 703 3786 una
750 3737 925 3805 parte
976 3727 1311 3801 discedunt,
1360 3738 1595 3789 tantum
1644 3746 1719 3788 ex
1764 3728 1964 3805 altera
2007 3726 2144 3787 viae
2181 3735 2357 3806 parte
2395 3728 2689 3789 accedunt
2725 3728 2802 3788 ad
2833 3726 3090 3803 Solem),
3141 3728 3306 3789 solus

584 3812 919 3875 Mercurius
970 3816 1045 3875 ab
1095 3814 1422 3877 artificibus
1472 3815 1745 3889 obtinuit,
1796 3826 1864 3877 ut
1912 3815 2230 3895 aliquando
2278 3814 2598 3895 majorem,
2651 3817 2971 3897 aliquando
3017 3816 3308 3877 minorem

586 3900 873 3965 circulum
923 3903 1266 3965 describere
1318 3904 1653 3973 diceretur,
1713 3904 1890 3985 idque
1937 3904 2316 3983 privilegium
2361 3922 2586 3965 merum
2633 3903 2905 3966 haberet.
2937 3908 2992 3977 ⁸)
3083 3904 3312 3965 Dicunt

912 4007 1000 4055 Fir·
1030 4002 1098 4047 ²⁶·
1492 3994 1645 4055 enim
1678 3994 1842 4055 illum
1874 3994 2160 4055 accedere
2193 4003 2254 4055 et
2296 3992 2578 4055 recedere
2619 4014 2656 4053 a
2693 4002 2899 4055 centro
2931 3993 3024 4055 sui
3055 3993 3214 4054 orbis
3245 3990 3302 4055 0

1144 4072 1151 4083 ³
1500 4102 1607 4163 per
1654 4082 1871 4143 lineam
1904 4091 2132 4144 rectam
2161 4078 2290 4155 Yz,
2341 4080 2439 4143 ubi
2487 4080 2933 4144 semidiameter
2974 4078 3092 4143 ΟΥ
3127 4082 3306 4161 longe

1154 4099 1195 4263 N
1498 4172 1785 4235 minorem
1826 4170 2106 4235 circulum
2146 4170 2452 4243 describit,
2484 4190 2662 4250 quam
2692 4168 2822 4233 OZ.
2877 4170 3040 4235 Nam
3067 4177 3306 4234 ceteras

624 4306 649 4348 0
1386 4328 1413 4368 z
1498 4260 1967 4338 inaequalitates
1993 4277 2198 4321 omues
2228 4278 2358 4321 cum
2389 4257 2527 4321 aliis
2559 4259 2891 4339 aequaliter
2911 4258 3162 4321 sortitus
3183 4266 3300 4332 est.

1174 4308 1189 4441 J
1500 4348 1838 4427 nullamque
1867 4366 2000 4408 cum
2022 4348 2136 4408 hac
2157 4348 2596 4409 exorbitatione
2622 4346 3030 4449 commutavit.
3069 4347 3306 4409 Etcum

1498 4447 1831 4498 ceterorum
1865 4444 2306 4497 eccentrotetes
2335 4454 2562 4513 omues,
2611 4454 2665 4497 si
2713 4453 2830 4497 non
2877 4446 3307 4517 proportiona-

1497 4526 1656 4598 liter,
1680 4524 1767 4585 sic
1786 4532 1988 4585 tamen
2011 4525 2380 4599 decrescant,
2405 4533 2472 4587 ut
2491 4524 2736 4587 minoris
2757 4544 2994 4605 semper
3014 4526 3203 4587 minor
3222 4526 3306 4588 sit

582 4619 1043 4683 eccentricitas:
1103 4619 1268 4680 solus
1314 4614 1649 4679 Mercurius
1695 4614 2016 4676 immanem
2063 4613 2269 4687 habet,
2297 4612 2356 4687 b)
2404 4632 2615 4693 nempe
2663 4614 2978 4693 decuplum
3019 4614 3301 4689 Veneris,

581 4726 715 4769 cum
770 4709 887 4788 ipsi
940 4716 1007 4769 ut
1070 4706 1339 4770 inferiori
1394 4705 1587 4767 minus
1653 4703 1838 4765 etiam
1895 4702 2234 4764 deberetur.
2338 4700 2542 4773 Quare
2591 4703 2706 4764 etsi
2754 4702 2918 4764 illam
2964 4702 3302 4785 inaequali-

580 4803 775 4857 tatem
818 4796 1119 4876 privatam
1167 4796 1429 4857 noudum
1484 4810 1617 4853 cum
1682 4790 1798 4852 hac
1854 4792 2058 4854 circuli
2114 4792 2190 4853 ab
2249 4792 2392 4853 orbe
2450 4792 2791 4853 differentia
2835 4792 3301 4866 conciliaverim,

580 4902 693 4947 nec
740 4904 815 4946 ea
860 4884 1123 4947 fortasse
1172 4882 1479 4947 conciliari
1528 4877 1743 4962 possit,
1792 4886 1860 4943 ut
1903 4878 2146 4962 prodita
2191 4886 2290 4943 est
2335 4880 2412 4943 ab
2451 4880 2801 4958 artificibus,
2851 4880 2931 4945 ad
2977 4880 3298 4947 amussim:
