3634 5575
569 371 696 436 170
1595 371 1818 436 Mytterii
1858 369 2259 436 Cosmograpbici

561 537 1022 609 θαφαιρεσως,
1091 537 1372 592 correcta
1435 529 1613 590 modo
1678 529 2003 600 distantia,
2069 528 2415 591 existiment
2482 529 2813 592 astronomi
2876 530 2994 593 sibi
3052 530 3303 593 abunde

565 621 974 683 satisfactum.

743 709 812 771 In
841 707 998 768 Jove
1045 705 1192 768 nihil
1229 704 1368 783 jure
1415 703 1748 766 desiderari
1793 713 2021 785 potest.
2114 705 2274 768 Nam
2320 706 2601 785 exiguam
2632 705 2821 768 habet
2862 707 3295 781 differentiam,

569 806 752 878 atque
797 797 1086 858 minorem
1133 802 1414 855 sextante
1462 793 1708 872 gradus.

741 881 917 956 Quod
984 890 1182 945 autem
1249 881 1430 943 etiam
1487 881 1546 942 in
1595 882 1797 943 Marte
1866 881 2135 942 semissis
2192 882 2416 962 gradus
2479 881 2781 955 abundat,
2846 881 2991 946 nihil
3052 883 3294 959 mirum,

562 994 671 1036 nec
718 993 811 1036 me
861 981 1102 1033 movet:
1153 977 1358 1031 movet
1404 970 1462 1032 id
1509 969 1732 1048 potiuS,
1783 970 2071 1050 majorem
2120 988 2234 1032 non
2283 990 2419 1031 esse
2463 971 2901 1054 diversitatem.
2996 971 3321 1035 Testatur.

565 1062 720 1124 enim
767 1061 824 1122 in
871 1060 1247 1142 praefatione
1294 1058 1711 1138 Ephemeridis
1760 1059 1838 1121 ad
1886 1077 2105 1120 annum
2159 1055 2323 1122 1577
2372 1060 2771 1122 Maestlinus:
2844 1059 3061 1124 sideris
3108 1061 3295 1140 hujus

562 1171 798 1214 errores
843 1171 883 1211 a
927 1149 1158 1210 calculo
1205 1147 1366 1208 intra
1413 1148 1658 1210 duorum
1707 1148 2001 1227 graduum
2049 1147 2367 1227 angustias
2416 1147 2549 1228 cogi
2598 1167 2713 1209 non
2760 1167 2965 1227 posse.

733 1238 874 1299 Jam
931 1237 1006 1299 ad
1066 1235 1379 1297 inferiores
1429 1235 1479 1308 ῼ
1538 1245 1601 1298 et
1645 1239 1689 1312 ζὲ
1756 1236 1914 1316 qnod
1974 1235 2229 1316 attinet,
2296 1236 2412 1298 etsi
2475 1255 2621 1316 prae
2670 1236 3075 1317 superioribus
3122 1256 3291 1300 non-

560 1327 706 1388 nihil
755 1324 1202 1388 commoditatis
1250 1324 1474 1387 habere
1520 1325 1833 1399 videntur,
1891 1333 2217 1403 propterea
2262 1325 2419 1405 quod
2468 1344 2544 1386 ex
2590 1325 2978 1405 elongatione
3020 1327 3297 1388 maxima

563 1415 798 1477 facilius
847 1422 975 1487 est,
1036 1433 1214 1492 quam
1263 1432 1338 1473 ex
1384 1411 1700 1496 ἀκρονυχιᾳ
1746 1413 2199 1486 observatione,
2256 1413 2520 1493 ipsorum
2566 1415 2745 1475 orbes
2792 1413 3082 1490 dimetiri,
3148 1414 3297 1492 ipsa

561 1513 766 1566 tamen
813 1501 1178 1564 observandi
1223 1501 1326 1562 via
1359 1501 1522 1572 ‘mihi
1587 1509 1875 1581 suspecta
1920 1508 2035 1561 est.
2132 1499 2425 1571 Quamvis
2482 1501 2705 1563 rectius
2762 1503 3125 1564 astronomis
3170 1503 3292 1564 hoc

563 1592 1004 1654 aestimandum
1049 1590 1349 1668 relinquo:
1413 1609 1623 1668 nempe
1671 1597 1871 1650 utrum
1918 1609 2031 1650 nou
2079 1590 2140 1651 in
2190 1590 2283 1651 his
2328 1590 2594 1670 planetis
2642 1607 2929 1668 vaporum
2978 1590 3287 1652 densitate

561 1689 625 1742 et
669 1680 922 1762 physica
965 1678 1292 1759 parallaxi,
1343 1697 1516 1758 quam
1565 1695 1674 1738 nec
1723 1677 1831 1740 Sol
1880 1695 1989 1739 nec
2038 1679 2211 1739 Luna
2258 1678 2497 1754 effugit,
2546 1678 2845 1754 interdum
2894 1679 3183 1742 fallantur
3200 1679 3285 1752 ⁸).

563 1767 748 1831 Certe
812 1765 1178 1830 Maestlinus
1231 1765 1291 1827 in
1352 1765 1778 1845 Disputatione
1846 1767 1919 1826 de
1983 1765 2362 1845 EclipsibuS,
2396 1759 2483 1838 ⁸³)
2531 1765 2686 1827 thesi
2744 1765 2850 1830 58.
2914 1768 2987 1828 de
3038 1767 3287 1830 Venere

562 1858 850 1930 affirmat,
903 1856 1059 1936 quod
1106 1874 1219 1916 non
1268 1873 1403 1916 raro
1451 1854 1586 1915 visa
1635 1853 1816 1915 fuerit
1862 1853 1993 1933 ejus
2042 1875 2081 1914 a
2126 1853 2269 1916 Sole
2330 1874 2515 1935 prope
2562 1855 2935 1917 horizontem
2982 1857 3316 1936 distantia·

561 1945 914 2008 notabiliter
958 1943 1150 2006 minor
1197 1961 1361 2005 vera.
1457 1941 1703 2014 Quanto
1733 1942 1929 2022 magis
1976 1943 2037 2004 id
2086 1943 2159 2004 de
2198 1943 2499 2006 Mercurio
2547 1943 2663 2005 dici
2708 1943 2954 2025 poterit,
3004 1945 3104 2026 qui
3150 1943 3285 2008 fere

561 2053 801 2114 semper
847 2033 957 2095 sub
989 2031 1154 2094 Solis
1200 2033 1386 2094 radiis
1435 2040 1559 2107 est,
1611 2041 1676 2092 et
1719 2031 1994 2111 quamvis
2041 2031 2341 2094 interdum
2383 2039 2674 2112 emergat,
2725 2051 3025 2113 nunquam
3072 2041 3289 2095 tamen

559 2124 676 2186 nisi
720 2142 908 2204 prope
955 2121 1326 2184 horizontem
1381 2140 1491 2200 per
1537 2120 1921 2199 interjectam
1966 2121 2417 2183 exhalationum
2464 2122 2697 2199 copiam
2754 2131 2964 2183 nostro
3008 2141 3079 2183 se
3122 2122 3285 2184 visui

555 2219 930 2292 praesentat.
1020 2210 1106 2271 Et
1149 2210 1424 2289 quamvis
1477 2208 1706 2269 Veneri
1753 2208 2122 2287 opitulentur
2166 2209 2321 2270 fixae
2380 2209 2553 2271 simul
2610 2217 2676 2270 et
2736 2227 2921 2288 prope
2970 2227 3281 2288 apparen-

557 2309 656 2362 tes
680 2349 696 2376 ,
744 2299 1080 2361 Mercurius
1133 2306 1343 2358 tamen
1398 2295 1770 2378 Frequentius
1828 2297 1891 2358 in
1938 2296 2117 2376 culpa
2164 2306 2394 2370 manet,
2466 2297 2564 2378 qui
2617 2296 2747 2376 ipse
2812 2316 2949 2360 raro
2996 2298 3285 2374 cernitur,

561 2396 624 2451 et
683 2389 878 2450 rarius
938 2388 1094 2449 fixae
1150 2404 1336 2466 prope
1393 2385 1608 2465 ipsum.
1703 2383 1973 2462 Cumque
2040 2385 2193 2446 haec
2238 2385 2416 2447 hodie
2464 2385 2780 2461 accidant,
2850 2385 3136 2448 credibile
3184 2394 3289 2448 est

564 2484 627 2539 et
673 2475 980 2539 veteribus
1029 2475 1500 2556 quantiscunque
1557 2473 1888 2535 artificibus
1938 2474 2213 2536 accidere
2278 2474 2568 2553 potuisse.
2662 2475 2818 2536 Nam
2865 2476 3019 2555 qnod
3082 2476 3285 2536 lecto-

566 2585 691 2627 rem
740 2565 814 2626 de
863 2585 933 2627 eo
982 2583 1094 2626 non
1143 2569 1407 2637 monent,
1454 2562 1516 2623 id
1561 2562 1755 2641 ipsum
1803 2561 2205 2642 suspicionem
2254 2563 2327 2624 de
2374 2563 2581 2624 horum
2616 2564 2993 2642 planetarum
3040 2563 3283 2624 dimen-

563 2654 830 2716 sionibus
874 2653 1114 2715 vitiosis
1163 2660 1364 2732 auget.
1455 2651 1588 2713 Hoc
1636 2650 1792 2712 enim
1841 2649 2058 2713 indicio
2106 2660 2229 2726 est,
2294 2670 2402 2712 nec
2450 2652 2929 2714 animadversum
2976 2651 3124 2732 ipsis
3174 2673 3289 2712 nec

563 2749 902 2807 correctum
958 2760 1124 2816 esse,
1193 2740 1246 2803 si
1306 2739 1445 2821 quid
1511 2759 1586 2802 ex
1633 2757 1703 2802 eo
1753 2738 1882 2803 vitii
1948 2740 2205 2803 exstitit.
2310 2737 2515 2811 Quare
2579 2742 2638 2805 in
2695 2740 2953 2805 lectione
3009 2747 3285 2805 veterum

565 2832 856 2912 imprimis
903 2830 1298 2911 spectandum
1347 2850 1482 2893 esse
1529 2837 1695 2909 pute,
1743 2836 1943 2891 utrum
1990 2829 2357 2909 singularum
2388 2830 2891 2905 observationum,
2942 2849 3093 2909 quae
3124 2830 3285 2891 alle-

563 2930 802 3001 gantur,
849 2920 1250 2982 instrumenta
1297 2926 1362 2979 et
1407 2918 1568 2979 modi
1614 2917 1751 2979 hnic
1799 2918 1991 2981 errori
2035 2917 2275 2980 obnoxii
2324 2938 2460 2981 esse
2508 2919 2835 2998 potuerint.

739 3008 971 3069 Deinde
1019 3026 1135 3069 non
1183 3006 1401 3085 injuria
1445 3017 1680 3079 metuo,
1743 3016 1812 3067 ut
1858 3008 2048 3067 multa
2096 3008 2290 3069 adhuc
2338 3008 2397 3068 in
2442 3008 2675 3069 ratione
2723 3007 3139 3089 hypothesium
3186 3008 3285 3069 his

563 3094 796 3158 duobus
861 3095 1122 3175 planetis
1186 3094 1402 3156 relicta
1465 3095 1700 3156 incerta
1758 3094 1901 3156 sint.
1996 3094 2371 3174 Cepernicus
2434 3097 2533 3169 (ut
2594 3096 2903 3175 colligitur
2964 3114 3041 3155 ex
3098 3096 3281 3157 modo

561 3184 768 3265 posita
811 3182 1075 3256 Rhetici,
1121 3191 1186 3244 et
1229 3184 1386 3246 infra
1433 3200 1506 3243 ex
1544 3182 1857 3245 Maestlini
1904 3182 2194 3261 epistola)
2238 3184 2375 3262 plus
2422 3184 2757 3246 Ptolemaei
2805 3184 3050 3264 placita,
3102 3202 3283 3263 quam

563 3272 1048 3334 observationum
1105 3272 1532 3334 necessitatem
1590 3280 1833 3332 secutus
1892 3281 1990 3332 est
2050 3272 2107 3332 in
2158 3272 2544 3333 emendandis
2606 3273 2949 3334 inferiorum
3006 3272 3281 3333 theoriis.

566 3360 705 3430 Qua
747 3360 806 3422 in
854 3380 918 3423 re
967 3380 1082 3441 qno
1129 3360 1322 3421 minus
1369 3359 1726 3438 reprehendi
1769 3367 2000 3439 posset,
2050 3356 2345 3421 Rheticus
2391 3361 2450 3421 in
2501 3381 2613 3422 sua
2660 3361 3000 3422 narratione
3048 3361 3281 3422 effecit:

563 3450 664 3511 ubi
727 3455 957 3524 monet,
1027 3448 1483 3529 religiosissime
1546 3456 1814 3509 veterum
1880 3448 2161 3527 vestigiis
2227 3448 2654 3511 inhaerendum
2718 3468 2827 3510 nec
2896 3449 3071 3510 facile
3140 3448 3285 3527 quid

563 3538 937 3613 mutandum,
1007 3539 1194 3600 donec
1255 3536 1744 3599 observationum
1809 3545 2082 3598 extrema
2134 3537 2473 3599 necessitas
2528 3547 2763 3617 urgeat.
2858 3535 3037 3608 Quod
3092 3537 3285 3615 igitur

561 3626 714 3689 adeo
762 3626 1097 3708 exquisitae
1145 3624 1601 3688 observationes
1650 3624 1857 3685 haberi
1906 3643 2019 3685 non
2066 3636 2346 3705 possent,
2409 3645 2483 3688 ea
2528 3627 2791 3688 fortasse
2856 3624 3008 3687 satis
3056 3643 3283 3703 magna

562 3734 750 3777 causa
805 3715 919 3777 fuit
962 3714 1176 3776 artifici
1221 3712 1721 3793 prudentissimo,
1788 3720 2031 3792 praeter
2087 3714 2703 3777 accommodationem
2760 3716 2838 3776 ad
2886 3733 2996 3776 sua
3051 3715 3285 3793 placita

563 3804 710 3865 nihil
755 3804 1005 3865 ulterius
1052 3802 1114 3864 in
1159 3804 1438 3883 planetas
1487 3802 1667 3862 hosce
1715 3800 2009 3864 tentandi.

738 3889 917 3962 Quod
973 3892 1158 3970 igitur
1217 3890 1276 3951 in
1334 3891 1574 3951 Venere
1639 3908 1922 3970 magnam
1964 3891 2137 3952 vides
2185 3909 2428 3953 arcuum
2486 3892 2921 3964 diversitatem,
2993 3890 3123 3969 ejus
3190 3890 3285 3951 rei

561 3981 800 4061 eulpam
853 3980 1012 4043 inter
1065 3987 1300 4053 cetera,
1367 3998 1516 4060 quae
1564 3978 1622 4039 in
1669 3996 1889 4057 genere
1935 3979 2257 4059 praemisi,
2318 3981 2503 4059 (quae
2566 3988 2629 4042 te
2685 3981 2873 4060 probe
2938 3979 3283 4041 meminisse

559 4070 807 4145 velim),
867 4068 1052 4131 etiam
1097 4068 1154 4129 in
1212 4068 1360 4129 haec
1415 4068 1591 4128 modo
1649 4068 1921 4146 allegata
1974 4067 2335 4129 offendicula
2390 4070 2623 4143 confer3
2690 4077 2755 4130 et
2808 4068 3287 4147 magnitudinem

563 4158 900 4221 discordiae
950 4156 1419 4237 aequianmitate
1465 4162 1606 4229 tua,
1667 4155 1721 4216 si
1769 4158 1918 4216 bene
1968 4156 2208 4234 singula
2252 4157 2656 4236 perpendisti,
2716 4158 2894 4220 facile
2942 4156 3280 4235 superabis.

561 4244 702 4317 Qua
745 4247 805 4308 in
852 4265 918 4309 re
967 4264 1183 4325 magno
1231 4244 1342 4306 tibi
1391 4244 1610 4307 solatio
1659 4244 1803 4318 erit,
1874 4245 2032 4324 quod
2078 4263 2359 4308 numerus
2412 4243 2863 4324 Copernicanus
2909 4245 3139 4307 medius
3186 4254 3287 4307 est

561 4334 718 4397 inter
763 4355 940 4397 arcus
991 4354 1066 4397 ex
1111 4332 1474 4413 interposita
1529 4342 1592 4395 et
1647 4352 1722 4395 ex
1769 4334 1994 4395 omissa
2040 4333 2215 4395 Luna
2270 4334 2659 4414 prodeuntes.
2750 4335 2911 4397 Nam
2970 4334 3025 4394 si
3078 4334 3284 4396 orbem

561 4443 844 4503 magnum
889 4429 1222 4506 systemate
1269 4422 1477 4483 Lunae
1527 4422 1786 4485 sarcias:
1842 4421 2197 4483 icosaedron
2230 4423 2531 4485 Venerem
2580 4423 2815 4502 longius
2862 4444 2899 4483 a
2946 4421 3135 4485 Terra
3181 4422 3281 4484 di-

557 4520 764 4575 movet
805 4520 988 4592 atque
1037 4510 1406 4591 Copernicus
1453 4511 1752 4591 prodidit:
1805 4510 1898 4572 sin
1946 4518 2191 4571 exemta
2218 4511 2392 4573 Luna
2440 4512 2771 4573 tenuiorem
2810 4512 3042 4573 efficias
3078 4512 3281 4573 orbem

563 4618 874 4680 magnum,
921 4602 1114 4680 figura
1158 4600 1464 4661 Venerem
1510 4599 1748 4663 nimium
1795 4617 1981 4679 prope
2030 4599 2325 4673 admittit,
2372 4601 2797 4680 majoremque,
2858 4619 3032 4679 quam
3081 4608 3179 4661 est
3222 4598 3281 4659 in

563 4687 915 4768 Copernico,
965 4708 1100 4751 esse
1147 4688 1395 4771 patitur.
1491 4686 1695 4759 Quare
1751 4688 1979 4767 aliquid
2028 4688 2223 4750 minus
2268 4689 2444 4751 Luna
2490 4708 2613 4751 rem
2653 4690 2870 4767 juvare
2917 4690 3169 4767 poterit,
3230 4688 3283 4751 si

563 4777 856 4841 tenendus
905 4774 1276 4856 Copernicns
1323 4786 1440 4840 est.
2076 4788 2080 4797 '

737 4866 830 4927 De
875 4866 1173 4929 Mercurio
1217 4885 1362 4929 vero
1411 4874 1646 4929 tantum
1683 4866 1817 4945 jam
1866 4864 2090 4926 dictum
2140 4872 2261 4939 est,
2324 4864 2561 4944 dicique
2608 4864 2869 4946 amplius
2912 4872 3147 4943 potest.
3218 4873 3283 4927 ut
