3634 5575
1479 408 1800 461 rtooeminm.
2920 412 3007 483 55

280 562 610 624 custodire.
705 562 882 634 Quod
933 566 1006 625 de
1055 563 1374 644 Copernici
1423 566 1746 649 hypothesi
1795 568 2039 643 scribis,
2092 570 2248 650 quod
2304 571 2607 635 anomalia
2650 572 2861 637 Lunae
2902 557 3033 641 &cs

283 648 676 711 nihilominus
725 652 950 714 salvari
998 654 1213 731 possit,
1262 672 1337 714 ea
1382 656 1582 717 omnia
1629 654 1962 737 Copernico
2010 659 2163 719 satis
2212 676 2505 740 superque
2562 661 2805 741 provisa
2852 674 3013 738 sunt,

280 756 392 799 nec
441 738 758 821 quisquam
805 750 1282 805 astronomorum
1329 749 1452 818 est,
1516 743 1613 824 qui
1671 764 1785 807 uno
1844 748 2013 826 apice
2070 737 2259 809 novas
2314 748 2427 809 has
2480 749 2851 831 hypotheses
2897 744 3009 815 ve·-

281 826 516 889 teribus
565 837 926 909 postponat:
977 830 1112 891 sola
1160 840 1222 892 et
1269 832 1458 893 omnis
1506 851 1638 894 cum
1686 834 1971 916 physicis,
2022 835 2348 913 theologis,
2398 834 2733 917 Copernico
2768 840 2845 902 lis
2890 849 3009 905 est.

281 912 462 984 Quod
510 924 714 979 autem
759 918 1014 980 necdum
1060 920 1335 999 perfecte
1393 928 1490 983 est
1548 921 1823 983 doctrina
1866 934 2163 997 motuum,
2225 942 2444 987 causae
2502 926 2791 1005 ejusmodi
2848 936 3007 1005 sunt,

281 1020 436 1083 quas
475 1004 532 1065 in
575 1002 909 1085 Copernico
956 1008 1277 1088 corrigere,
1325 1008 1384 1069 in
1434 1010 1683 1089 antiqua
1730 1012 1923 1073 forma
1968 1031 2042 1074 ne
2082 1013 2315 1094 quidem
2347 1013 2639 1092 suspicari
2668 1012 3008 1094 possumusg

461 1094 866 1175 Landspergii
911 1115 1024 1176 ego
1083 1097 1231 1159 nihil
1289 1097 1412 1181 vidi
1468 1107 1711 1177 praeter
1757 1099 2093 1163 doctrinam
2140 1100 2605 1181 triangulorum,
2672 1103 3011 1168 mehercule
3091 1117 3113 1140 ³

277 1200 548 1256 auream,
597 1202 752 1263 quae
797 1202 892 1246 me
939 1186 1255 1264 plurimum
1293 1186 1492 1265 juvat.
1537 1220 1618 1233 —

425 1374 542 1425 Jsm
576 1378 757 1427 transit
789 1378 928 1441 Kep
943 1377 960 1427 l
978 1392 1116 1427 erus
1154 1379 1219 1428 ad
1255 1380 1597 1444 quaestionem
1634 1380 1731 1442 „de
1765 1380 1936 1431 libella
1971 1382 2237 1443 nautica‚“
2278 1398 2456 1448 quam,
2509 1398 2657 1449 quum
2694 1383 2817 1436 nihil
2852 1386 3012 1437 faciat

286 1446 355 1496 sd
391 1459 484 1504 ea,
523 1461 652 1511 quae
687 1449 740 1498 in
780 1447 1110 1507 „Prodromo“
1152 1450 1488 1515 inquiruntur,
1529 1450 1594 1500 ad
1629 1450 1804 1501 librum
1845 1452 1941 1511 „de
1978 1450 2135 1503 Stella
2170 1454 2329 1504 ιιοινο)ι
2368 1455 2678 1507 referendam
2716 1458 3009 1507 censuimus.

258 1516 394 1637 -hHis,
432 1530 562 1638 quiae
597 1520 682 1640 ¹3„
685 1521 966 1583 praemissis
1003 1520 1158 1571 literis
1195 1521 1258 1571 de
1294 1520 1620 1587 Lansbergio,
1648 1520 1882 1573 Rhaetici
1922 1526 2271 1582 „nari-adone·
2312 1524 2519 1591 aliisque
2552 1528 2727 1591 psucis
2762 1527 3009 1588 dicuntur,

317 1602 410 1639 aec
447 1603 478 1638 a
550 1603 611 1638 en
715 1596 846 1640 sunt.
1045 1632 1053 1641 .
2938 1606 2943 1618 “

424 1658 581 1710 Phil.
622 1659 1086 1727 Lansbergius,
1135 1668 1284 1712 natus
1335 1662 1530 1714 Goesae
1568 1677 1616 1713 a.
1657 1660 1826 1721 1561,
1878 1670 2047 1729 pastor
2082 1666 2351 1729 Antverpii
2396 1672 2447 1716 et
2484 1666 2679 1718 Goesae
2726 1682 2817 1733 per
2853 1682 3009 1720 annos

279 1744 430 1795 supra
467 1744 616 1795 quam
652 1734 875 1798 triginta,
909 1740 1130 1782 mortuus
1167 1739 1244 1783 est
1279 1732 1611 1800 Middelbnrgi
1650 1748 1698 1784 a.
1730 1730 1885 1783 1632.
1923 1735 2089 1794 Liber,
2127 1750 2273 1800 quem
2306 1736 2554 1800 Keplerus
2590 1738 2795 1797 laudat,
2831 1740 3012 1804 prodiit

279 1815 412 1852 anno
453 1798 583 1851 1591
609 1838 622 1859 ,
661 1804 951 1867 inscriptus:
1009 1804 1386 1869 Trianguiorum
1425 1805 1740 1856 Geometriae
1777 1806 1888 1855 libri
1922 1806 2013 1855 IV.
2092 1806 2235 1867 Quae
2270 1806 2561 1857 Herwsrtus
2609 1809 2671 1860 de
2714 1808 3010 1877 Lansbergil

278 1886 414 1922 nova
445 1871 710 1939 hypothesi
747 1878 1080 1925 astronomica.
1113 1876 1235 1925 dicit
1273 1873 1340 1938 (v.
1377 1891 1430 1940 p.
1471 1872 1574 1939 61)
1623 1878 1762 1927 sams
1809 1878 2089 1942 percepisse
2140 1876 2335 1927 videtur
2382 1876 2633 1944 literisque
2670 1880 2873 1931 edoctus
2908 1892 3011 1933 non

278 1943 345 1993 ab
381 1944 487 2008 ipso
525 1942 848 2011 Lansbergio,
889 1943 1055 2009 (cujus
1091 1948 1230 1996 nulla
1265 1954 1404 1998 extat
1441 1947 1652 2011 epistola
1689 1947 1754 1997 sd
1789 1946 2105 1998 Herwartum
2138 1950 2191 1998 in
2240 1948 2532 1999 collectione
2566 1953 3010 2015 manuscriptorum

274 2014 541 2075 Herwarti‚
567 2030 714 2080 quam
740 2018 1036 2079 inspeximus
1061 2018 1110 2066 in
1135 2017 1435 2069 bibliotheca
1479 2020 1812 2069 universitatis
1838 2016 2173 2077 Monacensis,
2216 2018 2485 2069 liberaliter
2520 2022 2827 2072 concedente
2850 2023 3007 2087 primo

282 2085 611 2137 bibliothecae
647 2088 924 2151 inspectore
962 2086 1028 2137 D.
1069 2087 1422 2151 Schafhseutl)
1439 2124 1452 2147 ,
1507 2089 1598 2140 sed
1633 2090 1697 2140 ab
1737 2091 1847 2140 aliis
1863 2125 1878 2148 ,
1916 2092 1999 2157 qui
2034 2092 2217 2155 passim
2254 2088 2515 2139 Herwarto
2550 2093 2841 2154 retulerunt,
2881 2106 3010 2158 quae

281 2170 414 2205 nova
465 2158 584 2221 ipsis
631 2158 955 2208 innotuerunt
1003 2161 1056 2209 in
1111 2174 1301 2224 quoque
1351 2160 1604 2211 literarum
1658 2174 1860 2226 genere.
1934 2160 1993 2211 In
2041 2162 2175 2211 libris
2222 2161 2561 2211 astronomicis
2578 2196 2593 2219 ,
2644 2178 2765 2228 quos
2800 2162 3011 2228 posthae

280 2227 464 2291 publici
507 2230 633 2291 juris
685 2230 807 2280 iecit
840 2229 1178 2296 Lansbergius
1229 2228 1446 2295 (primus
1483 2232 1696 2283 occurrit
1733 2244 1865 2281 anno
1902 2232 2099 2282 demum
2140 2228 2308 2287 1628,
2343 2232 2641 2295 inscriptus:
2677 2232 3008 2300 Progymnas-

278 2304 473 2348 matum
509 2301 856 2351 Astronomiae
905 2304 1167 2353 restitutae
1201 2301 1325 2352 liber
1360 2302 1400 2351 1.
1473 2300 1554 2353 De
1602 2294 1742 2354 niotu
1777 2299 1930 2364 Solis)
1952 2338 1967 2361 ,
2020 2302 2143 2353 nihil
2190 2302 2597 2367 deprehendimus
2642 2304 2705 2356 de
2748 2304 2879 2355 iales
2922 2304 3013 2357 illu

274 2367 570 2433 hypothesi,
610 2386 760 2435 qnam
797 2371 966 2423 tribuit
1000 2374 1092 2437 ipsi
1127 2370 1445 2431 Hervartus,
1497 2388 1616 2425 nam
1666 2374 1718 2423 in
1771 2372 1867 2423 hoc
1910 2375 2017 2437 ipso
2038 2409 2054 2431 ,
2092 2388 2236 2440 quem
2273 2373 2417 2423 modo
2456 2374 2666 2425 diximus
2700 2375 2822 2425 libro
2838 2411 2854 2434 ,
2909 2389 3011 2425 non

280 2448 504 2500 „motum
543 2440 722 2504 Solis,“
779 2443 830 2493 id
883 2444 1014 2508 quod
1066 2445 1318 2507 inscriptio
1363 2445 1586 2495 indicare
1635 2444 1854 2501 videtur,
1892 2444 2141 2503 defendit,
2192 2444 2280 2495 sed
2330 2443 2516 2494 Terrae
2571 2452 2759 2496 motum
2814 2446 3007 2497 statuit.

278 2512 428 2562 Anno
469 2510 608 2561 1630
641 2514 959 2577 prodierunt:
999 2514 1456 2565 Commentationes
1503 2517 1556 2565 in
1607 2521 1797 2565 motum
1850 2514 2037 2567 Terrae
2091 2518 2318 2567 diurnum
2356 2520 2409 2564 et
2454 2528 2675 2565 annuum
2711 2514 2822 2577 dte..
2876 2530 3011 2566 anno

281 2578 454 2631 1631:
494 2582 873 2635 Uranometriae
908 2586 1018 2635 libri
1053 2593 1182 2647 tres,
1223 2592 1274 2635 et
1310 2598 1444 2637 anno
1483 2582 1622 2635 1632
1641 2622 1655 2647 ,
1695 2586 1830 2636 brevi
1866 2592 1987 2637 ante
2022 2594 2233 2639 mortem
2270 2588 2491 2636 autoris:
2526 2586 2751 2638 Tabulse
2787 2592 3011 2637 motuum

279 2653 569 2703 coelestium
630 2664 902 2720 perpetuae
923 2692 938 2714 ,
993 2672 1118 2722 quas
1172 2659 1344 2722 paucis
1399 2658 1700 2723 attingemus
1753 2659 1804 2707 in
1861 2662 2033 2708 annot.
2086 2659 2154 2710 sd
2206 2658 2383 2709 librum
2434 2656 2677 2721 Kepleri:
2731 2656 2813 2709 De
2864 2656 3011 2709 Motu

285 2722 475 2775 Stellae
512 2724 707 2784 Martis,
744 2728 832 2777 ubi
869 2730 1050 2793 repetit
1083 2728 1330 2794 Keplerus
1365 2728 1540 2779 laudes
1576 2728 1886 2795 Lambergii.
1964 2725 1972 2732 ’

421 2796 456 2846 J
465 2797 553 2847 oh.
593 2801 730 2848 Ant.
769 2799 1064 2866 Maginus
1117 2797 1250 2862 (nst.
1284 2800 1486 2850 Patavii
1523 2797 1662 2850 1556
1686 2837 1700 2860 ‚
1737 2801 1983 2864 professor
2016 2799 2299 2851 matheseos
2334 2797 2626 2859 Bononiae,
2678 2813 2801 2850 mor.
2842 2795 3005 2861 1617)

277 2867 436 2917 edidit
470 2882 517 2918 a.
560 2865 700 2917 1589
749 2869 947 2930 „Novas
997 2871 1284 2922 coelestium
1333 2873 1520 2922 orbium
1575 2869 1847 2921 Theoricss
1881 2871 2207 2922 Planetarum
2226 2905 2240 2928 ,
2294 2875 2621 2935 congruentes
2676 2883 2789 2920 oum
2840 2870 3005 2929 obser·

274 2939 554 2989 rationibus
595 2938 904 3005 Qopernici‚“
943 2943 994 2992 in
1031 2944 1206 3019 quibus
1259 2941 1517 3007 Copernici
1571 2943 1768 3006 quidem
1803 2942 1983 2992 laudat
2015 2944 2279 2999 intentum,
2315 2953 2478 3004 neque
2512 2951 2627 2990 vero
2664 2941 2841 3005 probet
2874 2941 3005 2991 iliius

273 3009 448 3060 mundi
484 3013 730 3062 rationem
744 3048 758 3073 ‚
810 3019 1094 3078 motumque
1131 3013 1316 3064 Terrae
1353 3015 1494 3079 qussi
1533 3013 1863 3072 „absurduffl
1900 3015 2063 3076 rejicit
2076 3048 2091 3070 ,
2131 3019 2208 3070 et,
2258 3011 2489 3060 assumtis
2526 3010 2873 3076 multiplicibus
2900 3013 3003 3062 cir·

256 3081 400 3132 ‘culis
455 3083 800 3140 „excentribus
861 3090 911 3134 et
987 3084 1251 3148 epicyclis“
1301 3085 1551 3136 vindicare
1602 3091 1810 3134 conatur
1856 3083 2251 3134 immobilitatem
2308 3081 2491 3132 Terrae
2556 3085 3005 3147 astronomiamque

278 3153 546 3203 emendare
583 3155 752 3204 ascitis
791 3153 1050 3220 Copernici
1084 3155 1282 3220 reliquis
1318 3156 1758 3206 emendationibus.
1818 3153 1965 3203 Haec
2000 3153 2109 3202 sine
2144 3151 2291 3202 dubio
2328 3157 2523 3216 spectat
2546 3151 2792 3217 Keplerus
2826 3154 3003 3212 verbis.

277 3237 408 3288 quae
444 3237 594 3288 supra
628 3227 964 3289 proposuimus
977 3261 992 3284 ,
1029 3241 1124 3278 nee
1159 3241 1260 3276 non
1294 3228 1346 3274 in
1380 3227 1536 3276 literis
1573 3225 1895 3274 excusatoriis
1932 3236 2063 3272 anno
2103 3219 2239 3272 1599
2276 3223 2343 3273 ad
2378 3221 2663 3286 Tychonem
2700 3224 2847 3286 datis,
2881 3237 3005 3290 ques

277 3293 557 3344 addidimus
595 3297 828 3358 opusculo
869 3296 1092 3355 „Contra
1125 3296 1334 3348 Ursnm“
1375 3296 1584 3358 scripto,
1639 3295 1724 3344 ubi
1761 3295 1915 3344 etiam
1958 3307 2125 3359 pauca
2160 3293 2223 3344 de
2256 3291 2563 3344 Roesiino
2600 3295 2837 3354 diximus.
2874 3308 3005 3361 quse

279 3365 347 3414 sd
384 3365 728 3418 illustrandam
764 3367 970 3433 Kepleri
1005 3367 1308 3418 sententiam
1341 3366 1628 3416 necessaria
1661 3366 1769 3416 visa
1803 3371 1935 3414 sunt.

421 3437 482 3487 In
531 3438 706 3488 iisdem
759 3453 882 3504 quas
939 3439 1148 3487 diximus
1183 3436 1338 3486 literis
1373 3437 1439 3486 sd
1475 3435 1762 3498 Tychonem
1799 3437 1931 3486 datis
1965 3437 2213 3501 Keplerus
2249 3449 2342 3497 ea,
2382 3449 2512 3500 quae
2548 3436 2613 3487 de
2662 3438 3001 3488 observatione

277 3507 456 3558 stellae
503 3508 684 3572 poisris
735 3523 888 3572 supra
933 3509 1053 3560 dicit
1067 3544 1082 3568 ‚
1135 3509 1346 3557 movisse
1399 3507 1592 3557 videtur
1641 3504 1766 3568 (non
1812 3508 2042 3572 integ-rae
2092 3522 2145 3557 n.
2200 3512 2463 3571 supersunt
2506 3507 2621 3558 illae
2676 3509 2853 3559 literae
2872 3543 2887 3566 ,
2940 3521 3005 3557 es

275 3585 476 3630 tantum
505 3579 704 3629 illarum
733 3586 879 3644 parte
913 3585 1166 3642 restante,
1200 3580 1252 3628 in
1289 3592 1390 3642 qus
1423 3579 1486 3628 de
1522 3577 1648 3628 Urso
1684 3575 1844 3644 ugit),
1894 3593 2007 3628 cum
2052 3578 2223 3640 Tycho
2258 3579 2311 3628 in
2348 3577 2558 3643 epistola
2601 3593 2751 3644 quam
2798 3575 2870 3644 (p.
2908 3575 3003 3640 47)

275 3652 636 3715 praemisimus,
675 3651 737 3700 de
774 3649 950 3700 eadem
987 3656 1110 3716 agat
1145 3651 1500 3700 observatione.

420 3719 499 3770 De
537 3721 842 3772 Rhaetici
883 3721 1230 3780 „narratione“
1271 3734 1421 3784 supra
1457 3721 1680 3778 diximus,
1715 3735 1812 3770 nec
1848 3735 1952 3770 non
1988 3733 2075 3770 cnr
2107 3719 2244 3770 illam
2278 3719 2395 3770 huic
2428 3718 2552 3770 libro
2588 3734 2691 3770 non
2724 3719 3005 3772 addendam

277 3793 612 3842 censuerimus
650 3789 721 3854 (v.
755 3809 804 3856 p.
844 3789 894 3840 8.
937 3789 1048 3854 25).
1121 3791 1292 3842 Verba
1325 3791 1560 3842 Rhaetici
1581 3826 1595 3849 ,
1634 3805 1761 3856 quae
1797 3797 1999 3855 spectat
2032 3791 2296 3855 Keplerus,
2332 3789 2461 3842 haec
2496 3797 2645 3842 sunt:

423 3863 596 3921 „Intra
633 3875 904 3914 concavam
939 3862 1249 3928 superficiem
1283 3863 1412 3913 orbis
1447 3861 1626 3913 Martis
1664 3867 1715 3912 et
1751 3875 2024 3912 convexam
2060 3861 2269 3914 Veneris
2306 3875 2418 3911 cum
2454 3863 2577 3912 satis
2604 3861 2821 3925 implum
2856 3861 3001 3911 relic·

277 3941 382 3984 tum
419 3936 486 3984 sit
519 3936 736 3999 spatium
749 3971 764 3993 ,
801 3934 1004 4000 globum
1039 3934 1250 3986 Telluris
1287 3949 1400 3984 cum
1435 3933 1782 3997 adjacentibus
1817 3934 2076 3984 elementis
2090 3969 2105 3992 ,
2164 3933 2280 3983 orbe
2324 3932 2515 3984 Lunari
2550 3933 2932 3989 circumdatum,
2971 3945 3006 3982 a

275 4005 465 4071 Magno
503 4006 716 4071 quodam
755 4004 902 4063 Orbe,
937 4006 1074 4056 intra
1107 4019 1162 4055 se
1197 4003 1434 4056 Mercurii
1469 4011 1520 4055 et
1555 4005 1768 4055 Veneris
1801 4005 1969 4062 orbes,
2008 4005 2129 4054 item
2166 4002 2331 4054 Solem
2366 4003 2755 4068 complectente,
2794 4005 3000 4053 circum·-

275 4077 406 4133 ferri‚
445 4082 503 4127 ut
537 4093 637 4127 non
675 4077 819 4126 aliter
853 4090 916 4126 ac
951 4090 1057 4127 una
1091 4091 1152 4127 ex
1187 4075 1340 4126 stellis
1375 4078 1506 4126 inter
1541 4076 1788 4140 planetas,
1826 4090 1941 4127 suos
1976 4081 2139 4126 motus
2172 4073 2411 4126 habeat.“

419 4147 512 4197 His
549 4149 690 4198 addit
721 4147 1139 4198 Maestlinus:
1181 4146 1358 4207 „Hunc
1394 4147 1714 4212 sphaerarum
1748 4147 1921 4198 mundi
1956 4147 2174 4198 ordinem
2212 4152 2266 4196 et
2302 4146 2669 4211 dispositionem
2702 4159 2801 4195 non
2837 4158 2872 4194 s
2908 4143 3003 4194 Co·-

275 4219 478 4283 pernico
512 4222 722 4282 primum
759 4220 1094 4284 excogitatam
1107 4227 1148 4277 ‚'
1169 4219 1258 4269 sed
1303 4219 1368 4268 ab
1423 4220 1638 4284 antiquis
1690 4217 1987 4283 philosophis
2042 4218 2283 4268 traditam
2318 4231 2454 4275 esse,
2500 4218 2643 4268 testis
2674 4222 2757 4266 est
2794 4215 3002 4266 Archi·

277 4289 484 4340 medes
517 4291 682 4341 libello
721 4290 784 4341 de
821 4303 1006 4340 uenae
1041 4304 1260 4350 numero,
1299 4305 1394 4356 quo
1442 4291 1502 4340 de
1538 4289 1917 4340 Aristarcho
1950 4290 2023 4340 sio
2058 4289 2255 4340 scribit:
2296 4288 2491 4348 ...haec
2526 4289 2580 4337 in
2614 4289 2709 4345 iis,
2760 4301 2889 4352 quse
2940 4287 3003 4338 ab

277 4361 538 4426 astrologis
575 4359 662 4423 (de
696 4362 897 4412 usitatis
931 4360 1299 4426 hypothesibus,
1337 4362 1510 4426 quibus
1529 4361 1686 4412 Terra
1719 4361 1889 4412 mundi
1916 4367 2139 4412 centrum
2174 4356 2395 4424 ponitur)
2432 4361 2619 4424 scripta
2654 4365 2797 4416 sunt.
2834 4357 3001 4408 redar-
3058 4371 3064 4376 ·

280 4446 440 4496 guens
478 4433 794 4482 Aristarchus
831 4431 1028 4482 Samius
1043 4469 1058 4491 ,
1109 4434 1375 4496 positiones
1426 4433 1666 4498 quasdam
1704 4432 1859 4482 edidit
1877 4467 1892 4490 ,
1948 4447 2013 4482 ex
2060 4433 2233 4497 quibus
2280 4432 2529 4496 sequitur,
2580 4429 2815 4479 mundum
2860 4429 3005 4480 modo

275 4503 398 4553 dicti
447 4504 616 4555 mundi
666 4504 988 4568 multiplicem
1039 4518 1164 4555 esse.
1237 4503 1387 4556 Ponit
1437 4506 1570 4554 enim
1623 4503 1795 4553 stellas
1849 4505 2129 4553 inerrantes
2177 4511 2327 4566 atque
2375 4501 2539 4552 Solem
2584 4499 2856 4550 immobiles
2891 4513 3002 4564 per·

273 4585 517 4625 manere:
555 4575 762 4626 Terram
796 4590 924 4626 vero·
961 4575 1260 4626 circumferri
1297 4577 1432 4626 circa
1479 4573 1672 4631 Solem,
1724 4573 1999 4626 secundum
2048 4575 2494 4624 circumferentiam
2542 4571 2709 4622 circuli
2728 4607 2743 4630 ‚
2796 4573 2879 4636 qui
2924 4577 3007 4621 est

279 4648 332 4694 in
367 4646 530 4698 medio
568 4661 738 4698 cursus
775 4648 1089 4698 constitutus.
1165 4645 1440 4711 Sphaeram
1487 4652 1658 4695 autem
1699 4646 2027 4696 inerrantium
2074 4645 2330 4696 stellarum
2350 4679 2365 4702 ,
2416 4644 2552 4694 circa
2598 4642 2731 4693 idem
2780 4649 3005 4694 centrum

277 4731 392 4766 cum
442 4717 559 4769 Sole
599 4720 748 4768 sitam
771 4753 784 4780 ,
823 4724 1002 4769 tantae
1039 4732 1148 4770 esse
1184 4717 1540 4783 magnitudinis
1560 4751 1574 4774 ‚
1613 4722 1672 4766 ut
1705 4716 1919 4779 circulus
1939 4751 1953 4773 ‚
2007 4717 2061 4766 in
2113 4730 2209 4782 quo
2261 4716 2404 4780 ponit
2438 4714 2643 4765 Terrsm
2688 4713 3003 4770 circumferri,

283 4803 398 4840 eum
432 4789 622 4839 habeat
655 4789 1020 4854 proportionem
1056 4789 1121 4838 sd
1157 4789 1446 4839 distantiam
1479 4788 1734 4838 stellarum
1767 4788 2109 4844 inerrantium,
2146 4801 2295 4852 quam
2330 4792 2555 4837 centrum
2578 4783 2823 4849 sphaerae
2852 4783 3007 4834 habet

277 4859 348 4911 ad
384 4863 492 4924 ejus
531 4859 908 4925 superficiem““
949 4857 1026 4922 (id
1059 4865 1154 4918 est.
1192 4873 1322 4924 quae
1357 4873 1670 4926 nequaquam
1705 4860 1772 4908 sit
1806 4853 2091 4918 sensibilis).

423 4931 672 4983 Floruisse
727 4937 904 4984 autem·
951 4931 1293 4984 &marchum
1347 4947 1394 4984 c·
1449 4945 1636 4983 sunum
1671 4926 1760 4982 44.
1793 4937 1909 4996 post
1940 4935 2151 4981 mortem
2186 4927 2457 4980 Alexandri
2491 4925 2591 4986 M„
2626 4925 2677 4978 h.
2716 4941 2761 4978 e.
2800 4941 2844 4977 c.
2884 4921 3004 4974 28⁰.

387 5027 565 5080 Συριστί
593 5027 732 5078 Opera
761 5026 796 5070 1.
809 5087 817 5092 ·
2548 5015 2579 5070 ὗ
