3634 5575
562 357 690 427 152

750 3273 926 3346 Quod
975 3278 1029 3339 si
1075 3277 1375 3339 crassitiei
1434 3274 1598 3338 orbis
1644 3275 1892 3337 Terreni
1954 3282 2350 3338 accenseatur
2405 3284 2675 3357 systema
2720 3274 2991 3349 Lunare,
3053 3292 3196 3352 ergo
3243 3274 3297 3336 si

568 3366 694 3427 ima
757 3366 1104 3444 superficies
1170 3366 1333 3428 orbis
1380 3364 1627 3426 Terreni
1674 3371 1740 3425 et
1784 3365 2022 3426 Lunam
2079 3365 2590 3444 comprehendens
2648 3371 2744 3425 est
2796 3360 2994 3439 1000,“
3051 3366 3300 3425 'summa

571 3453 833 3515 Veneris
866 3460 961 3515 est
988 3454 1045 3516 in
1080 3453 1413 3534 Copernico
1442 3430 1595 3517 047.
1660 3451 1746 3514 Et
1774 3452 2024 3516 Terreni
2072 3454 2234 3515 orbis
2267 3474 2398 3515 cum
2429 3454 2604 3515 Luna
2649 3471 2912 3515 summus
2961 3471 3170 3531 margo
3201 3458 3302 3513 est.

574 3537 738 3605 801:
789 3542 841 3604 si
888 3550 941 3613 d
984 3543 1105 3605 ima
1150 3542 1338 3605 habet
1392 3538 1579 3605 1000.
1656 3540 1780 3603 Hic·
1818 3542 2000 3603 velim
2043 3550 2106 3603 te
2153 3542 2484 3604 identidem
2530 3543 2830 3622 respicere
2879 3541 2956 3603 ad
3003 3540 3300 3602 tabellam

562 3624 713 3693 'huic
742 3629 896 3692 libro
925 3631 1347 3711 praemissam,
1378 3649 1592 3709 nempe
1623 3631 1698 3691 ad
1730 3630 1909 3709 hujus
1937 3630 2416 3710 interpositionis
2457 3632 2924 3710 qualemcunque
2953 3628 3296 3709 imaginem.

753 3717 845 3780 En
914 3739 1194 3782 numeros
1239 3718 1567 3799 parallelos
1635 3718 1999 3798 propinquos
2047 3718 2395 3793 invicem,⁰)
2459 3727 2519 3781 et
2565 3718 2786 3782 Martis
2832 3718 3068 3798 quidem
3119 3726 3300 3797 atque

574 3807 838 3869 Veneris
888 3808 1153 3869 eosdem.
1248 3807 1508 3869 Telluris
1554 3824 1697 3868 vero
1746 3814 1811 3869 et
1847 3806 2128 3869 Mercurii
2175 3828 2290 3869 non
2340 3808 2656 3871 admodum
2688 3806 3063 3889 diversum-¹>
3111 3806 3300 3869 solius

576 3894 752 3957 Jovis
798 3894 1112 3958 immodice
1162 3896 1598 3975 discrepantes,
1648 3894 1755 3956 sed
1804 3894 1960 3975 quod
2007 3896 2066 3957 iu
2118 3904 2295 3959 tanta
2324 3896 2614 3958 distantia
2660 3915 2835 3958 nemo
2866 3896 3132 3958 miretur.
3215 3894 3304 3957 Et

576 3983 636 4045 in
684 3984 888 4046 Marte
936 3985 1175 4064 quidem
1223 3992 1403 4065 atque
1451 3984 1715 4052 Venere,
1766 3981 1978 4046 vicinis
2027 3986 2153 4047 orbi
2193 3986 2481 4060 Telluris,
2530 3986 2702 4047 vides
2749 3992 3040 4065 quantam
3075 3984 3305 4046 efficiat

580 4072 996 4135 diversitatem
1048 4073 1347 4135 orbiculus
1402 4074 1611 4135 Lunae
1661 4073 2002 4135 accensitus
2049 4074 2348 4136 crassitiei
2397 4074 2558 4136 orbis
2607 4074 2888 4136 Terreni:
2939 4074 3038 4156 qui
3097 4080 3300 4135 tamen

582 4160 887 4224 orbiculus
933 4162 1035 4224 vix
1085 4158 1123 4225 3
1172 4163 1456 4242 scrupula
1502 4171 1744 4243 aequat,
1796 4160 2060 4243 qualium
2109 4161 2270 4225 orbis
2318 4162 2540 4225 Terrae
2587 4164 2774 4225 habet
2819 4158 2926 4227 60.
2954 4164 3010 4236 ⁶)
3160 4160 3172 4171 '

762 4250 937 4313 Unde
1004 4252 1287 4329 colligere
1351 4260 1557 4335 potes,
1629 4271 1804 4331 quam
1863 4250 2040 4313 facile
2105 4251 2588 4327 animadversum
2653 4251 2894 4325 fuisset,
2963 4256 3304 4331 quantaque

584 4356 960 4401 numerorum
1010 4340 1322 4401 extitisset
1368 4340 1789 4419 inaequalitas,
1839 4340 1892 4401 si
1941 4339 2092 4401 haec
2139 4346 2352 4401 contra
2380 4340 2530 4402 coeli
2579 4347 2858 4403 naturam
2905 4346 3301 4414 tentarentur,

586 4425 701 4488 hoc
762 4435 889 4500 est,
960 4428 1011 4489 si
1058 4428 1226 4490 Deus
1288 4428 1418 4507 ipse
1481 4430 1540 4489 in
1598 4428 1904 4490 creatione
1961 4446 2076 4489 uon
2137 4430 2211 4489 ad
2270 4428 2382 4490 has
2433 4429 2853 4510 proportiones
2909 4428 3303 4508 respexisset.

586 4512 771 4577 Certe
820 4516 974 4578 enim
1024 4516 1337 4579 fortuitum
1396 4516 1508 4578 hoc
1556 4536 1691 4578 esse
1752 4536 1868 4579 nou
1915 4525 2150 4596 potest,
2219 4524 2287 4578 ut
2331 4525 2460 4578 tam
2514 4517 2880 4598 propinquae
2943 4517 3068 4581 sint
3110 4518 3307 4580 inter-

586 4601 765 4663 vallis
822 4603 989 4667 hisce
1035 4604 1455 4685 proportiones
1503 4624 1852 4685 corporum,
1918 4624 2054 4667 cum
2112 4613 2359 4685 propter
2404 4606 2564 4680 alia,
2633 4614 2758 4668 tum
2805 4606 3098 4680 maxime,
3167 4606 3310 4686 quia

592 4688 748 4752 idem
779 4691 923 4755 ordo
955 4700 1051 4755 est
1077 4694 1547 4766 intervallorum,
1582 4712 1757 4771 quem
1788 4712 1968 4773 supra
1997 4694 2332 4756 rationibus
2365 4694 2607 4773 optimis
2650 4694 2997 4772 corporibus
3029 4694 3304 4773 ascripsi,

589 4776 729 4846 vide
776 4798 907 4860 cap.
958 4778 1017 4845 3.
1112 4782 1271 4845 Nam
1319 4783 1434 4845 etsi
1485 4778 1613 4846 635
1663 4804 1701 4844 a
1746 4780 1878 4847 577
1928 4784 2264 4864 discrepat,
2335 4783 2479 4845 nulli
2527 4790 2726 4848 tamen
2777 4783 3165 4868 propinquior
3209 4793 3310 4846 est

590 4875 771 4948 atque
816 4868 953 4931 huic.
998 4870 1134 4950 ipsi.
