3634 5575
617 274 749 353 664
1644 288 1704 338 In
1742 288 1910 353 opem
1945 289 2262 355 Astrologics
2345 302 2354 309 ·

616 466 762 503 anno
796 446 966 505 1580.
1014 454 1232 503 cometa
1272 448 1529 505 contrarii
1572 454 1749 505 motus
1792 450 2020 505 obortus
2077 454 2182 507 fine
2223 470 2360 508 suae
2403 450 2714 509 durationis
2763 466 3000 505 cursum
3041 452 3339 515 mutaverit,

616 548 689 583 ex
731 529 1058 601 retrogrado
1102 528 1279 583 factus
1323 529 1579 583 directus.
1642 528 1824 602 Igitur
1863 547 1951 583 res
1995 530 2122 585 illas
2170 534 2242 587 ab
2287 548 2430 589 anno
2477 532 2646 589 1580.
2695 530 2999 586 recisurus
3046 529 3102 583 iu
3145 538 3342 585 contra·

613 608 769 673 rium,
814 609 1028 679 quando
1061 607 1182 678 ,iam
1222 608 1553 679 expiratura
1594 608 1704 663 sint
1734 616 1980 665 cometae
2023 611 2340 683 significata
2406 614 2550 680 (esto
2593 617 2654 667 ut
2689 612 2810 666 hoc
2857 610 2937 663 sit
2985 606 3342 691 anno51604).

616 688 851 743 alteram
892 705 1105 759 quoque
1148 688 1509 742 mutationem
1551 696 1900 759 experturae,
1945 706 2265 763 rursumque
2309 693 2550 749 futurum
2581 692 2648 757 id,
2701 693 2860 763 quod
2895 692 2971 744 ab
3011 706 3157 743 anno
3190 690 3340 747 1556.

616 774 895 839 coeperat.

792 847 947 903 Nihil
988 846 1165 901 dicam
1206 849 1272 901 de
1314 865 1416 911 eo,
1462 850 1603 917 quod
1646 854 1894 903 cometae
1936 856 2146 913 motus,
2191 850 2286 921 qui
2329 865 2473 907 anno
2523 854 2693 910 1580.
2743 851 2950 915 fulsit,
3011 869 3074 905 se
3117 848 3234 919 ipso
3271 868 3344 904 re·

618 930 915 1001 trogradus
956 944 1065 981 non
1106 926 1291 991 fuerit,
1336 929 1431 981 sed
1474 927 1940 998 simplicissimus.-
1983 929 2133 983 linea
2174 928 2539 1001 trajector-ia(
2571 949 2724 1005 quae
2771 933 2936 985 solet
2977 947 3108 984 esse
3149 946 3344 998 parum·

617 1026 720 1077 per
760 1013 996 1063 arcuata
1026 1046 1039 1060 .
1074 1046 1087 1060 .
1120 1046 1133 1060 .
1165 1007 1370 1061 Terrae
1413 1007 1603 1077 itaque
1644 1015 1824 1063 motus
1867 1008 1948 1061 illi
1989 1008 2308 1065 conciliavit
2345 1012 2492 1067 hanc
2533 1013 2784 1083 speciem
2827 1010 3341 1081 retrogradationis.

796 1088 1003 1141 Verum
1046 1086 1183 1141 istas
1227 1086 1483 1158 argutias
1524 1104 1633 1142 non
1676 1087 1789 1142 fert
1827 1088 1970 1143 haec
2028 1090 2296 1146 mantice:
2357 1100 2418 1145 et
2475 1094 2604 1165 quid
2663 1091 2870 1146 verbis
2935 1106 3086 1159 opus
3105 1094 3129 1141 ἲ
3195 1089 3340 1152 Vicit,

616 1167 751 1222 vicit
776 1166 998 1239 inquam
1025 1166 1273 1221 Roeslini
1302 1167 1729 1242 argumentatio,
1762 1184 1868 1237 quo
1897 1168 2076 1238 magis
2105 1169 2256 1223 illam
2285 1171 2466 1225 miror.
2507 1172 2780 1226 Nimirum
2815 1170 2906 1224 uti
2937 1171 3086 1224 haec
3115 1168 3342 1241 prodigis

619 1254 751 1301 sunt
788 1252 957 1302 extra
996 1245 1235 1299 ordinem
1257 1287 1271 1308 ,
1316 1245 1394 1299 sic
1438 1244 1831 1315 interpretibus
1875 1262 2088 1317 quoque
2136 1265 2272 1317 opus
2317 1252 2530 1305 habent
2549 1294 2562 1316 ,
2623 1250 2915 1323 peculiari
2973 1268 3078 1304 nec
3120 1249 3338 1323 omnibus

617 1326 777 1383 obvio
819 1324 1103 1379 utentibus
1146 1324 1435 1388 instinctu;
1482 1342 1582 1379 nec
1625 1324 1791 1379 aliter
1831 1326 2200 1396 explicantur,
2247 1329 2349 1384 nisi
2393 1330 2716 1403 prodigiosa
2765 1329 2980 1385 mentis
3030 1328 3336 1399 agitatione.

620 1407 759 1472 Quid
802 1404 1034 1460 multis?
1104 1404 1401 1459 confundit
1442 1406 1594 1459 Deus
1654 1405 1982 1460 artificiosas
2029 1408 2279 1479 argutias
2323 1427 2537 1476 eorum,
2598 1410 2690 1483 qui
2735 1409 2932 1464 inflati
2976 1407 3210 1465 scientia
3245 1425 3336 1463 rna-

615 1488 825 1559 gistros
867 1501 991 1539 sese
1033 1484 1393 1557 profitentur,
1453 1485 1723 1556 eligitque
1766 1484 1869 1538 sibi
1913 1501 2012 1554 pro
2055 1486 2428 1544 instrumentis
2471 1508 2568 1545 eos
2589 1532 2604 1554 ,
2667 1490 2766 1561 qui
2827 1491 2926 1543 vel
2987 1493 3172 1543 mente
3212 1488 3336 1557 capti

617 1568 709 1621 vel
750 1564 1023 1635 simplices
1066 1568 1198 1619 sunt
1237 1564 1529 1619 manifeste
1574 1563 1838 1634 (plurima
1865 1564 2069 1635 quippe
2099 1568 2362 1623 vaticinia
2389 1572 2463 1624 ab
2491 1570 2814 1639 hujusmodi
2847 1568 3168 1625 hominibus
3195 1567 3334 1623 etiam

618 1651 807 1702 nostro
866 1645 1053 1699 seculo
1105 1638 1463 1713 proveniunt)
1484 1684 1498 1707 .
1560 1644 1649 1697 vel
1709 1644 2032 1699 inconnexis
2093 1648 2240 1703 hisce
2283 1654 2344 1703 et
2383 1666 2565 1705 coram
2607 1652 2868 1705 humana
2911 1648 3138 1703 ratione
3176 1648 3335 1703 suiltis

620 1724 1197 1798 argumentationibus
1240 1722 1534 1795 indulgent
1574 1724 1797 1778 creduli.
1883 1726 2077 1795 Itaque
2119 1727 2226 1781 etsi
2271 1729 2518 1783 Roeslini
2569 1728 3011 1803 argumentatio
3055 1728 3190 1783 nihil
3227 1744 3330 1781 eon·

618 1806 805 1871 cludit,
852 1820 1097 1876 agnosco
1138 1810 1325 1857 tamen
1366 1804 1602 1858 divinam
1646 1804 1926 1883 virgulam
1965 1805 2022 1857 in
2063 1806 2184 1875 ejus
2227 1808 2330 1861 viri
2371 1808 2664 1863 vaticiniis.
2727 1809 2976 1864 Dixeris
3007 1810 3208 1880 glebas
3231 1808 3331 1878 plu·

620 1887 810 1943 rimum
852 1885 1065 1957 quidem
1109 1900 1317 1939 arenae
1358 1883 1704 1939 continentes
1725 1925 1739 1947 ,
1804 1884 2031 1938 confuso
2051 1892 2258 1941 -tamen
2301 1888 2502 1943 alicubi
2547 1906 2701 1944 auro.
2791 1888 2878 1945 Et
2923 1889 3012 1942 ita
3055 1888 3211 1943 moris
3249 1893 3334 1947 est.

620 1968 713 2039 qui
758 1972 894 2021 auro
941 1962 1152 2029 inhiat,
1212 1965 1358 2018 hunc
1404 1964 1602 2035 pigere
1649 1981 1756 2018 non
1804 1964 1971 2017 debet
2019 1968 2332 2035 ege-rendae
2381 1976 2564 2023 terrae
2612 1969 2842 2025 immani
2897 1968 3136 2023 cumulo.
3241 1968 3331 2021 Nee

619 2064 814 2111 moror,
864 2043 1185 2100 Roeslinum
1231 2062 1307 2101 ex
1350 2044 1549 2098 affectu
1601 2061 1814 2114 quoque
1863 2043 2030 2114 loqui,
2073 2053 2137 2101 ut
2173 2064 2291 2101 cum
2331 2065 2476 2103 anno
2512 2048 2680 2105 1596.
2713 2050 2968 2105 nondum
3018 2048 3158 2103 talia
3188 2046 3330 2101 couti·

618 2128 855 2199 gissent,
906 2140 1048 2196 quae
1094 2125 1200 2194 ipsi
1248 2124 1553 2193 placebant
1572 2164 1587 2185 ,
1637 2122 1858 2177 distulit
1900 2126 2374 2194 exspectationem
2423 2138 2482 2183 et
2535 2130 2689 2184 illam
2739 2146 2910 2185 suam
2962 2127 3328 2197 catastrophen

622 2209 681 2263 in
721 2222 923 2275 annum
956 2204 1125 2261 1604.
1210 2203 1343 2259 Dixi
1385 2202 1588 2275 quippe
1628 2209 1886 2257 naturam
1923 2220 2064 2267 eam,
2111 2223 2254 2275 quae
2291 2208 2552 2280 prodigia
2589 2208 2748 2263 nobis
2795 2214 3074 2279 procurat
3109 2223 3324 2277 quaeque

621 2284 831 2342 somnia
869 2282 1131 2348 immittit,
1176 2283 1532 2354 conceptibus
1563 2282 1644 2339 uti
1672 2283 1926 2337 humanis
1959 2282 2212 2354 (quorum
2237 2287 2502 2356 plurimos
2531 2289 2688 2345 nobis
2727 2290 2992 2361 gignunt
3029 2286 3194 2341 etiam
3219 2292 3328 2342 voto

616 2360 839 2434 nostr-a)
886 2366 1007 2419 loco
1055 2364 1357 2427 literarum,
1408 2378 1545 2433 quas
1594 2362 1906 2418 admirabili
1950 2369 2072 2417 arte
2120 2366 2188 2419 ad
2233 2367 2499 2436 placitam
2547 2369 2892 2424 sententiam
2941 2366 3320 2436 exprimendam

622 2446 857 2519 colligat
903 2450 964 2499 et
1008 2450 1319 2514 componat.
2363 2506 2370 2513 .

786 2522 889 2575 His
928 2521 1175 2587 Keplerus
1212 2521 1369 2573 latine
1406 2520 1547 2573 addit
1583 2532 1661 2581 ea,
1710 2533 1840 2585 quae
1877 2518 2140 2571 Roesliuus
2175 2524 2226 2573 iu
2262 2524 2426 2575 libello
2463 2527 2528 2577 de
2562 2540 2696 2577 nova
2731 2516 2890 2577 stella
2925 2524 3204 2590 germanico
3233 2534 3320 2585 pro·

626 2606 725 2655 fert
759 2616 998 2656 sermone.
1052 2601 1271 2653 'Deinde
1306 2602 1498 2667 pergit:
1536 2592 1852 2662 scripserat
1887 2594 2028 2649 haec
2071 2596 2180 2665 Ἃ..
2215 2597 2334 2652 Oct.
2377 2598 2432 2652 in
2461 2600 2702 2665 Alsat-ia‚
2747 2616 2878 2653 cum
2923 2615 3054 2651 ecce
3093 2594 3316 2667 post-ridie

618 2674 799 2748 prima
836 2683 895 2731 et
930 2674 1231 2733 manifesta
1265 2674 1427 2731 initia
1460 2677 1705 2729 motuum
1735 2674 2157 2746 Ungaricorum,
2208 2676 2298 2748 qui
2339 2677 2666 2733 Christianis
2708 2696 2836 2733 cum
2879 2679 3068 2733 Turca
3100 2689 3315 2746 pugnan-

620 2756 770 2812 tibus
812 2756 1083 2814 hactenus
1126 2756 1289 2812 sudes
1332 2760 1463 2810 sunt
1502 2754 1557 2810 in
1600 2754 1789 2809 oculis.
1873 2754 2244 2828 Episcopatus
2289 2759 2504 2830 quidem
2539 2758 2982 2832 Arg-catinensis
3025 2753 3238 2828 negotia
3272 2753 3311 2806 iu

532 2909 539 2916 .
624 2855 990 2910 καταςροφην
1042 2837 1263 2891 interea
1298 2835 1581 2890 desierunt
1626 2835 1894 2890 mitiorem
1943 2835 2173 2906 quidem,
2223 2853 2384 2908 quam
2432 2845 2872 2910 exspectaverat
2918 2837 3192 2892 Roslinus.
3259 2831 3316 2885 Et

620 2933 726 2971 rex
773 2916 1083 2970 Galliarum
1128 2914 1353 2988 ἦρεμειε
1404 2917 1501 2968 sed
1548 2922 1733 2968 tamen
1784 2933 2100 2990 κατεςραφε
2139 2937 2232 2972 και
2273 2937 2374 2986 την
2413 2925 2576 2988 enimv
2617 2939 2710 2974 και
2757 2939 2828 2974 το
2884 2921 3082 2990 δογμα
3127 2933 3210 2970 και
3243 2931 3314 2970 τας

624 2999 853 3053 noum*
888 2995 1173 3057 διανοιαςε
1245 3002 1304 3049 et
1365 2995 1490 3065 quid
1552 2993 1596 3047 si
1662 2994 1833 3063 ipsius
1883 2995 2111 3050 Roslini.
2161 2989 2308 3052 ’Και
2331 3019 2442 3056 των
2458 3019 2568 3072 μεν
2591 3019 2946 3072 sarug-poma,
2973 3014 3085 3052 των
3107 2995 3166 3049 δε
3188 2992 3315 3054 ἔξος-

626 3082 1008 3150 ρακισθεντων
1052 3073 1369 3148 ἀναςροφη.
1453 3075 1541 3129 Ita
1584 3073 1715 3127 nihil
1762 3091 1906 3143 pene
1948 3075 2319 3132 frustraneum
2359 3079 2444 3132 his
2481 3080 2664 3134 verbis
2705 3076 3046 3149 perscripsit
3069 3071 3307 3156 anulinus

628 3159 785 3221 Quae
831 3171 964 3208 vero
1008 3155 1075 3207 de
1106 3153 1457 3226 Belgicarum
1504 3169 1685 3208 rerum
1732 3155 2088 3210 conversione
2133 3163 2262 3210 tunc
2313 3158 2576 3212 inchoata
2611 3175 2736 3212 esse
2777 3157 2944 3222 dixit,
2995 3169 3066 3210 ea
3101 3155 3310 3221 sequent!

628 3254 773 3292 anno
808 3233 977 3290 1605.
1009 3239 1068 3288 et
1112 3234 1217 3289 hoc
1270 3235 1437 3289 1606.
1486 3233 1893 3298 continuarunt,
1928 3235 2192 3304 Hispanis
2236 3239 2308 3290 ab
2353 3237 2611 3293 orientali
2650 3239 2831 3292 latere
2877 3234 3198 3290 munitiones
3230 3227 3311 3281 ali·

630 3324 765 3389 quot
818 3313 1310 3384 intercipientibus.
1406 3315 1469 3368 Iu
1523 3314 1735 3385 Anglia
1789 3331 1919 3369 vero
1939 3354 1952 3376 ,
2013 3331 2238 3384 quorum
2295 3323 2424 3371 tunc
2479 3319 2692 3388 sperari
2749 3319 2839 3372 vel
2903 3313 3072 3369 metui
3123 3313 3310 3381 poterat

628 3415 973 3468 καταςροφη,
1010 3411 1196 3450 eorum
1251 3395 1566 3449 succedenti
1624 3401 1871 3464 tempore
1926 3394 2273 3450 manifestam
2328 3398 2549 3467 experti
2591 3414 2774 3452 sumus
2834 3395 3183 3470 ἀναςροφην.
3243 3387 3310 3440 1¹·ss

628 3479 719 3533 hic
772 3476 911 3531 nihil
968 3477 1037 3529 ad
1094 3479 1298 3540 votum,
1356 3483 1583 3544 praeter
1637 3474 1785 3544 ipsos
1835 3475 1888 3528 in
1935 3491 2142 3544 genere
2191 3483 2368 3531 motus
2413 3477 2592 3548 regni,
2641 3479 2734 3549 qui
2775 3478 3099 3548 plerumque
3143 3481 3307 3536 susque

630 3561 805 3630 deque
854 3557 1088 3610 tendunt
1130 3555 1439 3624 promiscue
1480 3561 1545 3608 ut
1590 3555 1784 3608 fluctus
1833 3551 2044 3608 marini.
2084 3579 2162 3592 —»

799 3652 944 3714 Quae
979 3653 1031 3702 in
1066 3651 1350 3716 praemissis
1385 3650 1621 3700 historica
1656 3649 1822 3714 tangit
1856 3649 2118 3713 Keplerus,
2155 3649 2216 3699 iis
2252 3650 2378 3702 haec
2415 3651 2655 3704 addimus.
2749 3651 3037 3717 Stephanus
3071 3640 3304 3698 Bocskai

624 3722 876 3790 (Botskai)
935 3722 1203 3789 Hungarus
1242 3721 1321 3772 die
1365 3721 1445 3770 14.
1486 3719 1599 3772 Oct.
1644 3715 1797 3786 1604.
1853 3721 2158 3784 imperaturis
2213 3721 2364 3786 copiis
2420 3725 2676 3787 repentino
2728 3725 2920 3789 impetu
2958 3717 3184 3784 oppressis
3221 3725 3300 3760 mo·

619 3805 761 3850 tuum
795 3795 1191 3861 Hungaricorum
1244 3793 1436 3844 initium
1490 3792 1634 3849 fecit,
1690 3791 1771 3854 qui
1827 3791 1950 3840 finiti
2007 3798 2124 3842 sunt
2174 3807 2300 3856 pace
2355 3791 2584 3844 Viennae
2640 3791 2750 3856 (23.
2806 3793 2928 3845 Jan.
2985 3786 3135 3850 1606)
3181 3785 3301 3836 ineu,

624 3867 871 3919 Bocskaio
908 3864 1310 3916 Traussilvaniae
1350 3865 1473 3914 duce
1511 3861 1780 3914 declarato.

807 3936 1162 4002 „Episcopatus
1188 3935 1687 4000 Argentinensis
1722 3931 1958 3998 negotia“
2000 3932 2203 3984 dissidia
2226 3939 2458 3998 spectant
2490 3935 2620 3984 inter
2646 3935 2914 3986 canonicos
2939 3934 3004 3984 ab
3029 3943 3150 3982 auno
3175 3921 3296 3974 15θί

626 4016 831 4067 exorta,
882 4022 1087 4074 quorum
1130 4021 1246 4072 pars
1282 4005 1487 4056 Lutheri
1522 4005 1637 4056 fidei
1676 4005 1880 4055 addicta
1915 4019 2027 4054 cum
2063 4005 2175 4060 illis.
2215 4006 2295 4069 qui
2333 4007 2612 4069 episcopum
2651 4005 2994 4056 Coloniensem
3031 3995 3302 4052 cathamum

622 4081 951 4147 Argentinam
988 4079 1211 4128 comitati
1246 4083 1405 4134 erant.
1444 4091 1575 4128 auno
1605 4071 1757 4125 1592.
1798 4076 2078 4140 episcopum
2117 4075 2373 4141 elegerunt
2391 4076 2640 4128 «Ioannem
2663 4079 2948 4143 Georgium,
2987 4068 3200 4124 Frideiioi
3229 4063 3298 4114 sd·

623 4151 969 4203 ministratoris
993 4147 1437 4215 Magdeburgensis
1472 4145 1641 4208 filiurn,
1678 4161 1793 4210 pars
1829 4161 1943 4196 vero
1979 4146 2268 4197 Catholicae
2303 4147 2418 4198 fidei
2465 4147 2671 4198 addicta
2707 4147 2936 4198 Carnium
2969 4137 3300 4203 Lethariussim

626 4221 957 4275 cardinalem.
1012 4220 1145 4270 Hinc
1182 4225 1381 4270 exortae
1418 4219 1553 4270 rixae
1588 4221 1639 4268 in
1676 4217 1858 4269 bellum
1895 4223 2154 4269 cruentum
2191 4225 2491 4275 exarserunt.
2531 4219 2611 4269 cui
2647 4233 2702 4270 se
2739 4222 3043 4270 immiscuere
3078 4213 3196 4262 cives
3227 4207 3298 4254 Ar·

628 4294 963 4366 gentinenses.
1037 4292 1185 4340 Anno
1226 4285 1378 4340 1604.
1418 4290 1699 4354 pactionem
1737 4291 1866 4339 inter
1901 4287 2156 4354 litigantes
2193 4288 2312 4338 fecit
2350 4289 2447 4340 dux
2482 4289 2904 4356 wurtembergiae
2943 4284 3212 4338 Fridencus·

805 4379 1010 4444 Kepleri
1048 4379 1199 4429 verba
1236 4378 1297 4428 de
1334 4377 1612 4428 Heni-ico
1650 4376 1739 4427 IV.
1779 4376 1974 4426 Galliae
2011 4391 2144 4441 rege,
2197 4375 2418 4426 consulto
2457 4383 2510 4426 et
2543 4379 2764 4443 cogitate
2801 4379 2991 4429 Graeco
3027 4377 3228 4422 sermone
3255 4365 3298 4450 ef

628 4454 836 4505 obscure
874 4451 1177 4502 concinnata
1231 4449 1539 4512 explicantur
1576 4463 1621 4510 p.
1660 4444 1765 4496 534
1801 4447 1976 4512 lingua
2011 4448 2207 4512 quidem
2245 4445 2544 4498 Gemanica
2580 4449 2798 4500 adhibito
2839 4445 3051 4508 „Lexico
3085 4440 3270 4513 011000ιο

626 4539 790 4590 neque
846 4536 959 4572 vero
1011 4520 1087 4569 his
1140 4485 1250 4584 pl'us
1296 4519 1420 4569 lucis
1475 4520 1740 4582 accipiunt.
1819 4517 1987 4578 Quare
2031 4517 2158 4568 haec
2197 4517 2429 4569 addenda
2465 4533 2721 4570 censemus
2757 4521 2914 4572 secuti
2949 4516 3104 4566 relata
3133 4501 3292 4588 ⁸¹1⁸?ss

626 4595 833 4659 Kepleri
858 4593 1134 4658 partimque
1160 4590 1428 4640 studiorum
1453 4590 1574 4639 socii
1600 4587 1775 4639 Sethi
1802 4587 2095 4638 Calvisii:
2139 4591 2314 4646 „Anno
2348 4585 2501 4639 1604.
2526 4588 2771 4649 Jesuitae,
2795 4591 2877 4656 qui
2903 4594 3018 4639 ante
3041 4583 3294 4634 docenium

627 4672 739 4715 tota
778 4663 945 4716 Gallia
982 4663 1129 4726 ejecti
1166 4662 1363 4713 fuerant
1383 4697 1396 4718 ‚
1456 4660 1519 4710 ad
1576 4659 1797 4710 crebram
1844 4659 2114 4723 principum
2152 4658 2335 4723 aliquot
2371 4667 2424 4710 et
2457 4661 2608 4724 ipsius
2643 4661 2896 4712 Pontifiois
2937 4649 3288 4710 intercoedfflffl

628 4735 681 4784 in
718 4736 932 4802 gratiam
966 4731 1197 4800 Reginae
1236 4747 1268 4784 a
1302 4728 1446 4798 Rege
1482 4732 1655 4781 iterum
1694 4731 1879 4794 recepti
1916 4727 2081 4779 sunt.“
2133 4724 2395 4789 (Calvisius
2439 4731 2492 4780 in
2531 4730 2692 4794 Opere
2730 4731 2952 4782 chronol.
2989 4725 3062 4777 ed.
3095 4736 3142 4772 s.
3175 4707 3288 4764 1620

627 4820 680 4872 p.
720 4801 866 4866 879).
918 4803 1113 4856 Deinde
1151 4818 1281 4856 anno
1324 4799 1489 4852 1605:
1533 4799 1862 4862 „Columna
1899 4799 2143 4852 Jesuitica
2181 4815 2240 4850 ex
2275 4801 2427 4851 solido
2465 4815 2704 4854 marmore
2729 4801 2928 4854 Parisiis
2962 4800 3010 4850 in
3043 4795 3288 4861 perpvw

3223 5525 3490 5540 f
