3634 5575
1075 1576 2081 1681 Pnoomuun.

407 1972 620 2109 Quem
685 2022 742 2083 in
811 2024 1162 2104 colligendis
1223 2026 1472 2107 Kepleri
1535 2026 1814 2107 operibus
1880 2028 2135 2109 primum
2204 2029 2258 2091 in
2330 2028 2521 2091 lucem
2586 2028 2929 2093 vocavimus

227 2126 518 2201 libellum,
567 2138 664 2191 est
711 2128 810 2193 ine
859 2131 1092 2212 quidem
1141 2153 1178 2193 a
1213 2134 1436 2212 juvene
1483 2135 1879 2214 conscriptus,
1926 2135 2243 2217 multisque
2294 2136 2441 2197 locis
2488 2135 2663 2214 signa
2708 2134 2930 2215 ingenii

224 2234 490 2295 nondum
535 2235 908 2300 corroborati
951 2239 1176 2301 refert:
1241 2250 1305 2302 at
1352 2240 1562 2303 eodem
1605 2250 1671 2303 et
1693 2240 1910 2315 illius,
1970 2262 2083 2323 quo
2130 2243 2503 2322 conscriptus
2550 2249 2672 2317 est,
2720 2242 2928 2317 seculi,

225 2351 290 2403 et
338 2342 604 2405 auctoris
651 2344 836 2424 ipsius
875 2345 1096 2424 ingenii
1133 2346 1410 2427 vitaeque
1439 2347 1747 2409 acerrimis
1786 2347 2273 2427 gravissimisque
2310 2347 2525 2410 studiis
2553 2340 2930 2411 'exercitatae

225 2456 292 2509 et
338 2449 693 2512 nobilitatae
733 2451 1104 2515 verissimam
1143 2453 1462 2533 imaginem
1497 2450 1794 2515 intuemur
1822 2473 2187 2535 expressam,
2238 2455 2415 2538 quid?
2461 2456 2671 2517 eodem
2706 2455 2927 2529 libello,

229 2563 522 2635 tanquam
567 2577 604 2617 a
651 2556 844 2633 fonte,
890 2560 1228 2639 posteriora
1273 2579 1458 2641 opera
1503 2561 1590 2623 ita
1635 2569 1776 2623 sunt
1824 2561 2123 2635 derivata,
2174 2570 2265 2630 ut,
2323 2582 2361 2622 a
2406 2580 2520 2641 quo
2567 2560 2929 2623 edendorum

229 2659 478 2741 Kepleri
525 2681 766 2741 operum
813 2665 1084 2727 ordinem
1140 2668 1536 2747 auspicemur,
1601 2668 1694 2730 hic
1757 2668 1886 2747 ipse
1948 2667 2183 2741 libellus
2236 2668 2513 2730 videatur
2558 2666 2927 2748 aptissimus.

229 2766 618 2849 Quantopere
666 2770 826 2834 enim
873 2792 1038 2834 mens
1087 2774 1346 2837 bumana
1391 2775 1786 2848 contenderit,
1833 2784 1915 2849 ut,
1967 2774 2177 2856 quibus
2214 2774 2545 2838 constricta
2591 2772 2929 2847 tenebatur,

227 2877 469 2938 vincula
517 2878 838 2958 frangeret,
889 2899 1096 2942 recens
1142 2891 1320 2960 parta
1363 2890 1632 2946 tueretur
1675 2891 1742 2944 et
1785 2890 2085 2955 servaret,
2126 2881 2311 2961 jactis
2358 2881 2761 2944 fundamentis
2808 2880 2932 2942 alia

231 2991 694 3061 superstrueret,
744 2993 891 3064 quot
919 2987 1272 3070 quantisque
1303 3007 1442 3050 vero
1471 3009 1604 3050 cum
1642 2988 2095 3052 difficultatibus
2140 2988 2322 3050 menti
2372 2988 2451 3050 ad
2496 2987 2745 3050 meliora
2787 2997 2931 3050 ten-

232 3087 402 3151 denti
448 3089 627 3152 fuerit
673 3092 1162 3170 conflictandum,
1221 3113 1398 3176 quum
1443 3095 1628 3158 seculi
1678 3095 1893 3158 decimi
1939 3095 2097 3158 sexti
2140 3093 2487 3156 memoriam
2531 3093 2932 3156 recolentibus

233 3207 546 3276 appareat,
595 3207 720 3260 tum
766 3219 842 3262 ex
886 3201 1138 3280 singulis
1177 3201 1354 3282 hujus
1393 3201 1578 3266 libelli
1606 3203 1866 3283 plagulis
1904 3203 2121 3265 elucet.
2192 3200 2633 3264 Dominabatur
2661 3201 2784 3264 fere
2814 3218 2933 3262 una

235 3303 292 3364 in
339 3303 563 3366 scholis
617 3305 998 3388 philosophia
1041 3308 1470 3383 Aristotelica,
1527 3318 1923 3390 perangusto,
1982 3308 2043 3370 in
2098 3326 2271 3388 quem
2327 3315 2735 3384 excurrerent,
2796 3305 2931 3370 aliis

233 3429 446 3491 campo
493 3429 816 3488 concesse;
874 3421 1119 3494 praeter
1160 3434 1388 3496 paucos
1433 3416 1618 3490 viros,
1682 3415 1780 3495 qui
1826 3434 1934 3477 suo
1980 3415 2349 3478 confiderent
2390 3411 2657 3494 ingenio,
2720 3413 2933 3496 reliqui

235 3537 440 3580 omnes
485 3519 664 3582 alieni
711 3530 887 3583 erant
931 3520 1188 3584 arbitrii.
1261 3523 1330 3584 In
1379 3523 1825 3597 mathematica,
1874 3521 1989 3584 nisi
2036 3521 2111 3583 ab
2156 3521 2406 3583 Euclide
2454 3528 2517 3582 et
2542 3521 2929 3595 Archimede,

233 3624 382 3686 nihil
407 3625 774 3706 suppetebat
801 3627 1007 3689 auxilii
1023 3647 1041 3702 ;
1077 3627 1426 3708 algebraica
1463 3628 1616 3691 ratio
1643 3647 1857 3709 parum
1886 3627 2081 3691 adhuc
2122 3629 2285 3691 culta
2316 3645 2451 3690 raro
2482 3628 2539 3690 in
2568 3628 2933 3707 geometriae

232 3749 406 3794 usum
435 3732 930 3810 transferebatur,
981 3734 1339 3814 legarithmi‚
1391 3753 1504 3814 quo
1537 3751 1650 3796 non
1682 3734 1893 3796 melius
1925 3733 2227 3794 inventum
2266 3739 2362 3794 est
2399 3730 2477 3793 ad
2518 3731 2933 3794 subducendos

235 3838 500 3900 calculos
529 3838 830 3915 auxilium,
877 3840 1138 3901 nondum
1169 3839 1226 3902 iu
1256 3851 1488 3919 promtu
1523 3848 1696 3905 erant
1707 3860 1726 3914 ς
1776 3839 2143 3919 geometrica
2179 3837 2411 3902 ratione
2448 3855 2629 3917 aegre
2678 3857 2937 3918 quaere-

235 3944 482 4020 bantur,
547 3963 697 4026 quae
744 3945 954 4009 lustris
1001 3945 1227 4026 aliquot
1268 3955 1410 4030 post
1454 3946 1556 4008 via
1601 3946 2046 4025 compendiaria
2090 3945 2276 4007 oculis
2323 3953 2389 4006 et
2436 3943 2711 4006 manibus
2758 3953 2932 4006 tene-

233 4050 476 4112 bantur.
575 4049 644 4114 Iu
703 4052 1069 4114 astronomia
1121 4071 1270 4114 unus
1329 4052 1682 4115 laudabatur
1737 4051 2154 4126 Ptolemaeus,
2218 4069 2328 4114 nec
2393 4050 2509 4112 nisi
2572 4051 2747 4131 pauci
2804 4069 2935 4112 cum

237 4155 574 4238 Cepernico
603 4157 803 4220 facere
832 4157 1150 4221 audebant.
1225 4158 1616 4239 Astu-elegiae
1647 4166 1848 4220 autem
1885 4157 1945 4220 in
1984 4157 2337 4220 servitutem
2380 4157 2471 4220 ita
2518 4165 2759 4218 asserta
2804 4165 2938 4218 erat

237 4263 634 4336 astronomia,
687 4273 782 4340 ut,
839 4264 1052 4346 quibus
1097 4266 1252 4328 hanc
1298 4265 1548 4328 docendi
1593 4283 1800 4328 munus
1857 4263 2093 4347 publice
2148 4264 2495 4327 mandatum
2551 4271 2709 4338 erat,
2772 4263 2937 4325 illam

236 4372 585 4452 impugnare
629 4373 803 4434 nefas
851 4378 1032 4436 esset.

417 4475 652 4549 Quibus
697 4478 771 4542 de
819 4477 1016 4540 causis
1063 4477 1123 4540 in
1166 4477 1515 4558 discipliniS,
1563 4498 1711 4560 quas
1751 4477 2028 4552 diximus,
2078 4463 2125 4538 si
2170 4475 2305 4556 qnid
2354 4477 2489 4538 novi
2536 4481 2707 4537 esset
2751 4494 2932 4538 exco-

236 4585 514 4665 gitatum,
564 4585 628 4647 id
670 4587 730 4648 in
778 4605 950 4648 suam
987 4605 1112 4648 rem
1141 4595 1374 4646 vertere
1406 4595 1468 4647 et
1497 4603 1734 4664 augere,
1785 4585 1837 4646 si
1885 4584 2025 4664 quid
2072 4581 2582 4652 esservitiosum,
2629 4579 2690 4642 id
2730 4600 2933 4643 emen-

235 4693 400 4768 dare,
451 4691 862 4758 difficillimum
906 4669 1090 4755 fuisse
1129 4691 1330 4764 seculo
1358 4690 1516 4752 XVI
1553 4691 1806 4772 ingeniis
1848 4691 1926 4754 ad
1974 4690 2221 4752 meliora
2265 4687 2609 4765 nitentibus,
2660 4694 2933 4768 apparet.

239 4799 364 4862 Sed
407 4799 598 4862 habet
639 4815 810 4861 mens
855 4807 1064 4862 nostra
1099 4809 1314 4861 natura
1351 4797 1600 4860 sublime
1632 4798 2003 4880 quiddamst
2046 4803 2325 4868 erectum,
2376 4807 2439 4855 ut
2482 4781 2935 4857 difficultatibus

239 4905 495 4984 objectis
539 4923 660 4968 non
704 4904 1028 4986 affligatur,
1077 4905 1186 4969 sed
1230 4912 1438 4968 contra
1483 4904 1713 4968 nitendi
1759 4904 2074 4966 alacritate
2112 4902 2482 4976 incendatur,
2530 4909 2597 4963 ut
2642 4900 2937 4962 destituta

379 5008 558 5059 ιαμιηι
583 5009 725 5059 epm
748 5009 784 5052 1.
2488 5006 2509 5054 ι
