<?xml version="1.0" encoding="UTF-8"?>
<!DOCTYPE html PUBLIC "-//W3C//DTD XHTML 1.0 Transitional//EN"
    "http://www.w3.org/TR/xhtml1/DTD/xhtml1-transitional.dtd">
<html xmlns="http://www.w3.org/1999/xhtml" xml:lang="en" lang="en">
 <head>
  <title>
</title>
<meta http-equiv="Content-Type" content="text/html;charset=utf-8" />
  <meta name='ocr-system' content='tesseract 3.04.00' />
  <meta name='ocr-capabilities' content='ocr_page ocr_carea ocr_par ocr_line ocrx_word'/>
</head>
<body>
  <div class='ocr_page' id='page_1' title='image "./joanniskepleria30frisgoog_0202.png"; bbox 0 0 3634 5575; ppageno 0'>
   <div class='ocr_carea' id='block_1_1' title="bbox 1493 371 3029 440">
    <p class='ocr_par' dir='ltr' id='par_1_1' title="bbox 1493 371 3029 440">
     <span class='ocr_line' id='line_1_1' title="bbox 1493 371 3029 440; baseline 0.009 -16"><span class='ocrx_word' id='word_1_1' title='bbox 1493 371 1658 436; x_wconf 77' lang='lat' dir='ltr'>Caput</span> <span class='ocrx_word' id='word_1_2' title='bbox 1689 371 1847 424; x_wconf 83' lang='lat' dir='ltr'>xxn.</span> <span class='ocrx_word' id='word_1_3' title='bbox 2906 373 3029 440; x_wconf 82' lang='lat'>183</span> 
     </span>
    </p>
   </div>
   <div class='ocr_carea' id='block_1_2' title="bbox 303 526 3071 2736">
    <p class='ocr_par' dir='ltr' id='par_1_2' title="bbox 307 526 3032 1051">
     <span class='ocr_line' id='line_1_2' title="bbox 310 526 3032 614; baseline 0.003 -24"><span class='ocrx_word' id='word_1_4' title='bbox 310 528 412 608; x_wconf 86' lang='lat' dir='ltr'>qui</span> <span class='ocrx_word' id='word_1_5' title='bbox 456 526 696 608; x_wconf 80' lang='lat' dir='ltr'>penitus</span> <span class='ocrx_word' id='word_1_6' title='bbox 749 530 909 594; x_wconf 80' lang='lat' dir='ltr'>idem</span> <span class='ocrx_word' id='word_1_7' title='bbox 969 539 1330 595; x_wconf 82' lang='lat' dir='ltr'>statuerunt.</span> <span class='ocrx_word' id='word_1_8' title='bbox 1425 532 1658 614; x_wconf 79' lang='lat' dir='ltr'>Nempe</span> <span class='ocrx_word' id='word_1_9' title='bbox 1703 532 2092 596; x_wconf 73' lang='lat' dir='ltr'><strong>Ptolemaeus</strong></span> <span class='ocrx_word' id='word_1_10' title='bbox 2138 532 2197 593; x_wconf 92' lang='lat' dir='ltr'>D</span> <span class='ocrx_word' id='word_1_11' title='bbox 2253 539 2527 596; x_wconf 79' lang='lat' dir='ltr'>centrum</span> <span class='ocrx_word' id='word_1_12' title='bbox 2584 535 2901 614; x_wconf 67' lang='lat' dir='ltr'>aequastis</span> <span class='ocrx_word' id='word_1_13' title='bbox 2968 544 3032 598; x_wconf 75' lang='lat' dir='ltr'>et</span> 
     </span>
     <span class='ocr_line' id='line_1_3' title="bbox 309 617 3031 702; baseline 0.003 -24"><span class='ocrx_word' id='word_1_14' title='bbox 309 617 364 678; x_wconf 92' lang='grc' dir='ltr'><strong>Β</strong></span> <span class='ocrx_word' id='word_1_15' title='bbox 409 626 680 681; x_wconf 81' lang='lat' dir='ltr'><strong>centrum</strong></span> <span class='ocrx_word' id='word_1_16' title='bbox 726 620 862 681; x_wconf 82' lang='lat' dir='ltr'>viae</span> <span class='ocrx_word' id='word_1_17' title='bbox 909 620 1296 700; x_wconf 87' lang='lat' dir='ltr'>planetariae</span> <span class='ocrx_word' id='word_1_18' title='bbox 1346 621 1510 683; x_wconf 84' lang='lat' dir='ltr'>fecit.</span> <span class='ocrx_word' id='word_1_19' title='bbox 1607 620 1978 702; x_wconf 85' lang='lat' dir='ltr'>Copernicus</span> <span class='ocrx_word' id='word_1_20' title='bbox 2026 639 2167 681; x_wconf 88' lang='lat' dir='ltr'>vero</span> <span class='ocrx_word' id='word_1_21' title='bbox 2224 621 2387 683; x_wconf 87' lang='lat' dir='ltr'>circa</span> <span class='ocrx_word' id='word_1_22' title='bbox 2432 619 2483 682; x_wconf 83' lang='lat' dir='ltr'>O</span> <span class='ocrx_word' id='word_1_23' title='bbox 2540 630 2837 697; x_wconf 82' lang='lat' dir='ltr'><strong>centrum,</strong></span> <span class='ocrx_word' id='word_1_24' title='bbox 2899 642 3031 685; x_wconf 83' lang='lat' dir='ltr'>me—</span> 
     </span>
     <span class='ocr_line' id='line_1_4' title="bbox 309 705 3028 805; baseline 0.002 -38"><span class='ocrx_word' id='word_1_25' title='bbox 309 705 472 768; x_wconf 89' lang='lat' dir='ltr'>dinm</span> <span class='ocrx_word' id='word_1_26' title='bbox 517 707 674 768; x_wconf 90' lang='lat' dir='ltr'>inter</span> <span class='ocrx_word' id='word_1_27' title='bbox 717 709 776 768; x_wconf 94' lang='lat' dir='ltr'>D</span> <span class='ocrx_word' id='word_1_28' title='bbox 829 717 896 770; x_wconf 88' lang='lat' dir='ltr'>et</span> <span class='ocrx_word' id='word_1_29' title='bbox 941 710 1030 785; x_wconf 90' lang='lat' dir='ltr'>B,</span> <span class='ocrx_word' id='word_1_30' title='bbox 1100 719 1440 772; x_wconf 86' lang='lat' dir='ltr'>eccentrum</span> <span class='ocrx_word' id='word_1_31' title='bbox 1510 711 1771 772; x_wconf 83' lang='lat' dir='ltr'>eccentri</span> <span class='ocrx_word' id='word_1_32' title='bbox 1836 711 1931 770; x_wconf 84' lang='lat' dir='ltr'>vel</span> <span class='ocrx_word' id='word_1_33' title='bbox 1992 711 2568 805; x_wconf 80' lang='lat' dir='ltr'>eccentrepicyclum</span> <span class='ocrx_word' id='word_1_34' title='bbox 2626 711 3028 774; x_wconf 75' lang='lat' dir='ltr'>circumducit.</span> 
     </span>
     <span class='ocr_line' id='line_1_5' title="bbox 307 793 3027 882; baseline 0.002 -27"><span class='ocrx_word' id='word_1_35' title='bbox 307 793 386 856; x_wconf 89' lang='lat' dir='ltr'>Ei</span> <span class='ocrx_word' id='word_1_36' title='bbox 433 813 576 873; x_wconf 84' lang='lat' dir='ltr'>ergo</span> <span class='ocrx_word' id='word_1_37' title='bbox 625 796 711 870; x_wconf 82' lang='lat' dir='ltr'>fit,</span> <span class='ocrx_word' id='word_1_38' title='bbox 756 804 824 858; x_wconf 91' lang='lat' dir='ltr'>ut</span> <span class='ocrx_word' id='word_1_39' title='bbox 867 797 966 858; x_wconf 83' lang='lat' dir='ltr'>via</span> <span class='ocrx_word' id='word_1_40' title='bbox 1012 799 1294 877; x_wconf 88' lang='lat' dir='ltr'>planetae</span> <span class='ocrx_word' id='word_1_41' title='bbox 1344 799 1425 861; x_wconf 91' lang='lat' dir='ltr'>sit</span> <span class='ocrx_word' id='word_1_42' title='bbox 1457 819 1635 880; x_wconf 90' lang='lat' dir='ltr'>quam</span> <span class='ocrx_word' id='word_1_43' title='bbox 1663 799 1935 882; x_wconf 79' lang='lat' dir='ltr'>proxime</span> <span class='ocrx_word' id='word_1_44' title='bbox 1964 797 2213 872; x_wconf 90' lang='lat' dir='ltr'>EFGH,</span> <span class='ocrx_word' id='word_1_45' title='bbox 2248 799 2373 860; x_wconf 89' lang='lat' dir='ltr'>sed</span> <span class='ocrx_word' id='word_1_46' title='bbox 2422 808 2619 860; x_wconf 86' lang='lat' dir='ltr'>motus</span> <span class='ocrx_word' id='word_1_47' title='bbox 2668 800 3027 881; x_wconf 82' lang='lat' dir='ltr'>aequalitas,</span> 
     </span>
     <span class='ocr_line' id='line_1_6' title="bbox 309 875 3030 967; baseline 0.002 -24"><span class='ocrx_word' id='word_1_48' title='bbox 309 882 471 946; x_wconf 87' lang='lat' dir='ltr'>sicut</span> <span class='ocrx_word' id='word_1_49' title='bbox 515 883 730 963; x_wconf 89' lang='lat' dir='ltr'>ipsius</span> <span class='ocrx_word' id='word_1_50' title='bbox 749 885 910 947; x_wconf 87' lang='lat' dir='ltr'>orbis</span> <span class='ocrx_word' id='word_1_51' title='bbox 966 886 1306 948; x_wconf 80' lang='lat' dir='ltr'>intermedii</span> <span class='ocrx_word' id='word_1_52' title='bbox 1362 887 1520 949; x_wconf 90' lang='lat' dir='ltr'>inter</span> <span class='ocrx_word' id='word_1_53' title='bbox 1565 875 1794 949; x_wconf 84' lang='lat' dir='ltr'><strong>EFGH</strong></span> <span class='ocrx_word' id='word_1_54' title='bbox 1856 895 1918 949; x_wconf 85' lang='lat' dir='ltr'>et</span> <span class='ocrx_word' id='word_1_55' title='bbox 1964 887 2183 949; x_wconf 89' lang='lat' dir='ltr'>IKLM</span> <span class='ocrx_word' id='word_1_56' title='bbox 2239 886 2399 948; x_wconf 87' lang='lat' dir='ltr'>circa</span> <span class='ocrx_word' id='word_1_57' title='bbox 2448 887 2535 962; x_wconf 89' lang='lat' dir='ltr'>C,</span> <span class='ocrx_word' id='word_1_58' title='bbox 2603 887 2693 950; x_wconf 90' lang='lat' dir='ltr'>ita</span> <span class='ocrx_word' id='word_1_59' title='bbox 2744 889 3030 967; x_wconf 85' lang='lat' dir='ltr'>planetae</span> 
     </span>
     <span class='ocr_line' id='line_1_7' title="bbox 309 969 1105 1051; baseline 0.003 -18"><span class='ocrx_word' id='word_1_60' title='bbox 309 971 474 1034; x_wconf 87' lang='lat' dir='ltr'>circa</span> <span class='ocrx_word' id='word_1_61' title='bbox 522 973 604 1048; x_wconf 87' lang='lat' dir='ltr'>D,</span> <span class='ocrx_word' id='word_1_62' title='bbox 653 973 974 1051; x_wconf 87' lang='lat' dir='ltr'>reguletur.</span> <span class='ocrx_word' id='word_1_63' title='bbox 1017 969 1105 1048; x_wconf 79' lang='lat'>⁶²)</span> 
     </span>
    </p>

    <p class='ocr_par' dir='ltr' id='par_1_3' title="bbox 307 1059 3033 1586">
     <span class='ocr_line' id='line_1_8' title="bbox 492 1059 3033 1145; baseline 0.003 -21"><span class='ocrx_word' id='word_1_64' title='bbox 492 1059 756 1124; x_wconf 82' lang='lat' dir='ltr'>Causam</span> <span class='ocrx_word' id='word_1_65' title='bbox 797 1061 1009 1139; x_wconf 86' lang='lat' dir='ltr'>habes,</span> <span class='ocrx_word' id='word_1_66' title='bbox 1059 1083 1164 1125; x_wconf 89' lang='lat' dir='ltr'>cur</span> <span class='ocrx_word' id='word_1_67' title='bbox 1193 1062 1509 1145; x_wconf 85' lang='lat' dir='ltr'>aequantis</span> <span class='ocrx_word' id='word_1_68' title='bbox 1548 1071 1818 1125; x_wconf 85' lang='lat' dir='ltr'>centrum</span> <span class='ocrx_word' id='word_1_69' title='bbox 1867 1072 2040 1142; x_wconf 87' lang='lat' dir='ltr'>parte</span> <span class='ocrx_word' id='word_1_70' title='bbox 2091 1063 2275 1125; x_wconf 87' lang='lat' dir='ltr'>tertia</span> <span class='ocrx_word' id='word_1_71' title='bbox 2323 1064 2794 1128; x_wconf 87' lang='lat' dir='ltr'>eccentricitatis</span> <span class='ocrx_word' id='word_1_72' title='bbox 2844 1065 3033 1132; x_wconf 73' lang='lat' dir='ltr'>totius</span> 
     </span>
     <span class='ocr_line' id='line_1_9' title="bbox 311 1149 3027 1234; baseline 0.002 -24"><span class='ocrx_word' id='word_1_73' title='bbox 311 1171 350 1210; x_wconf 90' lang='lat' dir='ltr'>a</span> <span class='ocrx_word' id='word_1_74' title='bbox 397 1158 605 1212; x_wconf 91' lang='lat' dir='ltr'>centro</span> <span class='ocrx_word' id='word_1_75' title='bbox 655 1149 972 1213; x_wconf 86' lang='lat' dir='ltr'>eccentrici</span> <span class='ocrx_word' id='word_1_76' title='bbox 1021 1151 1225 1215; x_wconf 87' lang='lat' dir='ltr'>distet.</span> <span class='ocrx_word' id='word_1_77' title='bbox 1259 1151 1314 1226; x_wconf 75' lang='lat'>¹¹)</span> <span class='ocrx_word' id='word_1_78' title='bbox 1387 1153 1620 1232; x_wconf 87' lang='lat' dir='ltr'>Nempe</span> <span class='ocrx_word' id='word_1_79' title='bbox 1669 1151 1923 1224; x_wconf 89' lang='lat' dir='ltr'>mundus</span> <span class='ocrx_word' id='word_1_80' title='bbox 1969 1158 2133 1213; x_wconf 89' lang='lat' dir='ltr'>totus</span> <span class='ocrx_word' id='word_1_81' title='bbox 2182 1151 2382 1214; x_wconf 85' lang='lat' dir='ltr'>anima</span> <span class='ocrx_word' id='word_1_82' title='bbox 2419 1153 2631 1234; x_wconf 88' lang='lat' dir='ltr'>plenus</span> <span class='ocrx_word' id='word_1_83' title='bbox 2672 1161 2827 1228; x_wconf 86' lang='lat' dir='ltr'>esto,</span> <span class='ocrx_word' id='word_1_84' title='bbox 2876 1149 3027 1234; x_wconf 79' lang='lat' dir='ltr'>quae</span> 
     </span>
     <span class='ocr_line' id='line_1_10' title="bbox 309 1237 3024 1320; baseline 0.001 -20"><span class='ocrx_word' id='word_1_85' title='bbox 309 1239 538 1318; x_wconf 87' lang='lat' dir='ltr'>rapiat,</span> <span class='ocrx_word' id='word_1_86' title='bbox 590 1237 866 1320; x_wconf 90' lang='lat' dir='ltr'>quicquid</span> <span class='ocrx_word' id='word_1_87' title='bbox 913 1241 1268 1320; x_wconf 85' lang='lat' dir='ltr'>adipiscitur</span> <span class='ocrx_word' id='word_1_88' title='bbox 1315 1241 1629 1302; x_wconf 87' lang='lat' dir='ltr'>stellarum</span> <span class='ocrx_word' id='word_1_89' title='bbox 1677 1240 1806 1302; x_wconf 89' lang='lat' dir='ltr'>sive</span> <span class='ocrx_word' id='word_1_90' title='bbox 1857 1249 2250 1314; x_wconf 87' lang='lat' dir='ltr'>cometarum,</span> <span class='ocrx_word' id='word_1_91' title='bbox 2300 1241 2478 1320; x_wconf 91' lang='lat' dir='ltr'>idque</span> <span class='ocrx_word' id='word_1_92' title='bbox 2527 1262 2601 1304; x_wconf 88' lang='lat' dir='ltr'>ea</span> <span class='ocrx_word' id='word_1_93' title='bbox 2648 1243 3024 1320; x_wconf 77' lang='lat' dir='ltr'>pernicitate,</span> 
     </span>
     <span class='ocr_line' id='line_1_11' title="bbox 309 1326 3029 1408; baseline 0.001 -18"><span class='ocrx_word' id='word_1_94' title='bbox 309 1345 490 1406; x_wconf 87' lang='lat' dir='ltr'>quam</span> <span class='ocrx_word' id='word_1_95' title='bbox 534 1326 786 1408; x_wconf 83' lang='lat' dir='ltr'>requirit</span> <span class='ocrx_word' id='word_1_96' title='bbox 831 1326 945 1389; x_wconf 89' lang='lat' dir='ltr'>loci</span> <span class='ocrx_word' id='word_1_97' title='bbox 993 1349 1032 1390; x_wconf 87' lang='lat' dir='ltr'>a</span> <span class='ocrx_word' id='word_1_98' title='bbox 1077 1327 1220 1391; x_wconf 90' lang='lat' dir='ltr'>Sole</span> <span class='ocrx_word' id='word_1_99' title='bbox 1270 1328 1565 1391; x_wconf 79' lang='lat' dir='ltr'>distantia</span> <span class='ocrx_word' id='word_1_100' title='bbox 1613 1335 1676 1390; x_wconf 82' lang='lat' dir='ltr'>et</span> <span class='ocrx_word' id='word_1_101' title='bbox 1720 1329 1801 1390; x_wconf 90' lang='lat' dir='ltr'>ibi</span> <span class='ocrx_word' id='word_1_102' title='bbox 1854 1326 2142 1389; x_wconf 88' lang='lat' dir='ltr'>fortitudo</span> <span class='ocrx_word' id='word_1_103' title='bbox 2191 1330 2451 1391; x_wconf 68' lang='lat' dir='ltr'>virtutis</span> <span class='ocrx_word' id='word_1_104' title='bbox 2484 1334 2539 1403; x_wconf 73' lang='grc' dir='ltr'>ο)</span> <span class='ocrx_word' id='word_1_105' title='bbox 2616 1331 2848 1392; x_wconf 90' lang='lat' dir='ltr'>Deinde</span> <span class='ocrx_word' id='word_1_106' title='bbox 2897 1339 3029 1393; x_wconf 90' lang='lat' dir='ltr'>esto</span> 
     </span>
     <span class='ocr_line' id='line_1_12' title="bbox 307 1414 3029 1497; baseline 0.002 -22"><span class='ocrx_word' id='word_1_107' title='bbox 307 1414 370 1476; x_wconf 91' lang='lat' dir='ltr'>in</span> <span class='ocrx_word' id='word_1_108' title='bbox 416 1415 687 1495; x_wconf 90' lang='lat' dir='ltr'>quolibet</span> <span class='ocrx_word' id='word_1_109' title='bbox 730 1417 978 1495; x_wconf 88' lang='lat' dir='ltr'>planeta</span> <span class='ocrx_word' id='word_1_110' title='bbox 1024 1417 1344 1497; x_wconf 89' lang='lat' dir='ltr'>peculiaris</span> <span class='ocrx_word' id='word_1_111' title='bbox 1400 1417 1638 1492; x_wconf 88' lang='lat' dir='ltr'>anima,</span> <span class='ocrx_word' id='word_1_112' title='bbox 1700 1417 1870 1496; x_wconf 88' lang='lat' dir='ltr'>cujus</span> <span class='ocrx_word' id='word_1_113' title='bbox 1928 1417 2177 1496; x_wconf 89' lang='lat' dir='ltr'>remigio</span> <span class='ocrx_word' id='word_1_114' title='bbox 2236 1419 2418 1481; x_wconf 89' lang='lat' dir='ltr'>stella</span> <span class='ocrx_word' id='word_1_115' title='bbox 2473 1419 2769 1481; x_wconf 83' lang='lat' dir='ltr'>ascendat</span> <span class='ocrx_word' id='word_1_116' title='bbox 2811 1419 2871 1480; x_wconf 94' lang='lat' dir='ltr'>in</span> <span class='ocrx_word' id='word_1_117' title='bbox 2920 1439 3029 1481; x_wconf 89' lang='lat' dir='ltr'>suo</span> 
     </span>
     <span class='ocr_line' id='line_1_13' title="bbox 309 1503 3017 1586; baseline -0.002 -20"><span class='ocrx_word' id='word_1_118' title='bbox 309 1504 577 1567; x_wconf 89' lang='lat' dir='ltr'>ambitu:</span> <span class='ocrx_word' id='word_1_119' title='bbox 627 1513 690 1566; x_wconf 86' lang='lat' dir='ltr'>et</span> <span class='ocrx_word' id='word_1_120' title='bbox 736 1503 978 1567; x_wconf 83' lang='lat' dir='ltr'>orbibus</span> <span class='ocrx_word' id='word_1_121' title='bbox 1027 1506 1276 1567; x_wconf 87' lang='lat' dir='ltr'>remotis</span> <span class='ocrx_word' id='word_1_122' title='bbox 1324 1507 1532 1568; x_wconf 84' lang='lat' dir='ltr'>eadem</span> <span class='ocrx_word' id='word_1_123' title='bbox 1579 1513 1925 1586; x_wconf 86' lang='lat' dir='ltr'>sequentur.</span> <span class='ocrx_word' id='word_1_124' title='bbox 3005 1551 3017 1561; x_wconf 70' lang='grc'><strong><em>,</em></strong></span> 
     </span>
    </p>

    <p class='ocr_par' dir='ltr' id='par_1_4' title="bbox 305 1593 3071 2098">
     <span class='ocr_line' id='line_1_14' title="bbox 483 1593 3071 1674; baseline 0 -18"><span class='ocrx_word' id='word_1_125' title='bbox 483 1594 688 1672; x_wconf 87' lang='lat' dir='ltr'>Atque</span> <span class='ocrx_word' id='word_1_126' title='bbox 737 1593 888 1654; x_wconf 85' lang='lat' dir='ltr'>haec</span> <span class='ocrx_word' id='word_1_127' title='bbox 936 1594 1010 1654; x_wconf 89' lang='lat' dir='ltr'>de</span> <span class='ocrx_word' id='word_1_128' title='bbox 1058 1616 1128 1654; x_wconf 85' lang='lat' dir='ltr'>a</span> <span class='ocrx_word' id='word_1_129' title='bbox 1135 1603 1390 1673; x_wconf 85' lang='lat' dir='ltr'>quante,</span> <span class='ocrx_word' id='word_1_130' title='bbox 1459 1594 1558 1657; x_wconf 91' lang='lat' dir='ltr'>ubi</span> <span class='ocrx_word' id='word_1_131' title='bbox 1618 1594 1876 1674; x_wconf 85' lang='lat' dir='ltr'>legerint</span> <span class='ocrx_word' id='word_1_132' title='bbox 1933 1593 2155 1673; x_wconf 88' lang='lat' dir='ltr'>aliqui,</span> <span class='ocrx_word' id='word_1_133' title='bbox 2214 1594 2337 1655; x_wconf 86' lang='lat' dir='ltr'>scio</span> <span class='ocrx_word' id='word_1_134' title='bbox 2394 1595 2677 1673; x_wconf 87' lang='lat' dir='ltr'>gestient.</span> <span class='ocrx_word' id='word_1_135' title='bbox 2770 1595 2931 1656; x_wconf 91' lang='lat' dir='ltr'>Nam</span> <span class='ocrx_word' id='word_1_136' title='bbox 2977 1595 3071 1656; x_wconf 90' lang='lat' dir='ltr'>si·</span> 
     </span>
     <span class='ocr_line' id='line_1_15' title="bbox 307 1679 3028 1744; baseline 0.001 -3"><span class='ocrx_word' id='word_1_137' title='bbox 307 1679 598 1743; x_wconf 88' lang='lat' dir='ltr'>mirantur</span> <span class='ocrx_word' id='word_1_138' title='bbox 629 1682 956 1744; x_wconf 83' lang='lat' dir='ltr'>astronomi</span> <span class='ocrx_word' id='word_1_139' title='bbox 987 1681 1400 1744; x_wconf 83' lang='lat' dir='ltr'>Ptolemaeum</span> <span class='ocrx_word' id='word_1_140' title='bbox 1429 1682 1975 1744; x_wconf 79' lang='lat' dir='ltr'>indemonstratam</span> <span class='ocrx_word' id='word_1_141' title='bbox 2016 1682 2307 1744; x_wconf 85' lang='lat' dir='ltr'>sumsisse</span> <span class='ocrx_word' id='word_1_142' title='bbox 2354 1682 2508 1744; x_wconf 84' lang='lat' dir='ltr'>hanc</span> <span class='ocrx_word' id='word_1_143' title='bbox 2555 1683 2808 1744; x_wconf 87' lang='lat' dir='ltr'>eandem</span> <span class='ocrx_word' id='word_1_144' title='bbox 2854 1703 3028 1744; x_wconf 89' lang='lat' dir='ltr'>men-</span> 
     </span>
     <span class='ocr_line' id='line_1_16' title="bbox 307 1769 3028 1852; baseline 0 -20"><span class='ocrx_word' id='word_1_145' title='bbox 307 1789 507 1832; x_wconf 88' lang='lat' dir='ltr'>suram</span> <span class='ocrx_word' id='word_1_146' title='bbox 554 1769 746 1831; x_wconf 83' lang='lat' dir='ltr'>centri</span> <span class='ocrx_word' id='word_1_147' title='bbox 793 1771 1129 1850; x_wconf 87' lang='lat' dir='ltr'>aequantis,</span> <span class='ocrx_word' id='word_1_148' title='bbox 1179 1773 1365 1832; x_wconf 88' lang='lat' dir='ltr'>multo</span> <span class='ocrx_word' id='word_1_149' title='bbox 1413 1772 1606 1852; x_wconf 84' lang='lat' dir='ltr'>magis</span> <span class='ocrx_word' id='word_1_150' title='bbox 1645 1771 1776 1850; x_wconf 88' lang='lat' dir='ltr'>jam</span> <span class='ocrx_word' id='word_1_151' title='bbox 1825 1770 2195 1832; x_wconf 89' lang='lat' dir='ltr'>mirabuntur</span> <span class='ocrx_word' id='word_1_152' title='bbox 2234 1770 2491 1852; x_wconf 88' lang='lat' dir='ltr'>quidam,</span> <span class='ocrx_word' id='word_1_153' title='bbox 2543 1771 2731 1832; x_wconf 84' lang='lat' dir='ltr'>fuisse</span> <span class='ocrx_word' id='word_1_154' title='bbox 2779 1789 3028 1834; x_wconf 83' lang='lat' dir='ltr'>causam</span> 
     </span>
     <span class='ocr_line' id='line_1_17' title="bbox 305 1857 3026 1940; baseline 0 -20"><span class='ocrx_word' id='word_1_155' title='bbox 305 1859 482 1938; x_wconf 76' lang='lat' dir='ltr'>huJus</span> <span class='ocrx_word' id='word_1_156' title='bbox 529 1857 652 1932; x_wconf 91' lang='lat' dir='ltr'>rei,</span> <span class='ocrx_word' id='word_1_157' title='bbox 722 1878 910 1938; x_wconf 87' lang='lat' dir='ltr'>neque</span> <span class='ocrx_word' id='word_1_158' title='bbox 960 1865 1162 1921; x_wconf 87' lang='lat' dir='ltr'>tamen</span> <span class='ocrx_word' id='word_1_159' title='bbox 1213 1861 1285 1921; x_wconf 87' lang='lat' dir='ltr'>de</span> <span class='ocrx_word' id='word_1_160' title='bbox 1335 1879 1408 1921; x_wconf 90' lang='lat' dir='ltr'>ea</span> <span class='ocrx_word' id='word_1_161' title='bbox 1454 1859 1806 1922; x_wconf 88' lang='lat' dir='ltr'>Ptolemaeo</span> <span class='ocrx_word' id='word_1_162' title='bbox 1866 1859 2239 1934; x_wconf 77' lang='lat' dir='ltr'>suboluisse,</span> <span class='ocrx_word' id='word_1_163' title='bbox 2306 1878 2439 1921; x_wconf 88' lang='lat' dir='ltr'>cum</span> <span class='ocrx_word' id='word_1_164' title='bbox 2493 1861 2689 1940; x_wconf 84' lang='lat' dir='ltr'>ipsam</span> <span class='ocrx_word' id='word_1_165' title='bbox 2746 1870 2871 1920; x_wconf 89' lang='lat' dir='ltr'>rem</span> <span class='ocrx_word' id='word_1_166' title='bbox 2917 1861 3026 1933; x_wconf 88' lang='lat' dir='ltr'>ita,</span> 
     </span>
     <span class='ocr_line' id='line_1_18' title="bbox 306 1946 3025 2029; baseline 0 -21"><span class='ocrx_word' id='word_1_167' title='bbox 306 1947 394 2008; x_wconf 83' lang='lat' dir='ltr'>uti</span> <span class='ocrx_word' id='word_1_168' title='bbox 438 1946 662 2020; x_wconf 90' lang='lat' dir='ltr'>habet,</span> <span class='ocrx_word' id='word_1_169' title='bbox 730 1954 1031 2021; x_wconf 86' lang='lat' dir='ltr'>sumeret,</span> <span class='ocrx_word' id='word_1_170' title='bbox 1098 1955 1160 2009; x_wconf 88' lang='lat' dir='ltr'>et</span> <span class='ocrx_word' id='word_1_171' title='bbox 1227 1949 1399 2028; x_wconf 90' lang='lat' dir='ltr'>quasi</span> <span class='ocrx_word' id='word_1_172' title='bbox 1456 1947 1654 2010; x_wconf 91' lang='lat' dir='ltr'>divino</span> <span class='ocrx_word' id='word_1_173' title='bbox 1713 1956 1860 2010; x_wconf 91' lang='lat' dir='ltr'>nutu</span> <span class='ocrx_word' id='word_1_174' title='bbox 1916 1967 2134 2010; x_wconf 87' lang='lat' dir='ltr'>caecus</span> <span class='ocrx_word' id='word_1_175' title='bbox 2193 1949 2268 2009; x_wconf 89' lang='lat' dir='ltr'>ad</span> <span class='ocrx_word' id='word_1_176' title='bbox 2328 1947 2520 2010; x_wconf 87' lang='lat' dir='ltr'>locum</span> <span class='ocrx_word' id='word_1_177' title='bbox 2568 1949 2837 2011; x_wconf 90' lang='lat' dir='ltr'>debitum</span> <span class='ocrx_word' id='word_1_178' title='bbox 2880 1967 3025 2029; x_wconf 90' lang='lat' dir='ltr'>per-</span> 
     </span>
     <span class='ocr_line' id='line_1_19' title="bbox 305 2036 556 2098; baseline 0.012 -5"><span class='ocrx_word' id='word_1_179' title='bbox 305 2036 556 2098; x_wconf 90' lang='lat' dir='ltr'>veniret.</span> 
     </span>
    </p>

    <p class='ocr_par' dir='ltr' id='par_1_5' title="bbox 303 2122 3029 2736">
     <span class='ocr_line' id='line_1_20' title="bbox 485 2122 3023 2204; baseline 0 -19"><span class='ocrx_word' id='word_1_180' title='bbox 485 2122 606 2186; x_wconf 88' lang='lat' dir='ltr'>Sed</span> <span class='ocrx_word' id='word_1_181' title='bbox 670 2131 870 2185; x_wconf 90' lang='lat' dir='ltr'>tamen</span> <span class='ocrx_word' id='word_1_182' title='bbox 929 2143 1033 2185; x_wconf 83' lang='lat' dir='ltr'>eos</span> <span class='ocrx_word' id='word_1_183' title='bbox 1093 2123 1436 2186; x_wconf 87' lang='lat' dir='ltr'>admonitos</span> <span class='ocrx_word' id='word_1_184' title='bbox 1504 2124 1719 2200; x_wconf 91' lang='lat' dir='ltr'>velim,</span> <span class='ocrx_word' id='word_1_185' title='bbox 1789 2124 1935 2186; x_wconf 88' lang='lat' dir='ltr'>nihil</span> <span class='ocrx_word' id='word_1_186' title='bbox 2003 2143 2138 2186; x_wconf 89' lang='lat' dir='ltr'>esse</span> <span class='ocrx_word' id='word_1_187' title='bbox 2203 2143 2278 2185; x_wconf 86' lang='lat' dir='ltr'>ex</span> <span class='ocrx_word' id='word_1_188' title='bbox 2335 2123 2491 2186; x_wconf 90' lang='lat' dir='ltr'>omni</span> <span class='ocrx_word' id='word_1_189' title='bbox 2538 2131 2714 2204; x_wconf 89' lang='lat' dir='ltr'>parte</span> <span class='ocrx_word' id='word_1_190' title='bbox 2761 2124 3023 2186; x_wconf 87' lang='lat' dir='ltr'>beatum.</span> 
     </span>
     <span class='ocr_line' id='line_1_21' title="bbox 303 2209 3029 2292; baseline -0.001 -16"><span class='ocrx_word' id='word_1_191' title='bbox 303 2213 462 2276; x_wconf 78' lang='lat' dir='ltr'>Nam</span> <span class='ocrx_word' id='word_1_192' title='bbox 509 2213 572 2274; x_wconf 85' lang='lat' dir='ltr'>in</span> <span class='ocrx_word' id='word_1_193' title='bbox 617 2211 858 2273; x_wconf 88' lang='lat' dir='ltr'>Venere</span> <span class='ocrx_word' id='word_1_194' title='bbox 907 2219 970 2273; x_wconf 88' lang='lat' dir='ltr'>et</span> <span class='ocrx_word' id='word_1_195' title='bbox 1017 2213 1314 2274; x_wconf 82' lang='lat' dir='ltr'>Mercurio</span> <span class='ocrx_word' id='word_1_196' title='bbox 1371 2213 1492 2276; x_wconf 89' lang='lat' dir='ltr'>ista</span> <span class='ocrx_word' id='word_1_197' title='bbox 1554 2213 1815 2276; x_wconf 86' lang='lat' dir='ltr'>tarditas</span> <span class='ocrx_word' id='word_1_198' title='bbox 1879 2221 1943 2273; x_wconf 90' lang='lat' dir='ltr'>et</span> <span class='ocrx_word' id='word_1_199' title='bbox 1997 2213 2291 2276; x_wconf 88' lang='lat' dir='ltr'>velocitas</span> <span class='ocrx_word' id='word_1_200' title='bbox 2348 2233 2462 2274; x_wconf 93' lang='lat' dir='ltr'>non</span> <span class='ocrx_word' id='word_1_201' title='bbox 2521 2215 2596 2274; x_wconf 88' lang='lat' dir='ltr'>ad</span> <span class='ocrx_word' id='word_1_202' title='bbox 2658 2209 2941 2292; x_wconf 89' lang='lat' dir='ltr'>planetae</span> <span class='ocrx_word' id='word_1_203' title='bbox 2992 2233 3029 2273; x_wconf 91' lang='lat' dir='ltr'>a</span> 
     </span>
     <span class='ocr_line' id='line_1_22' title="bbox 307 2299 3028 2378; baseline -0.001 -14"><span class='ocrx_word' id='word_1_204' title='bbox 307 2301 449 2364; x_wconf 91' lang='lat' dir='ltr'>Sole</span> <span class='ocrx_word' id='word_1_205' title='bbox 508 2299 976 2378; x_wconf 87' lang='lat' dir='ltr'>digressionem,</span> <span class='ocrx_word' id='word_1_206' title='bbox 1046 2302 1151 2363; x_wconf 92' lang='lat' dir='ltr'>sed</span> <span class='ocrx_word' id='word_1_207' title='bbox 1220 2302 1296 2364; x_wconf 89' lang='lat' dir='ltr'>ad</span> <span class='ocrx_word' id='word_1_208' title='bbox 1360 2302 1551 2364; x_wconf 90' lang='lat' dir='ltr'>solum</span> <span class='ocrx_word' id='word_1_209' title='bbox 1601 2302 1824 2364; x_wconf 88' lang='lat' dir='ltr'>Terrae</span> <span class='ocrx_word' id='word_1_210' title='bbox 1888 2309 2111 2364; x_wconf 91' lang='lat' dir='ltr'>motum</span> <span class='ocrx_word' id='word_1_211' title='bbox 2168 2302 2672 2364; x_wconf 86' lang='lat' dir='ltr'>accommodatur.</span> <span class='ocrx_word' id='word_1_212' title='bbox 2705 2299 2753 2374; x_wconf 62' lang='grc' dir='ltr'>ε)</span> <span class='ocrx_word' id='word_1_213' title='bbox 2844 2301 2930 2362; x_wconf 84' lang='lat' dir='ltr'>Et</span> <span class='ocrx_word' id='word_1_214' title='bbox 2976 2300 3028 2362; x_wconf 88' lang='lat' dir='ltr'>si</span> 
     </span>
     <span class='ocr_line' id='line_1_23' title="bbox 306 2387 3023 2471; baseline -0.001 -19"><span class='ocrx_word' id='word_1_215' title='bbox 306 2391 438 2471; x_wconf 90' lang='lat' dir='ltr'>quis</span> <span class='ocrx_word' id='word_1_216' title='bbox 495 2388 628 2451; x_wconf 89' lang='lat' dir='ltr'>huic</span> <span class='ocrx_word' id='word_1_217' title='bbox 685 2388 786 2461; x_wconf 54' lang='lat' dir='ltr'>rei,</span> <span class='ocrx_word' id='word_1_218' title='bbox 833 2397 1158 2469; x_wconf 80' lang='lat' dir='ltr'>praetexat</span> <span class='ocrx_word' id='word_1_219' title='bbox 1224 2389 1526 2452; x_wconf 88' lang='lat' dir='ltr'>diversam</span> <span class='ocrx_word' id='word_1_220' title='bbox 1591 2398 1790 2453; x_wconf 88' lang='lat' dir='ltr'>motus</span> <span class='ocrx_word' id='word_1_221' title='bbox 1852 2389 2255 2452; x_wconf 88' lang='lat' dir='ltr'>conditionem</span> <span class='ocrx_word' id='word_1_222' title='bbox 2322 2410 2360 2450; x_wconf 90' lang='lat' dir='ltr'>a</span> <span class='ocrx_word' id='word_1_223' title='bbox 2411 2399 2573 2451; x_wconf 86' lang='lat' dir='ltr'>motu</span> <span class='ocrx_word' id='word_1_224' title='bbox 2633 2387 3023 2469; x_wconf 89' lang='lat' dir='ltr'>superiorum,</span> 
     </span>
     <span class='ocr_line' id='line_1_24' title="bbox 306 2477 3023 2560; baseline -0.001 -20"><span class='ocrx_word' id='word_1_225' title='bbox 306 2498 484 2560; x_wconf 90' lang='lat' dir='ltr'>quam</span> <span class='ocrx_word' id='word_1_226' title='bbox 533 2479 785 2560; x_wconf 76' lang='lat' dir='ltr'>denique</span> <span class='ocrx_word' id='word_1_227' title='bbox 836 2478 890 2539; x_wconf 92' lang='lat' dir='ltr'>in</span> <span class='ocrx_word' id='word_1_228' title='bbox 943 2479 1163 2540; x_wconf 90' lang='lat' dir='ltr'>Terrae</span> <span class='ocrx_word' id='word_1_229' title='bbox 1214 2499 1409 2540; x_wconf 86' lang='lat' dir='ltr'>annuo</span> <span class='ocrx_word' id='word_1_230' title='bbox 1455 2483 1618 2540; x_wconf 91' lang='lat' dir='ltr'>motu</span> <span class='ocrx_word' id='word_1_231' title='bbox 1668 2497 1914 2540; x_wconf 89' lang='lat' dir='ltr'>causam</span> <span class='ocrx_word' id='word_1_232' title='bbox 1961 2479 2221 2542; x_wconf 84' lang='lat' dir='ltr'>afferet?</span> <span class='ocrx_word' id='word_1_233' title='bbox 2318 2479 2374 2540; x_wconf 85' lang='lat' dir='ltr'>[s</span> <span class='ocrx_word' id='word_1_234' title='bbox 2423 2477 2577 2539; x_wconf 90' lang='lat' dir='ltr'>enim</span> <span class='ocrx_word' id='word_1_235' title='bbox 2627 2497 2815 2558; x_wconf 89' lang='lat' dir='ltr'>neque</span> <span class='ocrx_word' id='word_1_236' title='bbox 2864 2477 3023 2557; x_wconf 84' lang='lat' dir='ltr'>apud</span> 
     </span>
     <span class='ocr_line' id='line_1_25' title="bbox 307 2562 3025 2648; baseline -0.001 -18"><span class='ocrx_word' id='word_1_237' title='bbox 307 2567 718 2630; x_wconf 87' lang='lat' dir='ltr'>Ptolemaeum</span> <span class='ocrx_word' id='word_1_238' title='bbox 766 2585 953 2646; x_wconf 87' lang='lat' dir='ltr'>neque</span> <span class='ocrx_word' id='word_1_239' title='bbox 1017 2569 1176 2647; x_wconf 91' lang='lat' dir='ltr'>apud</span> <span class='ocrx_word' id='word_1_240' title='bbox 1227 2565 1624 2646; x_wconf 84' lang='lat' dir='ltr'>Copernicum</span> <span class='ocrx_word' id='word_1_241' title='bbox 1686 2575 1983 2648; x_wconf 89' lang='lat' dir='ltr'>aequante</span> <span class='ocrx_word' id='word_1_242' title='bbox 2044 2565 2313 2646; x_wconf 83' lang='lat' dir='ltr'>indiguit.</span> <span class='ocrx_word' id='word_1_243' title='bbox 2344 2569 2399 2637; x_wconf 69' lang='grc' dir='ltr'>ἔ)</span> <span class='ocrx_word' id='word_1_244' title='bbox 2493 2562 2696 2637; x_wconf 85' lang='lat' dir='ltr'>Quare</span> <span class='ocrx_word' id='word_1_245' title='bbox 2756 2575 2819 2628; x_wconf 91' lang='lat' dir='ltr'>et</span> <span class='ocrx_word' id='word_1_246' title='bbox 2876 2568 3025 2628; x_wconf 69' lang='lat' dir='ltr'>haec</span> 
     </span>
     <span class='ocr_line' id='line_1_26' title="bbox 305 2654 1786 2736; baseline 0 -20"><span class='ocrx_word' id='word_1_247' title='bbox 305 2656 536 2719; x_wconf 88' lang='lat' dir='ltr'>incerta</span> <span class='ocrx_word' id='word_1_248' title='bbox 584 2657 658 2718; x_wconf 89' lang='lat' dir='ltr'>lis</span> <span class='ocrx_word' id='word_1_249' title='bbox 706 2654 815 2717; x_wconf 88' lang='lat' dir='ltr'>sub</span> <span class='ocrx_word' id='word_1_250' title='bbox 865 2665 1209 2717; x_wconf 83' lang='lat' dir='ltr'>astronomo</span> <span class='ocrx_word' id='word_1_251' title='bbox 1248 2655 1453 2736; x_wconf 86' lang='lat' dir='ltr'>judice</span> <span class='ocrx_word' id='word_1_252' title='bbox 1498 2658 1786 2735; x_wconf 88' lang='lat' dir='ltr'>pendeat.</span> 
     </span>
    </p>
   </div>
   <div class='ocr_carea' id='block_1_3' title="bbox 935 2880 2393 3059">
    <p class='ocr_par' dir='ltr' id='par_1_6' title="bbox 935 2880 2393 3059">
     <span class='ocr_line' id='line_1_27' title="bbox 935 2880 2393 2949; baseline -0.001 -2"><span class='ocrx_word' id='word_1_253' title='bbox 935 2886 1024 2947; x_wconf 93' lang='lat' dir='ltr'>IN</span> <span class='ocrx_word' id='word_1_254' title='bbox 1073 2884 1352 2949; x_wconf 88' lang='lat' dir='ltr'>CAPUT</span> <span class='ocrx_word' id='word_1_255' title='bbox 1399 2884 1879 2949; x_wconf 82' lang='lat' dir='ltr'>VICESIMUM</span> <span class='ocrx_word' id='word_1_256' title='bbox 1926 2880 2393 2949; x_wconf 84' lang='lat' dir='ltr'>SECUNDUM</span> 
     </span>
     <span class='ocr_line' id='line_1_28' title="bbox 1355 3004 1977 3059; baseline 0 0"><span class='ocrx_word' id='word_1_257' title='bbox 1355 3008 1584 3059; x_wconf 69' lang='lat' dir='ltr'>Nous</span> <span class='ocrx_word' id='word_1_258' title='bbox 1624 3004 1977 3059; x_wconf 74' lang='lat' dir='ltr'>Aucroms,</span> 
     </span>
    </p>
   </div>
   <div class='ocr_carea' id='block_1_4' title="bbox 263 3112 3073 4951">
    <p class='ocr_par' dir='ltr' id='par_1_7' title="bbox 263 3112 3024 4295">
     <span class='ocr_line' id='line_1_29' title="bbox 466 3112 3020 3187; baseline -0.001 -16"><span class='ocrx_word' id='word_1_259' title='bbox 466 3112 530 3186; x_wconf 88' lang='lat' dir='ltr'>a)</span> <span class='ocrx_word' id='word_1_260' title='bbox 576 3116 633 3171; x_wconf 90' lang='lat' dir='ltr'>Si</span> <span class='ocrx_word' id='word_1_261' title='bbox 677 3133 820 3187; x_wconf 85' lang='lat' dir='ltr'>quae</span> <span class='ocrx_word' id='word_1_262' title='bbox 865 3133 1038 3171; x_wconf 87' lang='lat' dir='ltr'>causa</span> <span class='ocrx_word' id='word_1_263' title='bbox 1078 3117 1262 3181; x_wconf 84' lang='lat' dir='ltr'>efficit,</span> <span class='ocrx_word' id='word_1_264' title='bbox 1313 3126 1378 3173; x_wconf 91' lang='lat' dir='ltr'>ut</span> <span class='ocrx_word' id='word_1_265' title='bbox 1419 3118 1692 3173; x_wconf 87' lang='lat' dir='ltr'>Saturnus</span> <span class='ocrx_word' id='word_1_266' title='bbox 1739 3119 1890 3172; x_wconf 89' lang='lat' dir='ltr'>altus</span> <span class='ocrx_word' id='word_1_267' title='bbox 1940 3118 2013 3172; x_wconf 90' lang='lat' dir='ltr'>sit</span> <span class='ocrx_word' id='word_1_268' title='bbox 2060 3117 2268 3173; x_wconf 76' lang='lat' dir='ltr'>tardior</span> <span class='ocrx_word' id='word_1_269' title='bbox 2310 3116 2449 3171; x_wconf 81' lang='lat' dir='ltr'>Jove</span> <span class='ocrx_word' id='word_1_270' title='bbox 2479 3115 2755 3181; x_wconf 86' lang='lat' dir='ltr'>humiliori</span> <span class='ocrx_word' id='word_1_271' title='bbox 2801 3121 2861 3170; x_wconf 87' lang='lat' dir='ltr'>et</span> <span class='ocrx_word' id='word_1_272' title='bbox 2906 3114 3020 3171; x_wconf 86' lang='lat' dir='ltr'>Soli</span> 
     </span>
     <span class='ocr_line' id='line_1_30' title="bbox 302 3195 3024 3289; baseline -0.001 -38"><span class='ocrx_word' id='word_1_273' title='bbox 302 3196 566 3262; x_wconf 74' lang='lat' dir='ltr'>viciniori,</span> <span class='ocrx_word' id='word_1_274' title='bbox 610 3198 802 3251; x_wconf 87' lang='lat' dir='ltr'>eadem</span> <span class='ocrx_word' id='word_1_275' title='bbox 831 3196 1054 3261; x_wconf 85' lang='lat' dir='ltr'>efficiat,</span> <span class='ocrx_word' id='word_1_276' title='bbox 1101 3205 1163 3251; x_wconf 89' lang='lat' dir='ltr'>ut</span> <span class='ocrx_word' id='word_1_277' title='bbox 1191 3198 1460 3252; x_wconf 83' lang='lat' dir='ltr'>Saturnus</span> <span class='ocrx_word' id='word_1_278' title='bbox 1489 3199 1636 3252; x_wconf 75' lang='lat' dir='ltr'>altus</span> <span class='ocrx_word' id='word_1_279' title='bbox 1667 3204 1726 3250; x_wconf 90' lang='lat' dir='ltr'>et</span> <span class='ocrx_word' id='word_1_280' title='bbox 1755 3214 2044 3269; x_wconf 82' lang='lat' dir='ltr'>apogaeus</span> <span class='ocrx_word' id='word_1_281' title='bbox 2084 3198 2159 3251; x_wconf 88' lang='lat' dir='ltr'>sit</span> <span class='ocrx_word' id='word_1_282' title='bbox 2186 3195 2397 3252; x_wconf 75' lang='lat' dir='ltr'>tardior</span> <span class='ocrx_word' id='word_1_283' title='bbox 2425 3214 2485 3249; x_wconf 88' lang='lat' dir='ltr'>se</span> <span class='ocrx_word' id='word_1_284' title='bbox 2514 3196 2635 3289; x_wconf 70' lang='lat' dir='ltr'>ipso</span> <span class='ocrx_word' id='word_1_285' title='bbox 2665 3196 2935 3268; x_wconf 82' lang='lat' dir='ltr'>perigaeo</span> <span class='ocrx_word' id='word_1_286' title='bbox 2962 3203 3024 3249; x_wconf 88' lang='lat' dir='ltr'>et</span> 
     </span>
     <span class='ocr_line' id='line_1_31' title="bbox 302 3275 3018 3349; baseline -0.001 -17"><span class='ocrx_word' id='word_1_287' title='bbox 302 3277 514 3333; x_wconf 87' lang='lat' dir='ltr'>humili.</span> <span class='ocrx_word' id='word_1_288' title='bbox 591 3278 778 3331; x_wconf 87' lang='lat' dir='ltr'>Causa</span> <span class='ocrx_word' id='word_1_289' title='bbox 805 3276 1092 3347; x_wconf 87' lang='lat' dir='ltr'>utriusque</span> <span class='ocrx_word' id='word_1_290' title='bbox 1120 3278 1200 3331; x_wconf 91' lang='lat' dir='ltr'>rei</span> <span class='ocrx_word' id='word_1_291' title='bbox 1231 3284 1319 3331; x_wconf 89' lang='lat' dir='ltr'>est</span> <span class='ocrx_word' id='word_1_292' title='bbox 1346 3277 1630 3349; x_wconf 81' lang='lat' dir='ltr'>elongatio</span> <span class='ocrx_word' id='word_1_293' title='bbox 1661 3278 1927 3347; x_wconf 85' lang='lat' dir='ltr'>planetae</span> <span class='ocrx_word' id='word_1_294' title='bbox 1956 3294 1993 3331; x_wconf 85' lang='lat' dir='ltr'>a</span> <span class='ocrx_word' id='word_1_295' title='bbox 2020 3278 2149 3332; x_wconf 91' lang='lat' dir='ltr'>Sole</span> <span class='ocrx_word' id='word_1_296' title='bbox 2178 3277 2470 3331; x_wconf 89' lang='lat' dir='ltr'>rectilinea</span> <span class='ocrx_word' id='word_1_297' title='bbox 2505 3276 2681 3345; x_wconf 73' lang='lat' dir='ltr'>major</span> <span class='ocrx_word' id='word_1_298' title='bbox 2708 3277 2799 3329; x_wconf 83' lang='lat' dir='ltr'>vel</span> <span class='ocrx_word' id='word_1_299' title='bbox 2829 3275 3018 3338; x_wconf 86' lang='lat' dir='ltr'>minor,</span> 
     </span>
     <span class='ocr_line' id='line_1_32' title="bbox 306 3356 2799 3429; baseline -0.002 -17"><span class='ocrx_word' id='word_1_300' title='bbox 306 3358 436 3429; x_wconf 84' lang='lat' dir='ltr'>quia</span> <span class='ocrx_word' id='word_1_301' title='bbox 461 3360 630 3429; x_wconf 83' lang='lat' dir='ltr'>longe</span> <span class='ocrx_word' id='word_1_302' title='bbox 659 3357 872 3411; x_wconf 87' lang='lat' dir='ltr'>distans</span> <span class='ocrx_word' id='word_1_303' title='bbox 903 3372 939 3410; x_wconf 91' lang='lat' dir='ltr'>a</span> <span class='ocrx_word' id='word_1_304' title='bbox 965 3358 1095 3412; x_wconf 90' lang='lat' dir='ltr'>Sole</span> <span class='ocrx_word' id='word_1_305' title='bbox 1123 3363 1381 3411; x_wconf 80' lang='lat' dir='ltr'>versatur</span> <span class='ocrx_word' id='word_1_306' title='bbox 1410 3358 1462 3409; x_wconf 88' lang='lat' dir='ltr'>in</span> <span class='ocrx_word' id='word_1_307' title='bbox 1493 3358 1698 3410; x_wconf 75' lang='lat' dir='ltr'>virtute</span> <span class='ocrx_word' id='word_1_308' title='bbox 1729 3357 1907 3411; x_wconf 88' lang='lat' dir='ltr'>Solari</span> <span class='ocrx_word' id='word_1_309' title='bbox 1938 3357 2188 3411; x_wconf 86' lang='lat' dir='ltr'>tenuiore</span> <span class='ocrx_word' id='word_1_310' title='bbox 2218 3364 2277 3411; x_wconf 91' lang='lat' dir='ltr'>et</span> <span class='ocrx_word' id='word_1_311' title='bbox 2302 3356 2678 3410; x_wconf 87' lang='lat' dir='ltr'>imbecilliore.</span> <span class='ocrx_word' id='word_1_312' title='bbox 2775 3377 2799 3387; x_wconf 89' lang='lat'>-</span> 
     </span>
     <span class='ocr_line' id='line_1_33' title="bbox 463 3428 2767 3528; baseline -0.002 -36"><span class='ocrx_word' id='word_1_313' title='bbox 463 3434 524 3503; x_wconf 88' lang='lat' dir='ltr'>b)</span> <span class='ocrx_word' id='word_1_314' title='bbox 575 3438 750 3500; x_wconf 85' lang='lat' dir='ltr'>Quam</span> <span class='ocrx_word' id='word_1_315' title='bbox 779 3437 1268 3528; x_wconf 81' lang='lat' dir='ltr'>aequipollentiam</span> <span class='ocrx_word' id='word_1_316' title='bbox 1297 3437 1690 3507; x_wconf 78' lang='lat' dir='ltr'>hypothesium</span> <span class='ocrx_word' id='word_1_317' title='bbox 1719 3438 1875 3490; x_wconf 82' lang='lat' dir='ltr'>docui</span> <span class='ocrx_word' id='word_1_318' title='bbox 1902 3436 1960 3491; x_wconf 82' lang='lat' dir='ltr'>in</span> <span class='ocrx_word' id='word_1_319' title='bbox 1989 3439 2284 3491; x_wconf 85' lang='lat' dir='ltr'>comment.</span> <span class='ocrx_word' id='word_1_320' title='bbox 2316 3436 2513 3491; x_wconf 84' lang='lat' dir='ltr'>Martis</span> <span class='ocrx_word' id='word_1_321' title='bbox 2542 3444 2691 3506; x_wconf 85' lang='lat' dir='ltr'>part.</span> <span class='ocrx_word' id='word_1_322' title='bbox 2722 3428 2767 3489; x_wconf 91' lang='grc' dir='ltr'>Ῐ.</span> 
     </span>
     <span class='ocr_line' id='line_1_34' title="bbox 465 3514 3019 3585; baseline -0.001 -14"><span class='ocrx_word' id='word_1_323' title='bbox 465 3515 516 3585; x_wconf 90' lang='lat' dir='ltr'>c)</span> <span class='ocrx_word' id='word_1_324' title='bbox 563 3519 684 3572; x_wconf 87' lang='lat' dir='ltr'>Hoc</span> <span class='ocrx_word' id='word_1_325' title='bbox 727 3534 860 3570; x_wconf 83' lang='lat' dir='ltr'>vero</span> <span class='ocrx_word' id='word_1_326' title='bbox 888 3517 944 3570; x_wconf 91' lang='lat' dir='ltr'>in</span> <span class='ocrx_word' id='word_1_327' title='bbox 976 3517 1424 3571; x_wconf 83' lang='lat' dir='ltr'>annotationibus</span> <span class='ocrx_word' id='word_1_328' title='bbox 1454 3516 1877 3571; x_wconf 78' lang='lat' dir='ltr'>emendavimus.</span> <span class='ocrx_word' id='word_1_329' title='bbox 1945 3519 2069 3571; x_wconf 85' lang='lat' dir='ltr'>Non</span> <span class='ocrx_word' id='word_1_330' title='bbox 2097 3518 2269 3585; x_wconf 87' lang='lat' dir='ltr'>dupla</span> <span class='ocrx_word' id='word_1_331' title='bbox 2308 3524 2435 3570; x_wconf 86' lang='lat' dir='ltr'>erat</span> <span class='ocrx_word' id='word_1_332' title='bbox 2462 3514 2809 3585; x_wconf 88' lang='lat' dir='ltr'>periodorum</span> <span class='ocrx_word' id='word_1_333' title='bbox 2853 3522 2915 3569; x_wconf 84' lang='lat' dir='ltr'>et</span> <span class='ocrx_word' id='word_1_334' title='bbox 2940 3514 3019 3570; x_wconf 85' lang='lat' dir='ltr'>sic</span> 
     </span>
     <span class='ocr_line' id='line_1_35' title="bbox 305 3594 3016 3667; baseline -0.002 -14"><span class='ocrx_word' id='word_1_335' title='bbox 305 3598 630 3653; x_wconf 86' lang='lat' dir='ltr'>tarditatum</span> <span class='ocrx_word' id='word_1_336' title='bbox 674 3597 959 3667; x_wconf 87' lang='lat' dir='ltr'>proportio</span> <span class='ocrx_word' id='word_1_337' title='bbox 990 3600 1060 3651; x_wconf 86' lang='lat' dir='ltr'>ad</span> <span class='ocrx_word' id='word_1_338' title='bbox 1091 3597 1496 3667; x_wconf 85' lang='lat' dir='ltr'>proportionem</span> <span class='ocrx_word' id='word_1_339' title='bbox 1539 3598 1766 3659; x_wconf 85' lang='lat' dir='ltr'>orbium,</span> <span class='ocrx_word' id='word_1_340' title='bbox 1817 3598 1913 3651; x_wconf 88' lang='lat' dir='ltr'>sed</span> <span class='ocrx_word' id='word_1_341' title='bbox 1942 3596 2316 3667; x_wconf 88' lang='lat' dir='ltr'>sesquialtera</span> <span class='ocrx_word' id='word_1_342' title='bbox 2344 3594 2560 3649; x_wconf 83' lang='lat' dir='ltr'>saltem.</span> <span class='ocrx_word' id='word_1_343' title='bbox 2635 3594 2757 3648; x_wconf 89' lang='lat' dir='ltr'>At</span> <span class='ocrx_word' id='word_1_344' title='bbox 2741 3612 2797 3647; x_wconf 88' lang='grc' dir='ltr'>ιιι</span> <span class='ocrx_word' id='word_1_345' title='bbox 2823 3596 3016 3664; x_wconf 87' lang='lat' dir='ltr'>plane-</span> 
     </span>
     <span class='ocr_line' id='line_1_36' title="bbox 303 3672 3017 3747; baseline -0.002 -15"><span class='ocrx_word' id='word_1_346' title='bbox 303 3686 398 3733; x_wconf 87' lang='lat' dir='ltr'>tae</span> <span class='ocrx_word' id='word_1_347' title='bbox 440 3679 599 3733; x_wconf 88' lang='lat' dir='ltr'>unius</span> <span class='ocrx_word' id='word_1_348' title='bbox 630 3676 884 3731; x_wconf 75' lang='lat' dir='ltr'>motibus</span> <span class='ocrx_word' id='word_1_349' title='bbox 910 3696 985 3731; x_wconf 85' lang='lat' dir='ltr'>ex</span> <span class='ocrx_word' id='word_1_350' title='bbox 1013 3678 1142 3732; x_wconf 91' lang='lat' dir='ltr'>Sole</span> <span class='ocrx_word' id='word_1_351' title='bbox 1192 3678 1611 3747; x_wconf 84' lang='lat' dir='ltr'>apparentibus,</span> <span class='ocrx_word' id='word_1_352' title='bbox 1661 3677 1887 3746; x_wconf 86' lang='lat' dir='ltr'>aphelio</span> <span class='ocrx_word' id='word_1_353' title='bbox 1930 3683 1989 3730; x_wconf 89' lang='lat' dir='ltr'>et</span> <span class='ocrx_word' id='word_1_354' title='bbox 2032 3672 2321 3745; x_wconf 86' lang='lat' dir='ltr'>perihelio,</span> <span class='ocrx_word' id='word_1_355' title='bbox 2372 3680 2581 3747; x_wconf 78' lang='lat' dir='ltr'>regnat</span> <span class='ocrx_word' id='word_1_356' title='bbox 2624 3672 2911 3743; x_wconf 84' lang='lat' dir='ltr'>proportio</span> <span class='ocrx_word' id='word_1_357' title='bbox 2938 3672 3017 3727; x_wconf 89' lang='lat' dir='ltr'>di-</span> 
     </span>
     <span class='ocr_line' id='line_1_37' title="bbox 304 3755 3019 3828; baseline -0.002 -16"><span class='ocrx_word' id='word_1_358' title='bbox 304 3760 630 3814; x_wconf 81' lang='lat' dir='ltr'>stantiarum</span> <span class='ocrx_word' id='word_1_359' title='bbox 672 3756 920 3826; x_wconf 80' lang='lat' dir='ltr'>praecise</span> <span class='ocrx_word' id='word_1_360' title='bbox 957 3758 1130 3828; x_wconf 86' lang='lat' dir='ltr'>dupla</span> <span class='ocrx_word' id='word_1_361' title='bbox 1170 3757 1226 3811; x_wconf 89' lang='lat' dir='ltr'>in</span> <span class='ocrx_word' id='word_1_362' title='bbox 1253 3757 1490 3811; x_wconf 89' lang='lat' dir='ltr'>motibus</span> <span class='ocrx_word' id='word_1_363' title='bbox 1531 3757 1666 3827; x_wconf 84' lang='lat' dir='ltr'>ipsis</span> <span class='ocrx_word' id='word_1_364' title='bbox 1695 3756 1919 3819; x_wconf 87' lang='lat' dir='ltr'>diurnis,</span> <span class='ocrx_word' id='word_1_365' title='bbox 1966 3763 2031 3810; x_wconf 91' lang='lat' dir='ltr'>ut</span> <span class='ocrx_word' id='word_1_366' title='bbox 2058 3760 2186 3810; x_wconf 89' lang='lat' dir='ltr'>sunt</span> <span class='ocrx_word' id='word_1_367' title='bbox 2232 3770 2391 3810; x_wconf 83' lang='lat' dir='ltr'>arcus</span> <span class='ocrx_word' id='word_1_368' title='bbox 2421 3755 2862 3817; x_wconf 83' lang='lat' dir='ltr'>eccentrioorum‚</span> <span class='ocrx_word' id='word_1_369' title='bbox 2893 3769 3019 3824; x_wconf 86' lang='lat' dir='ltr'>pro·</span> 
     </span>
     <span class='ocr_line' id='line_1_38' title="bbox 303 3831 3021 3910; baseline -0.002 -17"><span class='ocrx_word' id='word_1_370' title='bbox 303 3840 484 3909; x_wconf 89' lang='lat' dir='ltr'>portio</span> <span class='ocrx_word' id='word_1_371' title='bbox 529 3836 804 3910; x_wconf 86' lang='lat' dir='ltr'>ipsissima</span> <span class='ocrx_word' id='word_1_372' title='bbox 849 3837 1232 3892; x_wconf 83' lang='lat' dir='ltr'>distantiarum</span> <span class='ocrx_word' id='word_1_373' title='bbox 1262 3837 1478 3908; x_wconf 87' lang='lat' dir='ltr'>simpla,</span> <span class='ocrx_word' id='word_1_374' title='bbox 1525 3837 1650 3890; x_wconf 78' lang='lat' dir='ltr'>vide</span> <span class='ocrx_word' id='word_1_375' title='bbox 1679 3837 1975 3891; x_wconf 87' lang='lat' dir='ltr'>Comment.</span> <span class='ocrx_word' id='word_1_376' title='bbox 2008 3834 2202 3890; x_wconf 77' lang='lat' dir='ltr'>Martis</span> <span class='ocrx_word' id='word_1_377' title='bbox 2234 3842 2377 3905; x_wconf 87' lang='lat' dir='ltr'>part.</span> <span class='ocrx_word' id='word_1_378' title='bbox 2410 3837 2488 3889; x_wconf 87' lang='lat'>111</span> <span class='ocrx_word' id='word_1_379' title='bbox 2528 3840 2589 3889; x_wconf 87' lang='lat' dir='ltr'>et</span> <span class='ocrx_word' id='word_1_380' title='bbox 2623 3831 2715 3889; x_wconf 84' lang='lat' dir='ltr'>IV.</span> <span class='ocrx_word' id='word_1_381' title='bbox 2780 3834 3021 3888; x_wconf 81' lang='lat' dir='ltr'>Causam</span> 
     </span>
     <span class='ocr_line' id='line_1_39' title="bbox 303 3916 2015 3986; baseline -0.002 -14"><span class='ocrx_word' id='word_1_382' title='bbox 303 3919 640 3975; x_wconf 74' lang='lat' dir='ltr'>diversitatis</span> <span class='ocrx_word' id='word_1_383' title='bbox 669 3916 1132 3973; x_wconf 82' lang='lat' dir='ltr'>evidentissimam</span> <span class='ocrx_word' id='word_1_384' title='bbox 1159 3918 1334 3973; x_wconf 87' lang='lat' dir='ltr'>habet</span> <span class='ocrx_word' id='word_1_385' title='bbox 1361 3917 1454 3972; x_wconf 91' lang='lat' dir='ltr'>lib.</span> <span class='ocrx_word' id='word_1_386' title='bbox 1485 3919 1580 3973; x_wconf 86' lang='lat' dir='ltr'>IV.</span> <span class='ocrx_word' id='word_1_387' title='bbox 1609 3916 1760 3986; x_wconf 87' lang='lat' dir='ltr'>Epit.</span> <span class='ocrx_word' id='word_1_388' title='bbox 1789 3918 2015 3970; x_wconf 79' lang='lat' dir='ltr'>Astron.</span> 
     </span>
     <span class='ocr_line' id='line_1_40' title="bbox 263 3992 3009 4067; baseline -0.003 -13"><span class='ocrx_word' id='word_1_389' title='bbox 263 4038 269 4043; x_wconf 85' lang='lat'><em>-</em></span> <span class='ocrx_word' id='word_1_390' title='bbox 461 3995 524 4067; x_wconf 85' lang='lat' dir='ltr'>d)</span> <span class='ocrx_word' id='word_1_391' title='bbox 562 4001 683 4054; x_wconf 86' lang='lat' dir='ltr'>Hoc</span> <span class='ocrx_word' id='word_1_392' title='bbox 710 3998 777 4051; x_wconf 88' lang='lat' dir='ltr'>de</span> <span class='ocrx_word' id='word_1_393' title='bbox 809 3998 1107 4067; x_wconf 88' lang='lat' dir='ltr'>Copernico</span> <span class='ocrx_word' id='word_1_394' title='bbox 1136 4014 1326 4051; x_wconf 77' lang='lat' dir='ltr'>verum</span> <span class='ocrx_word' id='word_1_395' title='bbox 1353 4005 1456 4061; x_wconf 87' lang='lat' dir='ltr'>est,</span> <span class='ocrx_word' id='word_1_396' title='bbox 1489 3996 1574 4051; x_wconf 87' lang='lat' dir='ltr'>cui</span> <span class='ocrx_word' id='word_1_397' title='bbox 1604 3998 1644 4051; x_wconf 92' lang='lat' dir='ltr'>C</span> <span class='ocrx_word' id='word_1_398' title='bbox 1666 4004 1911 4049; x_wconf 86' lang='lat' dir='ltr'>centrum</span> <span class='ocrx_word' id='word_1_399' title='bbox 1940 4004 2028 4050; x_wconf 90' lang='lat' dir='ltr'>est</span> <span class='ocrx_word' id='word_1_400' title='bbox 2056 3994 2365 4065; x_wconf 59' lang='lat' dir='ltr'>aequantia</span> <span class='ocrx_word' id='word_1_401' title='bbox 2400 4011 2499 4047; x_wconf 90' lang='lat' dir='ltr'>seu</span> <span class='ocrx_word' id='word_1_402' title='bbox 2530 3994 2711 4064; x_wconf 87' lang='lat' dir='ltr'>potius</span> <span class='ocrx_word' id='word_1_403' title='bbox 2740 3992 3009 4048; x_wconf 78' lang='lat' dir='ltr'>eccentri-</span> 
     </span>
     <span class='ocr_line' id='line_1_41' title="bbox 305 4074 3019 4149; baseline -0.002 -16"><span class='ocrx_word' id='word_1_404' title='bbox 305 4079 612 4141; x_wconf 88' lang='lat' dir='ltr'>eccentrici‚</span> <span class='ocrx_word' id='word_1_405' title='bbox 655 4077 702 4131; x_wconf 92' lang='grc' dir='ltr'>Β</span> <span class='ocrx_word' id='word_1_406' title='bbox 733 4083 977 4131; x_wconf 86' lang='lat' dir='ltr'>cent-rum</span> <span class='ocrx_word' id='word_1_407' title='bbox 1020 4079 1144 4133; x_wconf 79' lang='lat' dir='ltr'>viae</span> <span class='ocrx_word' id='word_1_408' title='bbox 1175 4079 1458 4149; x_wconf 82' lang='lat' dir='ltr'>planetae,</span> <span class='ocrx_word' id='word_1_409' title='bbox 1503 4082 1562 4131; x_wconf 86' lang='lat' dir='ltr'>et</span> <span class='ocrx_word' id='word_1_410' title='bbox 1607 4076 1780 4146; x_wconf 85' lang='lat' dir='ltr'>ipsius</span> <span class='ocrx_word' id='word_1_411' title='bbox 1807 4077 1905 4131; x_wconf 83' lang='lat' dir='ltr'>Ac</span> <span class='ocrx_word' id='word_1_412' title='bbox 1946 4094 2076 4147; x_wconf 88' lang='lat' dir='ltr'>pars</span> <span class='ocrx_word' id='word_1_413' title='bbox 2107 4077 2279 4130; x_wconf 79' lang='lat' dir='ltr'>tertia</span> <span class='ocrx_word' id='word_1_414' title='bbox 2306 4074 2413 4129; x_wconf 80' lang='lat' dir='ltr'>Bc.</span> <span class='ocrx_word' id='word_1_415' title='bbox 2492 4080 2571 4129; x_wconf 80' lang='lat' dir='ltr'>At</span> <span class='ocrx_word' id='word_1_416' title='bbox 2617 4074 2671 4127; x_wconf 90' lang='lat' dir='ltr'>in</span> <span class='ocrx_word' id='word_1_417' title='bbox 2698 4074 3019 4129; x_wconf 74' lang='lat' dir='ltr'>Ptolemaeo</span> 
     </span>
     <span class='ocr_line' id='line_1_42' title="bbox 305 4152 3019 4227; baseline -0.002 -12"><span class='ocrx_word' id='word_1_418' title='bbox 305 4160 451 4215; x_wconf 87' lang='lat' dir='ltr'>ratio</span> <span class='ocrx_word' id='word_1_419' title='bbox 493 4166 581 4213; x_wconf 89' lang='lat' dir='ltr'>est</span> <span class='ocrx_word' id='word_1_420' title='bbox 627 4156 762 4212; x_wconf 86' lang='lat' dir='ltr'>alia.</span> <span class='ocrx_word' id='word_1_421' title='bbox 845 4157 933 4211; x_wconf 93' lang='lat' dir='ltr'>Illi</span> <span class='ocrx_word' id='word_1_422' title='bbox 977 4157 1120 4213; x_wconf 88' lang='lat' dir='ltr'>enim</span> <span class='ocrx_word' id='word_1_423' title='bbox 1148 4158 1200 4211; x_wconf 91' lang='lat' dir='ltr'>D</span> <span class='ocrx_word' id='word_1_424' title='bbox 1249 4164 1338 4211; x_wconf 90' lang='lat' dir='ltr'>est</span> <span class='ocrx_word' id='word_1_425' title='bbox 1384 4164 1630 4213; x_wconf 87' lang='lat' dir='ltr'>centrum</span> <span class='ocrx_word' id='word_1_426' title='bbox 1676 4155 1985 4227; x_wconf 86' lang='lat' dir='ltr'>aequantis‚</span> <span class='ocrx_word' id='word_1_427' title='bbox 2028 4157 2075 4211; x_wconf 92' lang='lat' dir='ltr'>B</span> <span class='ocrx_word' id='word_1_428' title='bbox 2124 4155 2433 4220; x_wconf 89' lang='lat' dir='ltr'>eccentrici,</span> <span class='ocrx_word' id='word_1_429' title='bbox 2478 4172 2649 4227; x_wconf 86' lang='lat' dir='ltr'>quare</span> <span class='ocrx_word' id='word_1_430' title='bbox 2696 4152 2867 4225; x_wconf 76' lang='lat' dir='ltr'>ipsius</span> <span class='ocrx_word' id='word_1_431' title='bbox 2914 4154 3019 4209; x_wconf 84' lang='lat' dir='ltr'>AD</span> 
     </span>
     <span class='ocr_line' id='line_1_43' title="bbox 306 4238 841 4295; baseline -0.009 0"><span class='ocrx_word' id='word_1_432' title='bbox 306 4239 546 4295; x_wconf 84' lang='lat' dir='ltr'>semissis</span> <span class='ocrx_word' id='word_1_433' title='bbox 586 4244 676 4291; x_wconf 91' lang='lat' dir='ltr'>est</span> <span class='ocrx_word' id='word_1_434' title='bbox 719 4238 841 4291; x_wconf 88' lang='lat' dir='ltr'>BD.</span> 
     </span>
    </p>

    <p class='ocr_par' dir='ltr' id='par_1_8' title="bbox 303 4314 3015 4546">
     <span class='ocr_line' id='line_1_44' title="bbox 461 4314 3015 4388; baseline -0.003 -15"><span class='ocrx_word' id='word_1_435' title='bbox 461 4314 520 4383; x_wconf 81' lang='lat' dir='ltr'>e)</span> <span class='ocrx_word' id='word_1_436' title='bbox 561 4318 801 4372; x_wconf 84' lang='lat' dir='ltr'>Rursum</span> <span class='ocrx_word' id='word_1_437' title='bbox 829 4332 929 4386; x_wconf 89' lang='lat' dir='ltr'>pro</span> <span class='ocrx_word' id='word_1_438' title='bbox 959 4314 1143 4369; x_wconf 87' lang='lat' dir='ltr'>anima</span> <span class='ocrx_word' id='word_1_439' title='bbox 1170 4316 1428 4388; x_wconf 81' lang='lat' dir='ltr'>intellige</span> <span class='ocrx_word' id='word_1_440' title='bbox 1459 4315 1601 4370; x_wconf 87' lang='lat' dir='ltr'>Solis</span> <span class='ocrx_word' id='word_1_441' title='bbox 1631 4316 1872 4385; x_wconf 89' lang='lat' dir='ltr'>speciem</span> <span class='ocrx_word' id='word_1_442' title='bbox 1900 4316 2341 4381; x_wconf 88' lang='lat' dir='ltr'>immateriatam‚</span> <span class='ocrx_word' id='word_1_443' title='bbox 2388 4326 2682 4372; x_wconf 85' lang='lat' dir='ltr'>extensam</span> <span class='ocrx_word' id='word_1_444' title='bbox 2724 4321 2789 4367; x_wconf 89' lang='lat' dir='ltr'>ut</span> <span class='ocrx_word' id='word_1_445' title='bbox 2815 4316 3015 4377; x_wconf 85' lang='lat' dir='ltr'>lumen,</span> 
     </span>
     <span class='ocr_line' id='line_1_45' title="bbox 304 4392 3015 4465; baseline -0.003 -11"><span class='ocrx_word' id='word_1_446' title='bbox 304 4406 364 4454; x_wconf 85' lang='lat' dir='ltr'>et</span> <span class='ocrx_word' id='word_1_447' title='bbox 407 4398 642 4455; x_wconf 86' lang='lat' dir='ltr'>habebis</span> <span class='ocrx_word' id='word_1_448' title='bbox 689 4396 778 4450; x_wconf 89' lang='lat' dir='ltr'>hic</span> <span class='ocrx_word' id='word_1_449' title='bbox 815 4396 1076 4452; x_wconf 81' lang='lat' dir='ltr'>brevibus</span> <span class='ocrx_word' id='word_1_450' title='bbox 1104 4395 1287 4450; x_wconf 79' lang='lat' dir='ltr'>verbis</span> <span class='ocrx_word' id='word_1_451' title='bbox 1334 4394 1598 4451; x_wconf 83' lang='lat' dir='ltr'>sumniam</span> <span class='ocrx_word' id='word_1_452' title='bbox 1645 4412 1800 4450; x_wconf 86' lang='lat' dir='ltr'>meae</span> <span class='ocrx_word' id='word_1_453' title='bbox 1846 4395 2112 4465; x_wconf 80' lang='lat' dir='ltr'>physicae</span> <span class='ocrx_word' id='word_1_454' title='bbox 2140 4397 2417 4460; x_wconf 87' lang='lat' dir='ltr'>coelestis,</span> <span class='ocrx_word' id='word_1_455' title='bbox 2466 4392 2729 4453; x_wconf 84' lang='lat' dir='ltr'>traditam</span> <span class='ocrx_word' id='word_1_456' title='bbox 2777 4393 2833 4447; x_wconf 86' lang='lat' dir='ltr'>in</span> <span class='ocrx_word' id='word_1_457' title='bbox 2862 4394 3015 4447; x_wconf 89' lang='lat' dir='ltr'>Com-</span> 
     </span>
     <span class='ocr_line' id='line_1_46' title="bbox 303 4474 2322 4546; baseline -0.001 -12"><span class='ocrx_word' id='word_1_458' title='bbox 303 4486 467 4534; x_wconf 89' lang='lat' dir='ltr'>ment.</span> <span class='ocrx_word' id='word_1_459' title='bbox 499 4480 697 4535; x_wconf 83' lang='lat' dir='ltr'>Martis</span> <span class='ocrx_word' id='word_1_460' title='bbox 729 4483 876 4546; x_wconf 89' lang='lat' dir='ltr'>part.</span> <span class='ocrx_word' id='word_1_461' title='bbox 911 4476 1002 4530; x_wconf 86' lang='lat' dir='ltr'>m.</span> <span class='ocrx_word' id='word_1_462' title='bbox 1034 4481 1094 4528; x_wconf 93' lang='lat' dir='ltr'>et</span> <span class='ocrx_word' id='word_1_463' title='bbox 1118 4476 1212 4530; x_wconf 85' lang='lat' dir='ltr'>IV.</span> <span class='ocrx_word' id='word_1_464' title='bbox 1245 4484 1306 4530; x_wconf 90' lang='lat' dir='ltr'>et</span> <span class='ocrx_word' id='word_1_465' title='bbox 1330 4476 1632 4546; x_wconf 86' lang='lat' dir='ltr'>repetitam</span> <span class='ocrx_word' id='word_1_466' title='bbox 1659 4476 1753 4530; x_wconf 90' lang='lat' dir='ltr'>lib.</span> <span class='ocrx_word' id='word_1_467' title='bbox 1788 4474 1883 4530; x_wconf 84' lang='lat' dir='ltr'>lv.</span> <span class='ocrx_word' id='word_1_468' title='bbox 1914 4476 2065 4545; x_wconf 88' lang='lat' dir='ltr'>Epit.</span> <span class='ocrx_word' id='word_1_469' title='bbox 2097 4480 2322 4532; x_wconf 85' lang='lat' dir='ltr'>Astron.</span> 
     </span>
    </p>

    <p class='ocr_par' dir='ltr' id='par_1_9' title="bbox 303 4554 3073 4783">
     <span class='ocr_line' id='line_1_47' title="bbox 461 4554 3073 4629; baseline -0.002 -16"><span class='ocrx_word' id='word_1_470' title='bbox 461 4555 520 4629; x_wconf 80' lang='lat' dir='ltr'>f)</span> <span class='ocrx_word' id='word_1_471' title='bbox 562 4558 716 4615; x_wconf 86' lang='lat' dir='ltr'>Nihil</span> <span class='ocrx_word' id='word_1_472' title='bbox 755 4574 894 4627; x_wconf 87' lang='lat' dir='ltr'>opus</span> <span class='ocrx_word' id='word_1_473' title='bbox 933 4556 1290 4625; x_wconf 85' lang='lat' dir='ltr'>exceptione:</span> <span class='ocrx_word' id='word_1_474' title='bbox 1333 4572 1464 4609; x_wconf 83' lang='lat' dir='ltr'>vero</span> <span class='ocrx_word' id='word_1_475' title='bbox 1501 4556 1686 4610; x_wconf 80' lang='lat' dir='ltr'>verius</span> <span class='ocrx_word' id='word_1_476' title='bbox 1729 4562 1818 4609; x_wconf 87' lang='lat' dir='ltr'>est</span> <span class='ocrx_word' id='word_1_477' title='bbox 1860 4555 2029 4611; x_wconf 87' lang='lat' dir='ltr'>etiam</span> <span class='ocrx_word' id='word_1_478' title='bbox 2056 4557 2124 4609; x_wconf 90' lang='lat' dir='ltr'>de</span> <span class='ocrx_word' id='word_1_479' title='bbox 2154 4558 2373 4611; x_wconf 86' lang='lat' dir='ltr'>Venere</span> <span class='ocrx_word' id='word_1_480' title='bbox 2416 4562 2475 4609; x_wconf 87' lang='lat' dir='ltr'>et</span> <span class='ocrx_word' id='word_1_481' title='bbox 2502 4554 2792 4611; x_wconf 83' lang='lat' dir='ltr'>Mercurio.</span> <span class='ocrx_word' id='word_1_482' title='bbox 2875 4554 3015 4609; x_wconf 85' lang='lat' dir='ltr'>Nam</span> <span class='ocrx_word' id='word_1_483' title='bbox 3049 4594 3073 4602; x_wconf 93' lang='lat'><em>-</em></span> 
     </span>
     <span class='ocr_line' id='line_1_48' title="bbox 303 4635 3015 4712; baseline -0.003 -18"><span class='ocrx_word' id='word_1_484' title='bbox 303 4640 446 4712; x_wconf 85' lang='lat' dir='ltr'>quod</span> <span class='ocrx_word' id='word_1_485' title='bbox 488 4638 822 4708; x_wconf 84' lang='lat' dir='ltr'>Copernicus</span> <span class='ocrx_word' id='word_1_486' title='bbox 869 4636 1088 4706; x_wconf 86' lang='lat' dir='ltr'>aliquas</span> <span class='ocrx_word' id='word_1_487' title='bbox 1130 4637 1323 4691; x_wconf 88' lang='lat' dir='ltr'>horum</span> <span class='ocrx_word' id='word_1_488' title='bbox 1369 4637 1720 4705; x_wconf 86' lang='lat' dir='ltr'>planetarum</span> <span class='ocrx_word' id='word_1_489' title='bbox 1770 4636 2203 4704; x_wconf 81' lang='lat' dir='ltr'>inaequalitates</span> <span class='ocrx_word' id='word_1_490' title='bbox 2251 4636 2461 4707; x_wconf 83' lang='lat' dir='ltr'>alligat</span> <span class='ocrx_word' id='word_1_491' title='bbox 2501 4638 2571 4690; x_wconf 89' lang='lat' dir='ltr'>ad</span> <span class='ocrx_word' id='word_1_492' title='bbox 2616 4642 2823 4690; x_wconf 90' lang='lat' dir='ltr'>motum</span> <span class='ocrx_word' id='word_1_493' title='bbox 2870 4635 3015 4689; x_wconf 75' lang='lat' dir='ltr'>orbis</span> 
     </span>
     <span class='ocr_line' id='line_1_49' title="bbox 303 4720 1794 4783; baseline -0.011 -8"><span class='ocrx_word' id='word_1_494' title='bbox 303 4720 500 4783; x_wconf 59' lang='lat' dir='ltr'>annui,</span> <span class='ocrx_word' id='word_1_495' title='bbox 537 4720 592 4773; x_wconf 89' lang='lat' dir='ltr'>id</span> <span class='ocrx_word' id='word_1_496' title='bbox 635 4722 704 4773; x_wconf 88' lang='lat' dir='ltr'>de</span> <span class='ocrx_word' id='word_1_497' title='bbox 741 4734 928 4771; x_wconf 86' lang='lat' dir='ltr'>errore</span> <span class='ocrx_word' id='word_1_498' title='bbox 975 4724 1078 4770; x_wconf 88' lang='lat' dir='ltr'>est.</span> <span class='ocrx_word' id='word_1_499' title='bbox 1764 4748 1794 4759; x_wconf 81' lang='grc'><strong><em>,</em></strong></span> 
     </span>
    </p>

    <p class='ocr_par' dir='ltr' id='par_1_10' title="bbox 304 4794 3015 4951">
     <span class='ocr_line' id='line_1_50' title="bbox 369 4794 3013 4871; baseline -0.001 -20"><span class='ocrx_word' id='word_1_500' title='bbox 369 4842 380 4851; x_wconf 97' lang='grc'><strong><em>.</em></strong></span> <span class='ocrx_word' id='word_1_501' title='bbox 462 4795 531 4871; x_wconf 78' lang='lat' dir='ltr'>g)</span> <span class='ocrx_word' id='word_1_502' title='bbox 579 4801 744 4869; x_wconf 77' lang='lat' dir='ltr'>Apud</span> <span class='ocrx_word' id='word_1_503' title='bbox 772 4797 1153 4852; x_wconf 87' lang='lat' dir='ltr'>Ptolemaeum</span> <span class='ocrx_word' id='word_1_504' title='bbox 1182 4794 1394 4866; x_wconf 86' lang='lat' dir='ltr'>quidem</span> <span class='ocrx_word' id='word_1_505' title='bbox 1423 4800 1482 4849; x_wconf 86' lang='lat' dir='ltr'>et</span> <span class='ocrx_word' id='word_1_506' title='bbox 1511 4794 1889 4865; x_wconf 88' lang='lat' dir='ltr'>Copernicum.</span> <span class='ocrx_word' id='word_1_507' title='bbox 1966 4799 2043 4850; x_wconf 84' lang='lat' dir='ltr'>At</span> <span class='ocrx_word' id='word_1_508' title='bbox 2071 4812 2179 4866; x_wconf 83' lang='lat' dir='ltr'>ego</span> <span class='ocrx_word' id='word_1_509' title='bbox 2208 4796 2263 4849; x_wconf 92' lang='lat' dir='ltr'>in</span> <span class='ocrx_word' id='word_1_510' title='bbox 2294 4797 2592 4851; x_wconf 87' lang='lat' dir='ltr'>Comment.</span> <span class='ocrx_word' id='word_1_511' title='bbox 2624 4794 2825 4849; x_wconf 73' lang='lat' dir='ltr'>Martis</span> <span class='ocrx_word' id='word_1_512' title='bbox 2850 4810 3013 4864; x_wconf 82' lang='lat' dir='ltr'>prae·</span> 
     </span>
     <span class='ocr_line' id='line_1_51' title="bbox 304 4874 3015 4951; baseline -0.003 -16"><span class='ocrx_word' id='word_1_513' title='bbox 304 4882 586 4951; x_wconf 73' lang='lat' dir='ltr'>cipum-um</span> <span class='ocrx_word' id='word_1_514' title='bbox 613 4878 741 4933; x_wconf 88' lang='lat' dir='ltr'>libri</span> <span class='ocrx_word' id='word_1_515' title='bbox 769 4878 1130 4932; x_wconf 87' lang='lat' dir='ltr'>membrorum</span> <span class='ocrx_word' id='word_1_516' title='bbox 1177 4876 1282 4929; x_wconf 88' lang='lat' dir='ltr'>hoc</span> <span class='ocrx_word' id='word_1_517' title='bbox 1317 4891 1482 4929; x_wconf 89' lang='lat' dir='ltr'>unum</span> <span class='ocrx_word' id='word_1_518' title='bbox 1525 4875 1632 4929; x_wconf 85' lang='lat' dir='ltr'>feci</span> <span class='ocrx_word' id='word_1_519' title='bbox 1679 4881 1739 4929; x_wconf 90' lang='lat' dir='ltr'>et</span> <span class='ocrx_word' id='word_1_520' title='bbox 1765 4876 1924 4930; x_wconf 80' lang='lat' dir='ltr'>velut</span> <span class='ocrx_word' id='word_1_521' title='bbox 1950 4876 2283 4948; x_wconf 76' lang='lat' dir='ltr'>angularem</span> <span class='ocrx_word' id='word_1_522' title='bbox 2309 4876 2549 4946; x_wconf 85' lang='lat' dir='ltr'>lapidem</span> <span class='ocrx_word' id='word_1_523' title='bbox 2578 4874 2634 4929; x_wconf 90' lang='lat' dir='ltr'>in</span> <span class='ocrx_word' id='word_1_524' title='bbox 2664 4874 3015 4931; x_wconf 72' lang='lat' dir='ltr'>fundamento</span> 
     </span>
    </p>
   </div>
  </div>
 </body>
</html>
