3634 5575
1467 400 1790 458 Prooemium.
2852 473 2859 487 ,
2892 401 2977 469 37

259 559 324 621 in
377 556 645 642 Styriam
689 580 877 642 usqne
925 560 1056 641 ejus
1117 549 1520 630 familiaritas.
1614 564 1885 647 Tycboni
1948 562 2175 627 nullum
2236 564 2427 627 adhuc
2490 555 2729 627 mittere
2784 563 2970 645 potui.

259 648 442 711 Illius
480 649 768 727 judicium
817 650 991 712 avide
1041 662 1311 733 expecto,

445 733 582 799 Wie
613 740 709 801 ich
739 740 848 801 mit
875 742 1008 802 dem
1035 740 1298 803 Buechel
1327 742 1678 804 ankhomme
1712 743 1825 823 bey
1855 742 2018 803 einer
2047 740 2148 802 Er.
2181 740 2622 816 Landtschafft,
2670 742 2845 803 weiss
2877 740 2972 803 ich

257 824 425 888 noch
469 827 656 889 nicht.
741 828 916 893 Auch
971 830 1082 892 Ιιὸι·
1140 831 1237 893 ich
1294 832 1456 894 noch
1491 850 1604 893 von
1643 832 1840 895 kheim
1886 831 2217 910 Landttag.
2297 830 2525 891 Videor
2570 822 2715 893 mihi
2760 832 2975 911 volup-

255 923 396 977 tate
443 918 871 995 speculationis
919 928 1236 983 contentus
1285 940 1418 983 esse
1466 921 1702 995 debere,
1752 940 1861 983 nec
1894 921 2206 1001 quicquam
2244 919 2493 983 ulterius
2522 939 2787 1001 sperare.
2850 918 2975 983 Sed

255 1004 398 1065 Deo
446 1024 624 1067 curae
670 1017 844 1069 erunt
887 1008 1102 1071 omnia.
1197 1010 1454 1090 Tempus
1503 1018 1602 1071 est
1655 1016 1723 1070 ut
1775 1011 1981 1071 valere
2034 1018 2097 1070 te
2144 1009 2425 1089 jubeam,
2488 1010 2587 1073 Pr.
2640 1009 2775 1084 Ch,
2843 1028 2976 1072 cum

254 1094 514 1175 conjuge
563 1102 627 1157 et
671 1096 953 1160 universa
1000 1098 1228 1171 familia
1273 1108 1452 1181 atque
1500 1107 1630 1163 toto
1670 1099 1925 1179 collegio
1954 1098 2409 1180 philosophico;
2458 1099 2669 1180 quibus
2700 1098 2973 1161 omnibus

253 1183 522 1246 salutem
569 1185 817 1249 officios.
869 1188 1021 1251 dico.
1116 1189 1271 1251 Vale
1320 1198 1384 1251 et
1427 1208 1521 1251 me
1567 1207 1916 1268 promovere
1963 1207 2167 1268 perge.

1321 1278 1400 1339 H.
1451 1279 1519 1339 T.
1574 1276 1748 1341 Grat.
1800 1279 1951 1341 disc.

1452 1430 1466 1468 l

2280 1366 2373 1429 M.
2422 1366 2489 1431 J.
2538 1365 2794 1449 Kepler.

402 1522 548 1585 Quae
598 1524 844 1591 Keplerus
893 1526 1033 1574 initio
1071 1525 1306 1589 epistolae
1339 1528 1536 1587 jocatus
1575 1533 1709 1584 erat,
1767 1542 1867 1575 non
1920 1532 2175 1577 assecutus
2226 1524 2363 1577 Mae
2378 1528 2615 1577 stlinus
2659 1527 2883 1588 rescribit
2918 1528 2967 1578 d.

250 1592 336 1643 30.
380 1594 608 1645 Octobris
642 1613 689 1646 v,
726 1604 818 1645 st.:
859 1596 936 1649 De
972 1596 1154 1646 honore
1190 1598 1360 1661 regiae
1395 1598 1708 1659 professionis
1745 1610 1779 1647 a
1816 1596 1957 1647 Gallo
1994 1597 2208 1662 quodam
2244 1598 2331 1647 tibi
2359 1599 2556 1649 oblatae
2582 1600 2823 1649 hactenus
2848 1600 2969 1649 nihil

251 1672 391 1716 certe
432 1668 527 1716 vidi
563 1668 639 1717 vel
679 1668 855 1717 audivi.
913 1667 1012 1717 Sed
1051 1683 1128 1726 en,
1169 1668 1284 1732 quid
1320 1669 1446 1717 istae
1484 1674 1604 1718 tuae
1639 1670 1947 1719 inventiones
1982 1667 2143 1717 laudis
2178 1677 2475 1720 mereantur.
2536 1670 2763 1735 Regiam,
2801 1675 2858 1719 ιιι
2892 1672 2967 1719 in-

249 1738 423 1803 telligo
445 1774 460 1797 ,
514 1738 758 1789 Rameam
795 1738 1144 1804 professionem
1182 1740 1294 1788 olim
1329 1741 1618 1803 promissam
1667 1742 1709 1789 is
1765 1742 1853 1789 tibi
1907 1738 2063 1789 offert.
2140 1738 2240 1790 Sed
2294 1740 2432 1789 illurn
2469 1744 2669 1791 missum
2704 1740 2963 1799 faciamus,

248 1811 531 1875 quicunque
569 1812 646 1865 sit.
720 1810 925 1860 Nostros
961 1810 1212 1875 theologos
1249 1810 1466 1861 nonnihil
1523 1810 1729 1861 offendit
1785 1806 2113 1875 (prodromos)
2136 1846 2150 1867 ,
2206 1814 2472 1861 autoritate
2522 1820 2691 1862 tamen
2728 1812 2967 1875 Principis

245 1885 438 1939 nostri,
497 1885 574 1932 cui
609 1883 878 1947 principale
916 1883 1118 1932 schema
1151 1882 1435 1933 dedicatum
1473 1890 1573 1938 est,
1625 1884 1744 1933 moti
1795 1885 1847 1932 in
1897 1883 2057 1932 medio
2114 1883 2411 1948 relinquunt.
2488 1884 2555 1933 D.
2591 1883 2963 1933 Hafenrefferus

249 1954 405 2003 semel
446 1960 596 2018 atque
626 1954 807 2006 iterum
845 1954 1034 2017 (jocose
1073 1955 1302 2019 quidem,
1341 1954 1459 2005 licet
1489 1956 1616 2017 jocis
1653 1956 1784 2005 seria
1822 1954 1972 2004 etiam
2011 1955 2297 2003 intermixta
2331 1952 2615 2016 videantur)
2652 1971 2731 2005 me
2764 1957 2965 2006 adortus
3018 1962 3029 1969 ‘

248 2032 300 2075 et
335 2040 536 2077 mecum
573 2027 928 2089 disputaturum
965 2041 1018 2077 se
1057 2041 1164 2077 esse
1191 2032 1402 2075 testatus
1441 2034 1533 2081 est,
1572 2040 1721 2091 quam
1759 2027 1843 2077 diu
1877 2026 2059 2076 veritas
2097 2028 2369 2091 scripturae
2406 2041 2579 2077 sacrae
2618 2033 2751 2077 esset
2786 2030 2956 2091 persti·

247 2106 376 2147 tura.
437 2096 576 2147 Idem
613 2096 746 2147 haud
776 2099 850 2147 ita
884 2097 1068 2161 pridem
1105 2098 1158 2147 in
1192 2098 1390 2162 publica
1424 2082 1706 2161 vespertina
1743 2098 1979 2147 concione
2017 2097 2173 2148 dixit·
2212 2094 2377 2148 Deum
2412 2114 2655 2149 summum
2692 2106 2961 2149 creatorem

243 2184 344 2220 non
381 2168 698 2232 suspendisse
728 2168 892 2220 Solem
929 2171 980 2219 iu
1016 2170 1175 2219 medio
1211 2170 1398 2222 mundi.
1436 2176 1494 2219 ut
1527 2169 1814 2219 laternam
1801 2184 1853 2218 ιιι
1888 2170 2049 2219 medio
2082 2170 2211 2219 atrii.
2286 2169 2471 2221 Verum
2502 2172 2627 2233 jocis
2664 2170 2758 2219 illis
2790 2172 2966 2232 ¹iocosa

243 2254 493 2305 opponere
547 2240 682 2290 soleo
700 2276 716 2298 ,
755 2240 870 2291 dum
900 2242 1002 2304 joci
1039 2246 1188 2289 sunt·
1176 2278 1188 2298 ‚
1227 2242 1268 2291 si
1303 2242 1432 2291 serio
1467 2256 1545 2290 res
1582 2240 1782 2306 agenda
1818 2246 1979 2299 esset,
2034 2240 2177 2291 aliter
2211 2256 2531 2305 responsurus
2570 2246 2621 2291 et
2657 2256 2749 2308 ego
2787 2256 2961 2293 essem.

241 2312 335 2363 Pro
375 2313 583 2377 egregia
615 2312 885 2376 phantasia
919 2320 970 2361 et
1006 2312 1192 2362 erudito
1229 2314 1428 2363 invento
1463 2313 1596 2363 idem
1630 2312 1694 2363 Η.
1737 2313 1996 2379 agnoscit,
2035 2312 2125 2362 sed
2160 2328 2199 2361 s.
2238 2315 2511 2377 scripturae
2550 2319 2602 2361 et
2636 2314 2729 2377 ipsi
2767 2314 2962 2363 veritati
3064 2308 3069 2314 ’

243 2384 538 2433 contrariari
574 2384 772 2432 omnino
809 2390 862 2433 et
892 2384 1173 2447 simpliciter
1207 2390 1367 2449 putat.

335 2510 338 2513 ,
383 2454 706 2505 Hafenref
714 2455 738 2504 f
747 2456 840 2505 eri
872 2455 1110 2518 judicium
1145 2454 1240 2505 hac
1279 2456 1340 2504 de
1375 2470 1430 2506 re
1467 2454 1871 2520 deprehendimus
1907 2457 1959 2505 in
1998 2456 2207 2520 epistola
2242 2456 2307 2505 ad
2350 2455 2621 2520 Keplerum
2658 2454 2809 2511 data,
2864 2468 2963 2519 qua

239 2526 494 2591 respondit
530 2526 768 2589 epistolae
803 2525 1010 2590 Kepleri
1048 2526 1360 2591 deperditae:

379 2597 466 2647 Ad
505 2604 848 2662 argumentum
881 2598 1134 2647 literarum
1169 2604 1366 2650 tuarum
1400 2604 1455 2663 ut
1493 2597 1674 2664 aliquid
1709 2598 2051 2662 respondeam,
2090 2598 2301 2649 libenter
2324 2598 2421 2663 legi
2443 2598 2683 2661 judicium
2719 2603 2861 2647 tuum
2898 2599 2959 2648 de
3011 2622 3017 2627 ·

240 2669 383 2718 rebus
426 2669 764 2734 astrologicis,
817 2675 868 2720 et
902 2669 1132 2719 libentius
1171 2667 1256 2731 (de
1293 2685 1386 2733 quo
1425 2676 1592 2719 tamen
1631 2671 1855 2720 dubitare
1893 2685 1993 2719 non
2027 2666 2308 2733 potueram)
2356 2670 2487 2733 quod
2535 2670 2613 2720 in..
2635 2668 2959 2719 familiaribus

241 2742 339 2790 tuis
377 2755 486 2790 rem
523 2742 702 2791 seriam
738 2746 788 2790 te
827 2755 975 2806 agere
1013 2746 1181 2804 aperte
1221 2740 1500 2791 declarasti.
1577 2740 1746 2792 Scribo
1784 2742 1931 2800 enim,
1972 2741 2100 2806 quod
2136 2754 2327 2805 semper
2352 2742 2539 2805 scripsi,
2578 2746 2770 2790 nostros
2798 2746 2956 2792 astro·

240 2811 375 2877 logos
416 2812 484 2862 ad
520 2813 675 2862 nimia
710 2827 860 2875 saepe
897 2812 1134 2876 specialia
1169 2813 1468 2862 descendere
1519 2828 1712 2877 semper
1761 2813 1881 2862 mihi
1931 2813 2081 2862 fuisse
2118 2814 2288 2861 visum.
2364 2813 2420 2861 In
2456 2826 2555 2876 qua
2589 2827 2670 2862 me
2707 2815 2960 2863 sententia

241 2889 378 2933 tuum
415 2883 564 2933 modo
599 2883 841 2946 prolatum
871 2883 1111 2948 judicium
1147 2885 1327 2934 rectius
1367 2885 1638 2934 confirmat.
1711 2883 2089 2948 Disputationes
2126 2883 2431 2948 theologicas
2466 2883 2595 2948 quod
2622 2885 2817 2937 attinet,
2856 2900 2957 2934 nou

241 2954 408 3004 dubito
451 2957 566 3019 quin
604 2958 778 3005 omnia.
803 2957 877 3004 ita
911 2957 978 3004 sis
1016 2955 1372 3018 explicaturus,
1419 2963 1477 3005 ut
1513 2963 1565 3006 et
1598 2958 1762 3021 vigere
1799 2957 2150 3018 scripturarum
2186 2956 2421 3020 analogia
2457 2961 2508 3004 et
2543 2960 2633 3005 tua
2668 2955 2841 3006 florere
2877 2959 2953 3006 in·

241 3025 502 3076 columitas
536 3029 704 3090 possit.
779 3026 1031 3090 Eiusmodi
1068 3034 1235 3076 autem
1271 3027 1321 3075 iu
1357 3027 1501 3078 rebus
1536 3028 1785 3077 hominum
1819 3027 2054 3091 probatur
2089 3027 2329 3090 promissa
2365 3027 2505 3081 fides.
2544 3033 2593 3075 et
2618 3033 2787 3075 nostra
2814 3029 2949 3077 acui·

239 3104 317 3146 tur
351 3098 676 3160 providentia.
752 3097 894 3158 Quod
934 3097 1141 3162 denique
1179 3097 1458 3163 subjungis,
1498 3099 1686 3163 aliquos
1721 3105 1833 3147 tuos
1869 3097 1977 3146 illos
2016 3105 2221 3147 conatus
2256 3100 2309 3147 in
2345 3101 2482 3147 novis
2520 3099 2948 3148 demonstrationi·

239 3169 326 3239 bus
359 3171 562 3226 mirari,
603 3171 806 3234 cognovi
841 3177 894 3220 te
931 3169 1131 3219 dubium
1167 3184 1302 3227 esse,
1341 3169 1456 3233 qnid
1490 3170 1586 3219 hac
1623 3170 1673 3218 in
1711 3176 1853 3233 parte
1892 3169 2164 3232 agendum,
2218 3177 2381 3218 utrum
2417 3169 2607 3218 scilicet
2642 3169 2837 3219 silentio
2874 3185 2952 3220 res

238 3240 626 3304 praetereunda,
668 3256 734 3290 an
768 3255 882 3290 vero
917 3243 968 3289 in
1005 3241 1054 3290 id
1088 3241 1401 3300 enitendum,
1441 3247 1498 3290 ut
1533 3241 1754 3290 omnibus
1788 3246 1965 3304 pateat
1984 3277 1997 3298 ,
2038 3249 2151 3290 tuas
2186 3240 2297 3290 illas
2332 3239 2627 3304 hypotheses
2664 3255 2753 3304 per
2789 3243 2955 3292 omnia

243 3311 528 3376 Scripturas
567 3317 926 3361 consentaneas
966 3325 1091 3368 esse,
1132 3319 1280 3376 atque
1319 3327 1382 3362 ea
1417 3313 1472 3362 in
1503 3320 1662 3376 parte,
1701 3320 1758 3361 ut
1795 3327 1887 3377 ego
1924 3312 2118 3375 quidem
2144 3315 2317 3377 accepi
2344 3313 2604 3376 epistolam
2622 3319 2777 3366 tuam.
2816 3312 2951 3362 baud

242 3384 447 3433 obscure
483 3384 754 3432 fraternum
788 3397 954 3432 meum
989 3383 1244 3432 consilium
1281 3385 1483 3448 expetis.
1557 3383 1634 3432 Ea
1667 3385 1718 3433 in
1765 3399 1818 3434 re
1866 3384 1981 3448 quid
2016 3385 2241 3436 sentiam,
2284 3384 2343 3433 cl.
2384 3385 2453 3434 vir
2490 3389 2541 3434 et
2576 3385 2730 3432 frater
2764 3383 2949 3434 charis-

241 3457 373 3515 sime,
416 3455 630 3504 candide
670 3461 722 3505 et
759 3459 928 3518 aperte
963 3455 1055 3506 tibi
1093 3457 1328 3517 aperiam.
1403 3453 1542 3504 Inter
1574 3455 1873 3519 hypotheses
1909 3456 2135 3504 nimirum
2167 3455 2279 3505 illas
2307 3461 2358 3504 et
2383 3470 2421 3504 s.
2451 3455 2757 3519 Scripturam
2780 3455 2949 3521 aperte

242 3527 641 3592 distinguendum
679 3539 812 3583 esse,
850 3525 980 3590 quod
1014 3541 1092 3576 me
1131 3531 1416 3575 constanter
1449 3528 1690 3583 sensisse,
1729 3528 1881 3576 etiam
1918 3527 1979 3576 ab
2017 3527 2155 3575 initio
2200 3533 2573 3590 conspectarum
2609 3526 2949 3590 hypothesium

239 3599 402 3662 procul
445 3598 590 3646 dubio
627 3603 681 3648 et
715 3612 828 3648 cum
861 3597 1115 3647 nobiscum
1152 3611 1284 3646 esses
1323 3598 1711 3648 animadvertere
1749 3605 1801 3646 et
1838 3599 2108 3648 etiamnum
2130 3598 2277 3660 probe
2302 3599 2582 3648 meminisse
2608 3605 2765 3661 potes.
2816 3597 2948 3648 Hinc

242 3671 366 3718 enim
401 3670 594 3719 factum
631 3675 722 3726 est,
759 3675 816 3718 ut
851 3683 950 3718 non
985 3675 1090 3718 tam
1114 3683 1242 3728 meo,
1280 3683 1426 3733 quam
1463 3669 1529 3717 D.
1570 3669 1871 3734 collegarum
1906 3670 2120 3723 nomine.
2158 3677 2309 3732 caput
2343 3674 2587 3720 tractatus
2626 3666 2768 3732 (puto
2806 3671 2945 3734 quin·

241 3747 340 3789 tum
376 3755 583 3790 numero
619 3737 792 3802 fuisse)
830 3740 958 3806 quod
993 3741 1140 3790 istam
1177 3741 1570 3792 conciliationem
1608 3741 1919 3806 attingebat,
1974 3741 2300 3789 omittendum
2338 3755 2446 3790 esse
2484 3739 2678 3800 monui,
2730 3756 2794 3789 ne
2832 3741 2945 3792 illae

240 3813 370 3875 ipsae
409 3813 770 3875 disputationes
806 3811 920 3862 inde
959 3812 1133 3862 exoriri
1169 3814 1372 3876 possint.
1449 3809 1593 3872 Quod
1630 3813 1782 3862 etiam
1819 3813 2051 3861 omissum
2088 3817 2179 3868 est,
2217 3813 2311 3861 nisi
2347 3813 2476 3874 quod
2512 3812 2575 3861 ab
2612 3811 2751 3861 initio
2778 3815 2947 3862 statim

243 3883 402 3948 aliqua
441 3884 529 3933 sed
569 3884 848 3934 brevissima
884 3885 990 3946 ejus
1026 3885 1096 3932 rei
1131 3883 1190 3932 fit
1224 3886 1425 3932 mentio.
1502 3881 1646 3944 Quod
1681 3898 1794 3932 vero
1834 3884 1938 3933 alia
1961 3883 2137 3933 deinde
2162 3889 2496 3943 accesserunt,
2535 3885 2823 3946 praesertim
2856 3897 2942 3932 au·

241 3961 336 4003 tem
371 3955 442 4005 D.
468 3955 722 4005 Maestlini
757 3954 1014 4018 praefatio,
1051 3955 1103 4004 id
1139 3956 1277 4004 nobis
1303 3956 1500 4020 quidem
1535 3956 1762 4038 imputari
1799 3969 1899 4004 non
1936 3961 2125 4018 potest,
2163 3953 2283 4004 nihil
2322 3956 2453 4005 enim
2490 3969 2657 4006 eorum
2692 3969 2821 4018 quae
2858 3967 2941 4004 ac·

248 4033 512 4082 cesserunt,
550 4033 816 4090 antequam
852 4027 980 4090 typis
1015 4027 1258 4076 mandata
1293 4032 1482 4084 essent,
1535 4029 1794 4092 quicquam
1830 4026 1970 4076 nobis
2006 4029 2161 4076 visum
2197 4026 2305 4074 fuit.
2380 4025 2481 4076 Sed
2516 4027 2661 4076 rebus
2697 4026 2769 4074 sic
2804 4034 2941 4075 stan·

241 4097 365 4148 tibus
400 4099 620 4149 fraterne
659 4097 856 4148 consulo
896 4111 957 4149 ao
991 4112 1200 4155 moneo,
1255 4113 1318 4147 ne
1373 4099 1558 4148 dictam
1607 4099 1740 4147 illam
1777 4097 2171 4148 conciliationem
2208 4098 2403 4162 publice
2438 4112 2707 4161 proponere
2746 4104 2797 4147 et
2831 4112 2940 4160 pro-

242 4183 458 4235 pugnare
511 4171 732 4226 coneris,
787 4170 856 4219 sic
906 4169 1035 4219 euim
1084 4169 1223 4218 multi
1259 4169 1374 4218 boni
1410 4185 1506 4220 non
1545 4170 1783 4218 immerito
1822 4169 2003 4220 offendi
2042 4174 2094 4218 et
2126 4175 2285 4218 totum
2320 4171 2573 4234 negotium
2608 4169 2686 4219 vel
2722 4168 2943 4232 impediri

242 4240 312 4288 vel
349 4241 486 4306 gravi
524 4241 878 4291 dissensionum
913 4240 1112 4290 macula
1147 4239 1374 4306 adspergi
1409 4247 1590 4305 posset.
1665 4239 1800 4290 Nihil
1838 4243 1967 4290 enim
2004 4240 2188 4298 dubito,
2228 4241 2269 4289 si
2312 4248 2483 4304 aperte
2517 4240 2606 4289 illa
2640 4242 2803 4303 opinio
2828 4255 2935 4304 pro-

243 4319 500 4374 poneretur
553 4321 605 4362 et
642 4317 1064 4377 propugnaretur,
1123 4325 1236 4360 suos
1283 4311 1515 4362 habitura
1551 4320 1684 4363 esset
1719 4319 1770 4362 et
1804 4311 1970 4362 forsan
2006 4327 2105 4362 ιιοιι
2140 4313 2260 4362 levis
2298 4317 2581 4362 armaturae
2616 4311 2938 4362 adversarios.

243 4381 446 4437 Proinde
491 4386 533 4434 si
570 4384 786 4434 fraterno
821 4397 932 4432 meo
969 4383 1168 4433 consilio
1182 4419 1197 4444 ,
1247 4385 1323 4432 uti
1357 4383 1558 4434 firmiter
1593 4398 1731 4448 spero
1747 4419 1762 4442 ,
1800 4384 1937 4434 locus
1974 4384 2148 4449 aliquis
2186 4391 2277 4448 est,
2314 4399 2453 4448 porro
2490 4385 2542 4432 in
2580 4383 2816 4447 ejusmodi
2851 4383 2938 4432 de·

243 4457 564 4508 monstrandis
598 4454 944 4519 hypothesibus
980 4454 1164 4504 nudum
1200 4455 1606 4506 mathematicum
1644 4470 1780 4520 ages,
1818 4455 1941 4504 nihil
1978 4456 2231 4516 sollicitus,
2272 4462 2433 4505 utrum
2472 4455 2615 4504 rebus
2650 4457 2829 4504 creatis
2866 4457 2940 4504 ita

245 4529 568 4591 respondeant
603 4541 670 4576 an
703 4541 861 4575 secus.
935 4524 1346 4576 Mathematicum
1382 4529 1511 4576 enim
1548 4527 1695 4578 finem
1733 4542 1875 4578 suum
1912 4534 2265 4592 consequutum
2302 4529 2521 4583 arbitror,
2556 4528 2599 4575 si
2632 4527 2762 4575 tales
2801 4526 2935 4575 exhi-

245 4598 356 4648 beat
387 4599 701 4664 hypotheses,
739 4599 910 4663 quibus
947 4609 1270 4664 φαινομενα
1307 4611 1454 4662 quam
1491 4601 1798 4650 exactissime
1836 4600 2196 4662 respondeant:
2244 4605 2295 4648 et
2332 4605 2381 4648 te
2416 4600 2576 4662 ipsum
2612 4601 2727 4660 puto
2768 4613 2934 4646 cessu-

245 4683 345 4719 rum
379 4687 484 4721 esse
509 4671 618 4727 ¹illi,
668 4671 750 4733 qui
787 4669 996 4733 proferre
1031 4676 1197 4734 posset
1231 4669 1469 4719 meliores.
1543 4669 1650 4720 Nec
1687 4681 1857 4721 tamen
1897 4671 2209 4735 consequitur
2228 4707 2241 4728 ,
2278 4672 2423 4720 unius
2463 4672 2695 4734 quusque
2734 4669 2935 4720 artificis

139 4777 156 4794 .
245 4741 488 4792 meditatis
523 4741 869 4806 hypothesibus
905 4755 1063 4790 rerum
1100 4743 1354 4792 veritatem
1391 4743 1646 4794 confestim
1683 4744 1994 4793 conformari.
2066 4740 2193 4791 Nolo
2218 4743 2483 4808 attingere,
2522 4755 2651 4805 quae
2686 4755 2746 4790 ex
2779 4743 2935 4790 sacris

246 4813 420 4863 invicta
451 4827 646 4878 possem
683 4813 978 4876 depromere.
1050 4811 1164 4862 Non
1201 4815 1330 4862 enim
1368 4812 1778 4878 disputationibus
1814 4817 1902 4866 sed
1940 4815 2166 4864 fraternis
2202 4816 2399 4864 monitis
2435 4829 2555 4878 opus
2592 4828 2701 4864 esse
2742 4814 2925 4878 Judico.

250 4881 427 4942 Quibus
463 4887 505 4934 si
543 4892 625 4946 tu,
687 4885 758 4934 uti
797 4891 928 4934 certe
963 4884 1151 4933 confido
1169 4921 1183 4943 ,
1235 4885 1452 4947 parueris
1489 4893 1541 4934 et
1577 4886 1879 4937 abstractum
1911 4885 2315 4938 mathematicum
2352 4887 2539 4951 egeris,
2587 4886 2705 4936 nihil
2743 4887 2929 4944 dubito,

251 4956 356 5020 quin
392 4957 715 5022 cogitationes
751 4961 870 5004 tuae
903 4955 1137 5020 plurimis,
1172 4957 1246 5006 uti
1283 4963 1415 5006 certe
1451 4957 1566 5006 mihi
1603 4973 1792 5023 quoque
1831 4965 1961 5017 sunt,
1996 4957 2379 5020 jucundissimae
2416 4960 2513 5008 sint
2552 4959 2766 5014 futurae,
2841 4957 2929 5012 Sin
3020 4978 3027 4987 ·
