3634 5575
635 371 776 466 '1'5‘6
1669 383 1911 464 uynvoffi'
1932 342 2333 464 Gomog'raphici

633 547 1133 641 'occupationibus
1181 557 1489 622 detentum
1538 577 1757 640 magno
1803 565 1870 619 et
1924 553 2152 619 difficili
2196 563 2381 636 atque
2438 557 2694 620 molesto
2742 548 2948 620 labore
2996 553 3357 618 sublevavit-

644 647 842 720 Quam
889 648 1156 710 tabulam
1205 647 1338 729 ipso
1383 648 1772 727 permittente
1823 653 2067 707 auctore
2114 651 2346 720 tecum,
2398 645 2616 720 lector,
2665 643 3060 720 communico,
3126 645 3359 726 tibique

644 738 731 802 sic
779 755 914 800 eam
959 737 1328 812 commendo,
1379 743 1446 798 ut
1492 755 1642 818 quae
1691 735 1806 796 nou
1858 743 2088 796 tantum
2136 733 2193 794 in
2232 733 2544 814 praesenti
2574 733 2817 814 negotio
2862 733 2975 795 tibi
3022 735 3354 812 proFutura,
3412 727 3425 738 ’

643 825 750 888 sed
799 825 983 887 etiam
1028 823 1544 887 intricatissimum
1589 824 1806 886 nodum
1858 823 1935 884 ad
1982 821 2217 883 oculum
2264 821 2552 897 solutura,
2604 831 2785 902 atque
2814 821 2967 883 adeo
3014 830 3075 884 te
3122 823 3187 883 in
3224 822 3361 900 ipsa

641 913 1094 977 Prutenicarum
1163 923 1349 994 atque
1389 909 1706 993 Copernici
1774 911 1963 994 adyta
2027 911 2199 990 quasi
2264 929 2444 973 manu
2520 911 2773 972 ductura
2838 911 2921 972 sit
2944 903 3022 982 ⁸).
3116 909 3358 972 Etenim

640 1021 716 1064 ex
762 1022 837 1064 ea
874 1003 1202 1082 jucundum
1249 1009 1346 1062 est
1391 1001 1654 1076 discere,
1704 1001 1998 1082 quomodo
2048 1015 2233 1078 auges
2279 1000 2655 1078 planetarum
2706 999 2981 1060 diversae
3028 998 3088 1059 in
3120 999 3361 1060 diversa

638 1091 869 1153 zodiaci
917 1092 1052 1152 loca
1098 1086 1351 1152 cadant:
1402 1091 1557 1170 quod
1603 1089 1662 1152 in
1703 1089 1943 1151 Venere
1989 1088 2126 1167 plus
2172 1087 2391 1170 integri
2435 1089 2671 1149 trientis
2714 1088 3128 1149 diversitatem
3175 1087 3356 1168 parit.

637 1179 797 1242 Nam
856 1177 986 1258 ejus
1044 1195 1376 1258 apogaeum
1423 1187 1522 1241 est
1565 1177 1626 1240 in
1674 1177 1730 1254 ὅ
1787 1186 1853 1238 et
1897 1179 1992 1250 Π,
2049 1175 2297 1254 ἀφηλιοτ
2350 1176 2408 1236 iu
2456 1179 2525 1251 ,ὅ
2570 1183 2635 1236 et
2678 1191 2792 1236 m.
2888 1176 3115 1238 Videre
3170 1175 3357 1238 etiam

639 1276 762 1342 est,'
803 1266 980 1350 longe
1046 1267 1197 1329 alias
1256 1287 1394 1328 esse
1455 1269 1648 1329 lineas
1716 1265 2138 1328 distantiarum
2194 1285 2231 1326 a
2279 1264 2457 1338 Sole,
2522 1281 2699 1343 qnam
2762 1284 2799 1326 a
2854 1271 3062 1326 centro
3109 1265 3357 1326 Terreni

638 1355 820 1418 orbis„
915 1353 1090 1426 Quae
1149 1354 1473 1417 diversitas
1529 1355 1589 1416 in
1635 1351 1677 1432 15
1727 1353 1991 1415 maxima
2046 1360 2171 1423 est,
2227 1360 2549 1432 propterea
2603 1353 2759 1432 quod
2817 1353 3054 1432 integra
3098 1351 3357 1414 Telluris

636 1443 1008 1524 ἐκκεπροτης
1045 1444 1176 1524 ejus
1221 1443 1553 1506 distantiae
1600 1443 1857 1505 accedit.
1950 1443 2021 1504 In
2066 1441 2221 1502 Jove
2272 1450 2475 1502 autem
2518 1458 2729 1519 parum
2774 1449 3069 1514 mutatur,
3118 1441 3259 1522 quia
3302 1441 3355 1502 ie

641 1551 756 1594 non
807 1540 874 1595 ut
919 1531 1216 1595 Saturnus
1265 1551 1296 1593 e
1344 1533 1587 1612 regione
1636 1531 1798 1593 Solis
1844 1531 1915 1590 fit
1962 1529 2316 1603 altissimae,
2368 1530 2473 1590 sed
2520 1529 2581 1590 in
2632 1539 2755 1600 Ω,
2808 1529 2906 1591 ubi
2954 1530 3079 1590 fere
3126 1545 3355 1609 aequa-
3438 1543 3443 1552 ·

639 1621 781 1683 liter
827 1621 1006 1682 abest
1049 1623 1126 1682 ab
1173 1629 1426 1701 utroque
1472 1629 1679 1682 centro
1729 1618 1894 1682 Solis·
1940 1627 2018 1696 et
2063 1617 2228 1680 orbis
2272 1617 2493 1696 magni.
2588 1619 2793 1697 Atque
2850 1618 2987 1679 inde
3048 1618 3231 1680 etiam
3279 1617 3353 1678 ad

624 1708 874 1802 pculum
920 1717 1094 1788 patet
1139 1709 1572 1770 demonstratio
1621 1709 1768 1787 ejuS‚
1823 1706 1978 1788 quod
2020 1704 2385 1785 Copernicus
2436 1705 2538 1767 lib.
2572 1705 2653 1768 V.
2702 1705 2917 1767 Revol.
2968 1725 3104 1787 cap.
3139 1703 3201 1770 4.
3251 1701 3351 1767 16.

639 1803 702 1857 et
748 1793 834 1858 22
882 1797 992 1858 sub
1037 1797 1241 1866 finem,
1304 1799 1378 1856 de
1426 1797 1696 1858 mutabili
1746 1795 2197 1856 eccentricitate
2244 1794 2464 1857 Martis
2514 1801 2578 1854 et
2622 1793 2883 1856 Veneris
2933 1794 3012 1857 ad
3059 1794 3353 1858 mutatio-

640 1903 773 1946 nem
821 1877 1141 1959 Terrenae,
1187 1883 1561 1948 brevissimis
1610 1884 1808 1947 verbis
1856 1883 2087 1958 innuit,
2152 1883 2449 1946 Rheticus
2506 1900 2649 1944 vero
2710 1884 2769 1944 in
2832 1903 2945 1945 sua
2987 1883 3354 1946 Narratione

639 1972 940 2052 copiosius
985 1975 1420 2056 persequitur..
1477 1972 1662 2035 Aliud
1711 1971 1896 2034 etiam
1944 1982 2071 2044 est,
2136 1972 2303 2052 cujus
2351 1990 2459 2034 nos
2506 1970 2744 2033 isthaec
2790 1971 3003 2033 tabula
3050 1972 3353 2046 admonet,

638 2061 794 2139 quod
843 2061 983 2141 quia
1029 2062 1398 2125 commodius
1446 2062 1565 2123 alio
1616 2063 1745 2122 loco
1796 2060 1917 2122 dici
1972 2067 2207 2139 potest,
2265 2078 2421 2121 nunc
2477 2059 2765 2121 differam.
2858 2060 3033 2122 Nunc
3080 2061 3160 2122 ad
3204 2079 3353 2122 rem.

635 2149 909 2212 Pandam
955 2157 1158 2220 autem
1204 2151 1653 2232 quadruplicem
1714 2149 1983 2211 ordinem
2041 2167 2433 2210 numerorum.
2526 2149 2597 2210 In
2661 2148 2853 2226 primo
2909 2157 3085 2211 erunt
3139 2149 3354 2229 plane-

639 2246 834 2299 tarum
881 2238 1203 2304 abscessus
1254 2259 1292 2300 a
1350 2247 1556 2302 centro
1625 2237 1824 2317 magni
1886 2236 2085 2305 orbis,
2154 2237 2311 2299 sicut
2373 2237 2414 2298 ii
2483 2236 2805 2298 abscessus
2869 2244 2933 2298 et
2997 2239 3225 2300 numeri
3280 2255 3357 2298 ex

639 2323 974 2406 Copernico
1021 2335 1086 2390 et
1111 2327 1450 2390 Prutenicis
1499 2327 1857 2407 simpliciter
1902 2335 1965 2388 et
2009 2326 2139 2387 sine
2186 2324 2520 2388 mutatione
2568 2325 2903 2388 eliciuntur.
2978 2327 3045 2388 ln
3094 2327 3355 2388 secundo

639 2423 816 2477 erunt
859 2417 1182 2478 abscessus
1243 2417 1472 2478 orbium
1529 2435 1568 2476 a
1622 2423 1830 2484 centro
1878 2413 2073 2488 Solis,
2138 2413 2237 2494 qui
2292 2413 2649 2492 proveniunt
2704 2431 2781 2474 ex
2828 2413 3161 2493 Copernico
3214 2423 3359 2495 post

641 2502 806 2566 illam
851 2505 1278 2567 resolutionem
1323 2521 1728 2578 numerorum,
1791 2502 1865 2564 de
1914 2522 2031 2583 qua
2074 2503 2253 2564 modo
2298 2501 2507 2563 vidisti
2552 2501 2822 2564 tabulam
2868 2503 2956 2575 (in
3006 2510 3208 2565 annot.
3258 2504 3349 2577 b).

639 2591 706 2652 In
757 2592 934 2656 tertio
981 2599 1046 2654 et
1091 2600 1306 2673 quarto
1353 2594 1598 2654 venient
1634 2610 1867 2654 rursum
1908 2591 2227 2652 abscessus
2263 2590 2641 2670 planetarum
2671 2609 2709 2650 a
2740 2587 2841 2668 Θ,
2889 2599 3069 2670 prout
3114 2593 3199 2653 illi
3246 2611 3354 2672 per

636 2678 1156 2760 interpositionem
1219 2700 1531 2762 corporum
1603 2679 1823 2743 mutati
1888 2686 2047 2742 sunt.
2156 2679 2243 2742 Et
2304 2677 2520 2740 tertius
2588 2679 2821 2759 quidem
2886 2679 3032 2740 ordo
3100 2681 3213 2742 erit
3278 2700 3354 2742 ex

638 2769 1188 2847 structuramuudi
1233 2790 1336 2847 ea,
1397 2790 1548 2851 quae
1604 2787 1712 2849 pro
1773 2767 2158 2831 fundamento
2204 2765 2455 2830 habebit
2509 2767 2670 2831 orbis
2718 2767 2965 2829 Terreni
3012 2768 3351 2833 crassitiem

637 2856 1002 2937 simplicem,
1059 2878 1176 2921 non
1223 2859 1530 2923 accensito
1579 2865 1913 2939 systemate
1959 2857 2205 2920 Lunari.
2302 2852 2571 2926 Quartus
2618 2857 2871 2937 denique
2917 2860 3135 2936 prodet
3179 2878 3351 2921 cras-

609 2943 836 3008 sitiem
885 2946 1048 3013 orbis
1094 2948 1342 3010 Terreni
1389 2954 1650 3019 tantam,
1709 2964 1863 3027 quae
1920 2964 2103 3024 supra
2148 2953 2210 3006 et
2258 2944 2415 3007 infra
2458 2944 2967 3009 semidiametrum
3012 2946 3175 3011 orbis
3222 2946 3351 3010 Lu·-

637 3033 800 3095 uaris
845 3042 1168 3117 contegere
1213 3036 1428 3115 possit.
1472 3031 1560 3109 ⁸¹)
3118 3032 3127 3043 “

1337 3252 1364 3288 0
1483 3258 1500 3289 ι
1647 3258 1686 3289 u
1804 3248 1832 3285 ο
1992 3256 2009 3285 ι
2149 3252 2187 3283 u
2310 3246 2337 3283 0
2494 3254 2511 3285 ι
2650 3254 2689 3285 u
2813 3251 2839 3286 ο

837 3455 879 3536 5
1029 3412 1248 3477 Anisa.
1318 3411 1358 3478 9
1451 3410 1536 3477 42
1671 3411 1715 3477 o
1818 3410 1857 3476 9
1951 3408 2037 3476 59
2139 3410 2363 3476 1510
2455 3408 2538 3476 35
2632 3408 2718 3477 56
2782 3416 2848 3477 ιι
2960 3413 3040 3479 18
3138 3380 3239 3478 ι6“

783 3560 788 3564 ,
1027 3500 1538 3568 numitsa9
1673 3498 3215 3595 082030951892626

763 3600 2233 3619 -ΐ--Ἣ-ψ
2270 3606 2730 3617 ——u-

828 3689 889 3765 Ἃ
1029 3642 1537 3708 Altiss.527
1629 3639 1715 3706 29
1817 3636 2037 3706 529
2132 3636 2217 3703 33
2320 3640 2360 3706 5
2498 3637 2716 3707 639
2820 3642 3039 3732 527
3174 3642 3216 3707 2

1031 3729 1543 3798 Humi1.458
1632 3725 2041 3796 49459
2134 3724 2539 3795 58439
2676 3729 3033 3797 8457
3129 3730 3214 3797 38

749 3837 970 3847 ’ψ’
1032 3873 1253 3937 mess.
1329 3871 1356 3935 1
1455 3870 1541 3937 39
1633 3868 1717 3937 56
1953 3870 2039 3936 38
2132 3868 2217 3935 52
2278 3884 2283 3887 -

2498 3958 2539 4025 8
2634 3958 2719 4027 39
2828 3962 2855 4025 1
2954 3960 3037 4027 23
3133 3961 3218 4028 52

831 3930 882 3992 ὅ
1031 3960 1353 4025 num51.1
1454 3960 1539 4025 22
1630 3957 1716 4023 26
1826 3873 1851 4025 i
1953 3958 2039 4026 23
2133 3955 2215 4024 35
2325 3870 2351 4021 i

2324 4100 2353 4165 ι

730 4064 2221 4179 ,ω’-Λιιῖἷ-ῐ-Τόι230
2497 4098 3216 4172 230166

833 4152 883 4225 ὅ
1029 4190 1352 4256 numan
1497 4186 3215 4260 o.0057300573005354

759 4292 968 4306 *-

2756 3837 2994 3847 ——ss—
3044 3839 3225 3849 ——a-o

2454 3868 3216 4023 33213913

2775 4299 3061 4311 -0———nn-——
3077 4303 3142 4310 .-
3172 4304 3193 4309 -

833 4295 3237 4453 ςὲ’ἶῖιιῐιι.“’”ο“”ἶ4“’5ἶ“4”ὀ’ο44296454104256

1029 4421 1360 4486 numan
1453 4417 1540 4486 4ο
1631 4418 1718 4486 4ο
1818 4418 1863 4484 o
1954 4414 2217 4482 4147
2319 4417 2363 4483 o
2452 4416 2540 4483 42
2632 4417 2716 4483 55
2818 4422 2861 4489 o
2952 4420 3215 4489 4014

1471 4526 1727 4536 ωυ--ι--ιμ

774 4602 883 4681 -5
1029 4563 1249 4626 Amas.
1317 4528 1411 4627 ο”“
1452 4559 1537 4628 29
1629 4560 1715 4627 24
1819 4562 1865 4627 o
1953 4559 2041 4628 29
2141 4559 2219 4626 19
2318 4559 2361 4623 o
2453 4557 2540 4624 30
2631 4559 2705 4624 21
2818 4565 2861 4629 o
2951 4564 3038 4628 28
3079 4528 3235 4629 ‘'23“

1029 4647 1541 4717 numanis
1673 4648 2043 4715 2014
2177 4646 2539 4715 0014
2674 4647 3035 4718 00¹3
3174 4653 3212 4714 τ

822 4774 3214 4946 <0³9ffnz-3322000000000
