3634 5575
1380 444 1443 494 (ιο
1478 443 1623 493 rosus
1659 443 1984 509 astrologicis.
2902 442 3029 510 305

460 598 607 660 Quod
638 600 867 650 Fahficio
902 600 965 651 de
996 604 1155 652 sacris
1204 601 1525 665 procurandis
1558 602 1793 665 temporis
1829 601 2069 685 reliquum
2113 586 2234 660 fuit,
2289 604 2566 654 collocabat
2617 604 2671 653 in
2715 600 3032 655 observandis

294 670 554 719 'sideribus
591 671 916 722 admiratione
953 687 1075 723 sane
1112 674 1265 739 digna
1288 673 1573 729 sedulitate,
1610 672 1911 722 renuncians
1939 674 2092 735 primo
2118 674 2355 736 Tychoni,
2395 675 2604 739 posthac
2628 674 2864 738 Keplerm
2905 691 3032 741 quae

316 748 494 791 notatu
530 742 755 807 digniora
802 743 852 793 in
890 744 1030 794 coelo
1067 744 1502 809 deprehendisset,
1554 750 1807 799 cometas,
1861 743 2062 793 stellam
2112 748 2230 795 anni
2283 743 2444 807 1604,
2499 745 2754 809 eclipsium
2790 744 2920 797 Solis
2955 747 3034 798 vel

318 813 494 877 Lunae
519 814 899 875 observationes,
940 815 1389 881 configurationes
1376 815 1671 898 insigniores
1695 813 2010 877 planetarum
2035 829 2298 910 eorumque
2323 831 2511 867 cursus.
2584 817 2854 867 Detectam
2882 832 2915 867 a
2932 818 3032 867 Fa-

314 885 465 933 bricio
503 884 697 935 stellam
718 885 1005 936 variabilem
1038 886 1091 935 in
1121 893 1231 937 ceto
1258 892 1470 943 constat,
1508 886 1755 949 ipsiusque
1790 899 1884 933 vox
1923 900 2033 943 „res
2067 886 2256 936 mira“
2259 920 2276 949 ,
2314 901 2412 951 qua
2449 887 2667 952 Keplero
2705 889 3034 939 variationem

282 956 295 965 ‘
316 955 492 1005 stellae
528 954 731 1014 indicat,
771 957 948 1007 stellae
987 957 1438 1007 denominationem
1474 956 1651 1005 indidit
1689 955 1849 1013 „mira
1885 954 2034 1006 ceti“.
2110 957 2165 1007 Si
2202 959 2492 1022 quibusdam
2515 959 2638 1009 fides
2669 958 2904 1010 habenda
2939 966 3030 1019 est,

316 1025 449 1090 apud
473 1026 758 1090 Tychonem
784 1027 1084 1093 aliquamdiu
1110 1028 1424 1078 versabatur·
1412 1062 1425 1085 ,
1466 1028 1763 1090 comparatis
1788 1034 1956 1077 autem
1980 1028 2130 1091 ipsius
2157 1028 2325 1081 literis.
2363 1031 2416 1079 in
2435 1032 2608 1094 quibus
2637 1029 2739 1079 alia
2761 1044 2908 1094 super
2933 1032 3054 1087 alia,

316 1102 505 1152 movet,
542 1098 594 1147 in
632 1098 830 1147 dubium
867 1099 919 1150 id
956 1100 1232 1149 vocandum
1270 1106 1373 1156 est,
1414 1114 1525 1147 cum
1562 1112 1627 1147 ne
1662 1098 1809 1147 verbo
1847 1098 2044 1163 quidem
2079 1100 2173 1149 hoc
2210 1106 2418 1165 tangat.
2457 1108 2528 1161 et,
2574 1102 2862 1151 describens
2895 1100 3033 1151 illam

315 1168 529 1227 stellam,
568 1183 719 1233 quam
754 1170 909 1233 primo
947 1170 1223 1220 observavit
1260 1184 1391 1219 anno
1433 1166 1587 1227 1596,
1628 1168 1809 1219 addat:
1858 1169 1997 1219 nulla
2032 1170 2150 1219 mihi
2195 1176 2316 1221 tunc
2351 1174 2584 1236 temporis
2631 1174 2870 1231 intererat
2906 1173 3032 1221 ami-

316 1240 437 1289 citia
476 1253 587 1289 cum
625 1239 891 1302 Tychone,
947 1256 1107 1305 neque
1140 1239 1360 1305 Keplero
1399 1240 1730 1303 responderit,
1771 1254 1884 1289 cum
1919 1240 1998 1291 hic
2037 1242 2090 1291 id
2125 1248 2358 1305 spectans
2393 1244 2743 1308 quaesivisset:
2801 1244 3035 1307 „quinam

317 1311 387 1359 tui
426 1310 625 1360 fuerunt
661 1312 713 1360 in
753 1314 1057 1361 astronomia
1090 1327 1393 1377 progressus,
1433 1318 1484 1361 et
1520 1311 1734 1375 qnando,
1774 1317 1827 1361 et
1861 1326 1950 1374 per
1985 1310 2172 1375 quos?“

440 1381 649 1432 'Publici
678 1383 801 1444 juris
838 1382 956 1433 iecit
994 1383 1240 1446 quaedam
1276 1382 1602 1448 Prognostica
1652 1388 1705 1433 et
1752 1382 2130 1447 descriptionem
2175 1384 2352 1435 stellae
2389 1398 2551 1435 novae
2597 1383 2716 1433 anni
2756 1378 2893 1432 1604
2941 1385 3032 1443 bis,

322 1452 543 1513 alteram⁸
567 1455 879 1519 germanico,
920 1453 1130 1503 alteram
1166 1455 1322 1504 latino
1360 1469 1586 1505 sermone
1624 1455 1969 1518 conscriptam.
2045 1453 2328 1505 Secundum
2361 1456 2573 1507 Joecher
2594 1454 2832 1506 iLexicon
2872 1461 3036 1507 exstat

319 1524 540 1586 ejusdem
582 1523 961 1582 „Ostfriesisohe
1000 1522 1297 1579 Chronika.‘.‘
2863 1588 2874 1595 ,

454 1592 707 1644 Mortuum
760 1596 1039 1647 Fabricium
1090 1612 1220 1647 anno
1284 1592 1413 1644 1617
1467 1595 1673 1645 nunciat
1726 1594 1945 1660 Keplero
1996 1596 2220 1646 Joannes
2275 1596 2511 1663 Remus
2565 1598 2619 1646 in
2668 1598 2824 1647 literis
2879 1597 2927 1647 d.
2979 1598 3028 1649 d.

320 1663 370 1713 4.
414 1664 527 1715 Oct.
574 1664 705 1715 1619
744 1664 819 1716 his
858 1669 1040 1718 verbis:
1101 1668 1297 1725 „audivi
1334 1665 1505 1725 hodie,
1560 1664 1844 1716 Fabricium
1883 1680 1916 1716 a
1950 1668 2148 1717 rusticis
2182 1669 2500 1718 interemtum
2535 1668 2686 1719 fuisse
2738 1675 2857 1719 ante
2894 1670 3034 1719 bien·

320 1737 477 1787 nium.
554 1736 699 1787 Certe
738 1738 905 1796 doleo,
946 1741 987 1789 si
1021 1754 1187 1789 verum
1225 1738 1351 1789 est.“
1428 1738 1511 1786 Ad
1544 1736 1674 1788 haec
1708 1737 1956 1801 Keplerus
1994 1740 2274 1802 respondit:
2332 1738 2503 1798 „Deus
2539 1737 2770 1790 meliora!
2843 1739 3033 1790 Rumo-

322 1823 424 1858 rem
462 1808 639 1858 falsum
675 1817 821 1873 puto;
860 1811 1145 1859 mitissimus
1184 1816 1292 1860 erat
1327 1807 1633 1859 Fabricius-‘⁴
1709 1808 1916 1859 Minime
1955 1818 2122 1861 autem
2162 1810 2316 1861 falsus
2354 1818 2464 1861 erat
2497 1822 2686 1868 ιἰιιιιοις
2726 1825 2832 1861 rem
2865 1813 2943 1861 ita
2977 1826 3032 1861 se

316 1879 501 1929 habere
537 1880 745 1930 narrant
780 1880 1039 1944 scriptores
1075 1897 1239 1931 rerum
1274 1880 1599 1937 Frisicarum,
1650 1880 1732 1943 qui
1776 1882 1998 1939 addunt,
2053 1883 2292 1931 rusticum
2331 1880 2642 1932 Ostelensem
2693 1881 2786 1930 hoc
2839 1883 3034 1931 facinus

320 1952 621 2002 commisisse
655 1952 839 2002 iratum
876 1952 1317 2018 significationibus
1352 1951 1491 2002 haud
1526 1952 1763 2009 obscuris,
1802 1953 1975 2016 quibus
2001 1952 2255 2003 Fabricius
2290 1958 2462 2017 pastor
2495 1953 2548 2001 in
2575 1952 2812 2003 concione
2835 1952 3039 2017 publica

322 2034 435 2072 eum
470 2022 587 2073 furti
624 2037 679 2073 ar
750 2024 858 2073 erit.

461 2092 663 2143 Literae
681 2038 929 2150 glT·¹'¹abricii,
966 2108 1090 2157 quas
1128 2093 1327 2143 exhibet
1359 2092 1453 2143 vol.
1481 2092 1541 2141 X.
1580 2092 1701 2141 Mss-
1741 2092 1968 2156 Petrop.,
2007 2107 2208 2142 numero
2248 2099 2364 2143 sunt
2399 2091 2486 2149 41,
2525 2094 2730 2156 Kepleri
2755 2090 2806 2146 8.
2846 2094 3036 2143 duabus

321 2168 516 2211 tantum
562 2162 738 2213 harum
775 2164 1067 2228 deperditis,
1108 2178 1141 2214 a
1177 2161 1263 2211 23.
1290 2163 1429 2213 Junii
1472 2159 1599 2211 1601
1646 2164 1713 2213 ad
1750 2161 1834 2211 22.
1875 2160 2239 2213 Martii-1609.
2312 2163 2560 2229 Keplerus
2605 2164 2736 2227 prior
2780 2165 3042 2219 obmutuit,

319 2232 544 2283 ultimum
581 2233 629 2283 d.
671 2232 753 2282 10.
792 2234 918 2283 Nov.
965 2231 1096 2282 1608
1133 2235 1438 2297 perscribens
1474 2234 1727 2291 Fabricio,
1781 2236 1864 2298 qui
1913 2236 1981 2284 ad
2033 2234 2126 2283 has
2180 2235 2351 2285 literas
2389 2235 2469 2284 die
2521 2235 2718 2285 demum
2756 2232 2841 2283 22.
2881 2233 3029 2284 Mart.

322 2300 459 2353 1609
498 2310 675 2354 contra
706 2320 896 2354 morem
930 2306 1169 2355 usitatum
1205 2304 1471 2367 respondit.
1548 2303 1793 2361 Causam,
1843 2304 1904 2353 ob
1941 2318 2087 2369 quam
2123 2305 2378 2356 Fabricius
2415 2320 2448 2355 a
2485 2312 2718 2355 consueto
2755 2318 2891 2355 more
2934 2312 3036 2355 sta-

317 2374 411 2423 tim
444 2375 773 2437 respondendi
808 2376 1091 2427 discesserit
1124 2374 1469 2438 Keplerusque
1504 2374 1571 2423 ad
1606 2375 1807 2425 ultimas
1846 2376 2060 2427 Fabricii
2095 2376 2268 2427 literas
2301 2386 2404 2427 non
2439 2377 2772 2445 responderit,
2817 2378 3040 2427 iuvenies

316 2445 369 2493 in
400 2446 715 2511 praefatione
750 2453 924 2497 nostra
960 2446 1027 2496 ad
1064 2446 1433 2496 commentaria
1466 2444 1663 2495 Manis.

459 2516 663 2567 Initium
700 2518 934 2582 epistolas
971 2518 1123 2567 dandi
1160 2516 1493 2581 reddendique
1530 2517 1650 2565 fecit
1684 2515 1941 2566 Fabricius
1973 2516 2050 2567 his
2087 2517 2154 2567 ad
2188 2516 2462 2581 Keplerum
2499 2518 2630 2567 datis
2664 2518 2848 2569 literis.

464 2623 937 2673 Eruditissimo
978 2629 1039 2673 et
1072 2622 1660 2685 praestantissimo
1698 2620 1763 2671 D.
1804 2620 1876 2671 M.
1913 2620 1962 2670 J.
2003 2620 2316 2686 Keplero‚
2365 2622 2624 2673 divinae
2675 2623 3038 2673 matheseos

316 2694 562 2743 cultori
623 2709 735 2757 per
790 2694 1199 2744 Germaniam
1255 2692 1647 2743 clarissimo.
1710 2691 1988 2742 Domino
2045 2700 2113 2743 et
2165 2694 2366 2743 amico
2421 2706 2533 2743 suo
2579 2693 2855 2745 Uranico
2904 2694 3035 2758 plu·

314 2766 529 2815 rimum
568 2765 858 2816 colendo.

460 2836 513 2887 S.
541 2837 597 2886 P.
638 2837 801 2886 Tuum
838 2851 899 2887 ex
936 2835 1103 2899 Styria
1137 2834 1350 2884 reditum
1385 2849 1474 2896 per
1510 2833 1783 2898 complures
1821 2833 1926 2884 dies
1963 2834 2148 2884 {nistra
2183 2837 2484 2898 exspectavi.
2561 2835 2692 2884 Nihil
2719 2849 2840 2885 sane
2867 2837 2917 2885 in
2941 2835 3038 2887 hao

316 2921 431 2964 mea
464 2909 865 2972 peregrinatione
901 2907 1123 2958 Uranica
1158 2906 1277 2955 mihi
1314 2907 1505 2970 gratius
1543 2905 1773 2956 accidere
1808 2906 2068 2969 potuisset,
2107 2920 2258 2971 quam
2293 2907 2462 2956 videre
2501 2912 2554 2956 et
2589 2907 2763 2958 audire
2799 2921 3036 2992 praesen-

315 2985 444 3036 tem,
489 2994 635 3044 quem
673 2980 932 3028 absentem
970 2978 1118 3027 dilexi
1153 2977 1441 3041 plurimum,
1497 2984 1549 3025 et
1582 2983 1781 3040 propter
1827 2976 2084 3026 liberalem
2121 2977 2478 3035 eruditionem,
2530 2992 2624 3027 nec
2659 2992 2762 3027 non
2799 2980 2952 3028 animi
2985 2980 3040 3028 in

317 3050 557 3098 abstrusis
590 3049 810 3100 Uraniae
856 3051 1100 3112 mysteriis
1135 3049 1436 3113 inquirendis
1473 3046 1725 3097 heroicam
1760 3049 2156 3111 magnitudinem
2180 3049 2388 3098 multum
2423 3063 2532 3098 sum
2555 3054 2838 3098 veneratus.
2913 3049 3040 3098 Cum

315 3135 429 3171 vero
469 3125 519 3170 et
557 3121 705 3170 officii
729 3123 827 3170 mei
865 3126 916 3170 et
951 3122 1085 3170 vitae
1120 3121 1247 3168 ratio
1282 3134 1390 3168 non
1420 3120 1675 3182 permittat
1720 3119 2002 3168 ulteriorem
2037 3119 2089 3169 in
2125 3119 2262 3169 hisce
2297 3120 2419 3168 locis
2456 3113 2670 3176 moram',
2730 3123 2879 3184 cogor
2914 3135 3038 3170 sane

316 3191 395 3241 vel
428 3193 609 3241 invitus
646 3206 839 3256 quoque
872 3191 1147 3240 Uranicam
1181 3189 1314 3239 hanc
1370 3195 1421 3238 et
1456 3189 1587 3238 omni
1636 3195 1842 3238 nectare
1893 3196 1945 3239 et
1999 3192 2259 3262 ambrosia
2301 3191 2573 3240 suaviorem
2611 3193 3035 3241 conversationem

316 3263 624 3327 abrumpere.
688 3262 864 3312 Pauca
884 3262 1011 3312 haec
1046 3259 1425 3310 festinabundus
1448 3262 1743 3324 consignare
1767 3261 1916 3318 volui,
1943 3276 2038 3324 quo
2063 3263 2138 3310 sic
2161 3263 2260 3311 mei
2294 3264 2534 3311 memoria
2556 3263 2762 3312 subinde
2788 3263 3036 3313 excolere-

316 3340 397 3384 tur
434 3340 486 3384 et
519 3334 725 3384 ulterius
748 3335 879 3384 inter
912 3347 1002 3382 nos
1024 3332 1179 3382 literis
1204 3332 1385 3380 crebris
1409 3332 1606 3380 occasio
1632 3331 1847 3380 daretur.
1905 3331 2098 3382 Detulit
2132 3332 2252 3380 mihi
2277 3333 2408 3382 doct.
2429 3335 2622 3396 juvenis
2647 3333 2712 3383 D.
2735 3333 2783 3382 J.
2811 3334 3036 3396 Eriksen,

316 3412 367 3455 te
393 3421 491 3454 non
529 3405 605 3455 ita
638 3419 796 3468 nuper
826 3404 1071 3469 quaedam
1108 3403 1171 3452 de
1195 3402 1544 3452 directionibus
1582 3407 1634 3450 et
1670 3401 1779 3451 aliis
1816 3404 1869 3452 in
1893 3417 2057 3451 meam
2093 3403 2308 3467 gratiam
2327 3405 2666 3468 consignasse.
2721 3404 3032 3468 Exspectabo

316 3475 405 3526 iila
435 3478 597 3540 prima
632 3476 911 3526 occasione.
985 3473 1037 3524 Si
1065 3473 1182 3539 quid
1216 3474 1270 3522 in
1300 3471 1605 3536 astrologicis
1642 3479 1696 3522 et
1729 3472 2147 3536 meteorologicis,
2200 3475 2301 3522 sive
2339 3473 2401 3523 de
2440 3475 2721 3538 aspectibus
2755 3477 2900 3524 variis
2938 3476 3031 3525 ob-

324 3553 574 3598 servatum
608 3547 857 3606 habueris,
892 3559 1000 3596 una
1022 3559 1206 3609 quaeso
1239 3543 1429 3593 mittas.
1491 3543 1700 3593 Habebo
1734 3545 1808 3592 sic
1845 3545 2160 3593 occasionem
2175 3579 2188 3601 ,
2240 3544 2306 3593 de·
2338 3546 2486 3614 variis
2522 3546 2667 3594 rebus
2715 3547 2782 3595 ad
2818 3553 2869 3595 te
2907 3548 3044 3596 scri:

316 3619 484 3669 bendi.
560 3618 669 3683 Ego
704 3632 821 3668 mea
855 3618 1023 3667 omnia
1056 3617 1147 3665 tibi
1185 3616 1369 3671 defero,
1408 3615 1680 3664 amicitiam
1716 3621 1859 3664 tuam
1893 3616 2042 3664 unice
2077 3629 2260 3680 rogans
2300 3621 2352 3666 et
2387 3622 2638 3679 expetens.

465 3689 619 3740 Hisce
665 3689 837 3752 paucis
874 3687 985 3738 vale
1022 3694 1077 3737 et
1110 3687 1387 3737 Fabricium
1434 3693 1555 3735 tuae
1604 3687 1797 3736 virtutis
1836 3686 2085 3736 Uranicae
2124 3687 2475 3736 admiratorem
2521 3693 2574 3737 et
2631 3693 2904 3737 amatorem
2942 3687 3032 3736 tibi

315 3761 715 3812 commendatum
766 3759 964 3811 habeto.
1037 3757 1169 3806 Vale
1204 3759 1477 3821 iterumque
1511 3756 1648 3814 vale,
1704 3759 1843 3822 vige,
1901 3758 2022 3807 flore
2073 3763 2125 3808 et
2159 3757 2382 3807 Nestoris
2438 3759 2544 3808 vive
2596 3772 2753 3808 annos
2809 3759 3029 3822 viresque

314 3839 429 3882 tuas
464 3832 632 3882 morbo
688 3836 740 3881 et
774 3831 1018 3881 diuturnis
1052 3827 1283 3879 Uranicis
1337 3829 1464 3878 curis
1518 3830 1744 3886 attritas,
1792 3829 2048 3878 confectas
2104 3835 2156 3878 et
2204 3829 2472 3879 exhaustas
2489 3840 2503 3854 ‘
2525 3835 2771 3878 restauret
2819 3835 2871 3877 et
2913 3843 3033 3878 con·-

314 3903 478 3954 flrmet
531 3903 699 3954 divina
734 3901 1031 3959 clementia,
1090 3901 1170 3950 cui
1204 3907 1274 3958 te,
1310 3915 1513 3951 uxorem
1548 3905 1707 3956 tuam,
1744 3915 1826 3950 me
1855 3906 1933 3950 .et
1981 3914 2152 3950 omnes
2188 3900 2428 3951 Uranicos
2464 3902 2642 3952 fratres
2677 3901 2771 3964 piis
2807 3901 3033 3963 precibus

321 3975 627 4026 commendo.

465 4045 693 4111 Raptim,
730 4044 930 4112 Pragae
966 4044 1021 4093 in
1054 4057 1181 4094 novo
1218 4041 1531 4107 Uranlburgo
1568 4041 1616 4092 d
1657 4038 2095 4092 23.Jun.1601.

1736 4113 1876 4163 Tuae
1911 4113 2261 4164 Praestantiae
2298 4113 2754 4164 observantissimus

1495 4149 1563 4234 D.
1601 4184 1968 4242 Fabricius,
2006 4185 2137 4249 Aug.
2178 4184 2318 4234 Conf.
2352 4187 2404 4234 in
2445 4184 2528 4234 Or.
2567 4185 2726 4235 Frisia
2761 4185 2997 4235 minister.

477 4313 699 4377 Apparet
734 4326 795 4361 ex
828 4306 907 4360 his
942 4310 1125 4367 literis,
1181 4307 1461 4361 Fabricium
1496 4310 1652 4372 primo
1686 4310 1859 4359 statim
1896 4323 2136 4374 aggressu
2183 4309 2398 4360 mediam
2434 4311 2488 4359 in
2521 4325 2652 4366 rem,
2703 4309 2753 4358 h.
2761 4359 2770 4368 ,
2791 4323 2836 4360 e.
2876 4316 3032 4359 astro-

322 4383 510 4448 logiam
528 4417 543 4439 .
598 4381 856 4443 incidisse,
906 4396 1051 4447 quem
1096 4380 1246 4442 finem
1289 4381 1341 4428 in
1377 4381 1692 4444 sequentibus
1730 4394 1878 4444 quam
1914 4379 2132 4443 plurimis
2181 4381 2332 4430 literis
2383 4395 2480 4430 non
2516 4388 2763 4431 mutatum
2817 4381 3036 4430 retinuit.

321 4453 551 4518 integras
598 4453 933 4517 proposuimus
981 4452 1074 4502 has
1110 4451 1280 4500 literas
1331 4446 1547 4511 (omissis
1584 4457 1778 4501 tantum
1814 4451 1987 4514 paucis
2037 4453 2193 4515 iisque
2229 4449 2509 4512 levioribus)
2567 4466 2678 4500 eam
2716 4453 2777 4500 ob
2813 4465 3037 4506 causam,

319 4531 380 4574 ut
413 4525 627 4574 Fabricii
660 4527 838 4588 pateat
870 4522 1045 4573 modus
1080 4521 1343 4580 scribendi,
1386 4537 1531 4587 quem
1568 4521 1779 4574 eundem
1814 4523 1868 4570 in
1915 4535 2212 4586 unaquaque
2257 4523 2530 4572 observavit
2567 4523 2778 4586 epistola
2809 4522 3037 4572 laudibus

320 4595 525 4660 Kepleri
571 4595 747 4659 plena,
786 4593 1069 4654 „Uraniae“
1112 4601 1165 4643 et
1188 4593 1503 4658 Astrologiae
1536 4608 1731 4657 semper
1764 4607 1819 4643 se
1845 4592 2100 4642 addictum
2135 4593 2388 4651 exhibens,
2425 4595 2884 4658 observationesque
2921 4605 3038 4643 suas

319 4668 535 4732 ingenue
570 4665 788 4729 Keplero
826 4667 1193 4715 communicans
1231 4667 1433 4728 ejusque
1464 4664 1675 4716 consilia
1708 4669 1761 4713 et
1794 4671 2066 4746 praecepta
2099 4670 2350 4728 expetens.

463 4727 682 4801 Keplero
732 4736 925 4786 tacenti
968 4737 1127 4786 instat
1158 4735 1449 4795 Fabricius,
1505 4735 1663 4786 donec
1712 4735 1826 4790 ille
1879 4739 1938 4786 ut
1971 4737 2078 4798 ipse
2113 4735 2166 4785 in
2200 4737 2425 4802 margine
2477 4735 2758 4798 posterioris
2797 4734 3034 4798 epistolae

323 4815 553 4866 annotat,
588 4805 802 4857 Fabricii
841 4806 1082 4859 desiderio
1119 4806 1367 4858 satisfacit
1404 4803 1517 4867 (18.
1553 4807 1653 4856 Jul.
1697 4803 1873 4867 1602).
1946 4805 2066 4870 Ipsa
2101 4807 2313 4890 quidem·
2328 4804 2456 4856 haec
2485 4806 2696 4872 epistola
2719 4805 2876 4862 deest,
2914 4820 3029 4855 cum

323 4885 493 4930 autem
529 4893 559 4929 e
594 4878 807 4928 Fabricii
842 4880 1161 4942 responsione
1198 4886 1476 4941 appareant
1508 4877 1781 4944 quaedam,
1835 4891 1964 4944 quae
2001 4877 2250 4942 Keplerus
2297 4878 2352 4927 ιιι
2389 4877 2648 4941 deperdita
2699 4875 2786 4926 illa
2819 4875 3034 4940 epistola

462 4965 640 5016 [αριστι
667 4966 807 5016 opera
831 4965 867 5008 1.
2547 4963 2618 5014 20
