3634 5575
35 818 46 849 *—
29 510 50 705 -.Τ

1507 391 1834 445 emmim.
2462 426 2467 429 -
2920 390 3003 459 55

315 549 396 613 de
437 548 552 611 hac
599 568 702 612 re:
750 558 818 613 at
861 550 1002 633 quia
1041 552 1398 632 perturbata
1438 553 1566 615 >sint
1609 552 1877 627 consilia,
1926 558 2171 632 propter
2214 552 2493 633 expirans
2538 552 2827 615 salarium
2853 550 3005 635 Sty-

316 638 548 701 riacum
593 640 961 713 (renunciavi
1017 641 1176 703 enim
1195 688 1212 713 ,
1281 642 1470 705 iturus
1525 643 1586 703 in
1639 642 1899 723 patriam
1955 648 2017 703 et
2064 640 2245 703 alium
2289 641 2588 705 dominum
2634 642 3007 721 quaesiturus

322 727 534 801 libere)
582 729 798 793 suadet
842 731 1241 799 vehementer,
1294 741 1357 793 ut
1403 731 1626 793 omissa
1655 729 2121 809 wirtembergia
2162 731 2223 793 in
2257 730 2608 793 Bohemiam
2654 747 2831 809 quam
2876 732 3004 811 pri-

323 833 476 879 mum
525 818 802 881 venirem.
891 820 1164 881 Incertus
1211 820 1446 881 haereo.
1539 818 1642 881 Sic
1689 828 1889 881 tamen
1936 818 2221 893 meditor,
2276 820 2548 883 Lincium
2594 818 2680 881 ire
2727 838 2877 881 cum·
2908 820 3005 901 fa·-

323 905 500 977 milia,
547 906 736 987 eaque
783 908 864 969 ibi
907 908 1123 971 relicta
1165 908 1424 987 Pragam
1474 916 1680 989 petere
1726 910 1909 979 solus,
1955 916 2019 968 et
2054 926 2166 989 quo
2214 909 2345 971 loco
2392 909 2502 970 sim
2551 908 2802 982 futurus,
2852 910 3010 988 quod

325 994 626 1065 habiturus
671 997 977 1071 salarium,
1025 1016 1202 1077 quam
1243 1016 1410 1077 spem
1447 998 1574 1077 ejus
1613 996 2021 1078 extorquendi,
2069 998 2431 1075 provisurus,
2480 1004 2763 1077 qnantum
2810 996 3009 1059 divina

321 1083 518 1161 gratia
561 1085 701 1147 mihi
747 1086 1080 1148 indulserit.
1174 1087 1265 1147 At
1310 1087 1360 1147 si
1407 1104 1628 1166 magna
1673 1086 1794 1148 sint
1840 1086 2212 1148 incommoda
2256 1087 2481 1161 futura,
2536 1102 2811 1147 reversus
2856 1086 3007 1148 Lin-

293 1174 470 1236 cium
515 1193 648 1237 cum
695 1175 928 1237 familia
955 1193 1077 1265 ‚per
1121 1174 1461 1237 Danubium
1505 1175 1584 1236 ad
1627 1193 1736 1235 vos
1781 1175 2168 1251 contendam,
2218 1175 2348 1238 Deo
2392 1175 2581 1237 vitam
2623 1182 3004 1254 prorogante.

317 1262 652 1325 Medicinae
681 1283 916 1327 cursum
947 1264 1320 1343 auspicabor,
1371 1264 1592 1325 dabitis
1630 1263 1771 1325 mihi
1801 1264 2061 1326 fortasse
2088 1264 2659 1342 professiunculam:
2709 1261 2849 1342 quia
2875 1281 3008 1325 me-

321 1352 556 1413 hercule
603 1372 679 1415 ex
723 1353 908 1415 divite
955 1352 1014 1415 in
1061 1372 1168 1432 spe
1217 1352 1412 1413 factus
1459 1369 1587 1415 sum
1633 1351 2043 1431 pauperrimus
2078 1370 2143 1413 re
2180 1352 2329 1433 ipsa.
2393 1353 2656 1415 Uxorem
2686 1351 2841 1413 enim
2869 1351 3011 1415 duxi

317 1458 396 1501 ex
426 1441 714 1522 locuplete
745 1443 918 1505 domo
939 1460 958 1516 3
1005 1441 1174 1520 cujus
1213 1448 1346 1502 tota
1383 1443 1662 1521 cognatio
1695 1441 2027 1503 ‚in'eadem
2073 1450 2169 1504 est
2211 1434 2381 1503 navi.
2434 1442 2526 1503 At
2569 1448 2702 1501 tota
2746 1439 3009 1519 ipsorum

315 1527 658 1592 substantia
703 1539 800 1593 est
843 1531 903 1595 in
949 1529 1362 1603 immobilibuS,
1413 1550 1564 1611 quae
1609 1540 1748 1591 sunt
1792 1528 2119 1603 vilissima,
2168 1529 2345 1592 immo
2391 1548 2463 1590 ne
2512 1529 2747 1609 quidem
2793 1530 3007 1591 vendi-

315 1616 484 1679 bilia.
577 1616 799 1681 Omnes
845 1619 966 1682 illis
1010 1618 1242 1681 inhiant
1287 1620 1416 1679 sine
1463 1619 1677 1699 pretio.
1764 1617 2025 1682 Cautum
2070 1618 2225 1680 enim
2272 1627 2371 1681 est
2414 1618 2655 1679 decreto
2701 1617 3005 1697 principis,

315 1724 392 1768 ne
441 1708 568 1787 quis
613 1727 690 1769 ea
733 1708 906 1783 bona,
957 1728 1110 1789 quae
1155 1726 1268 1769 non
1315 1708 1652 1769 vendiderit
1697 1708 1859 1770 intra
1905 1704 1989 1769 45
2037 1706 2186 1779 dies,
2233 1706 2411 1768 alicui
2454 1706 2756 1787 pontificio
2804 1706 3004 1767 locare

312 1795 530 1875 possit.
592 1794 750 1859 Sunt
777 1798 926 1859 haec
957 1797 1192 1877 quidem
1241 1796 1467 1875 gravia.
1545 1796 1634 1858 At
1667 1816 1783 1859 non
1824 1796 2231 1870 credidissem,
2280 1798 2429 1857 adeo
2479 1795 2649 1857 dulce
2696 1814 2851 1869 esse,
2898 1812 3006 1874 pro

313 1884 620 1963 religione.
667 1905 774 1966 pro
815 1884 1044 1950 Christi
1089 1886 1342 1959 honore,
1391 1904 1524 1947 cum
1571 1886 1937 1965 aliquantulo
1985 1894 2160 1947 coetu
2207 1886 2457 1949 fratrum
2504 1883 2740 1958 damna,
2790 1892 3005 1945 contu-

309 1974 528 2039 melias
569 1975 720 2055 pati,
768 1976 993 2049 domos,
1044 1993 1242 2052 agros,
1291 1974 1543 2049 amicos,
1597 1974 1859 2055 patriam
1904 1974 2211 2047 deserere.
2294 1972 2365 2036 Si
2408 1992 2613 2035 verum
2658 1971 3007 2053 martyrium

311 2073 376 2126 et
423 2064 582 2125 vitae
621 2064 864 2142 jactura
908 2062 1292 2144 proportione
1341 2065 1595 2143 quadam
1643 2062 1998 2142 respondet,
2058 2071 2127 2125 ut
2171 2082 2283 2143 quo
2330 2063 2521 2143 majus
2570 2062 2847 2123 damnum
2893 2061 3007 2121 hoc

309 2154 503 2233 major
547 2153 782 2216 laetitia
827 2154 946 2215 sit:
1011 2152 1186 2214 facile
1243 2160 1338 2213 est
1384 2160 1445 2213 et
1489 2152 1638 2215 mori
1684 2171 1791 2232 pro
1840 2148 2146 2233 religione.
2242 2151 2364 2215 Sed
2419 2153 2567 2213 haec
2624 2150 2842 2223 fusius,
2906 2149 3005 2211 ubi

309 2242 780 2305 convenerimus.
873 2242 1008 2305 Non
1064 2259 1236 2304 cesso
1295 2249 1490 2303 tamen
1549 2241 1764 2303 luctari
1821 2248 1883 2301 et
1938 2260 2069 2301 cum
2125 2240 2512 2303 incommodis
2559 2238 3005 2318 temporalibuS,

307 2338 378 2393 ut
425 2330 619 2393 banno
669 2331 886 2405 solvar,
934 2350 1008 2391 ne
1055 2330 1421 2392 decimentur
1465 2331 1624 2393 bona
1667 2329 1872 2391 uxoris
1918 2348 2125 2391 meae:
2176 2337 2525 2410 argumento
2564 2348 2601 2388 a
2642 2346 2777 2391 mea
2821 2326 3005 2387 resti-

307 2418 543 2481 tutione
589 2429 786 2499 capt0,
835 2439 907 2481 ne
956 2420 1039 2481 sit
1083 2438 1156 2479 ea
1201 2418 1340 2479 mihi
1368 2419 1583 2481 ·fraudi
1631 2418 1847 2497 potius,
1900 2438 2076 2498 quam
2120 2418 2295 2479 benc.
2370 2418 2527 2479 Nam
2568 2416 2620 2477 si
2652 2423 2791 2477 ante
2830 2415 3005 2475 bien-

307 2508 474 2569 nium
519 2528 632 2570 non
679 2508 1012 2580 rediissem,
1061 2506 1516 2569 decimationem
1545 2506 1888 2587 effugissem
1916 2514 1977 2567 et
2010 2508 2199 2569 multa
2236 2507 2372 2569 alia.
2447 2505 2548 2567 Sic
2587 2511 2729 2567 sunt
2772 2501 3009 2584 ἐχθρω,

307 2597 523 2677 ἄδωρα
567 2603 752 2677 ῦωρα,
803 2606 863 2658 et
910 2598 1007 2677 qui
1055 2606 1219 2657 amat
1264 2597 1521 2677 patriam
1568 2606 1630 2657 et
1673 2596 1860 2668 bona,
1912 2595 2149 2657 amittet
2194 2597 2337 2659 illa:
2390 2594 2544 2676 quod
2591 2593 2733 2654 mihi
2782 2594 2875 2653 fas
2925 2591 3008 2653 sit

307 2686 370 2747 in
420 2686 572 2747 hunc
619 2706 857 2748 sensum
907 2687 1276 2765 detorquere.
1354 2685 1442 2747 Tu
1489 2685 1541 2746 si
1587 2704 1679 2746 me
1729 2686 1802 2746 de
1851 2686 2026 2745 rebus
2076 2685 2371 2766 aliquibus
2408 2684 2719 2745 certiorem
2756 2681 3007 2744 reddere

308 2774 426 2851 viS,
474 2774 742 2837 Lincium
787 2776 958 2838 mitte
1002 2775 1208 2837 literas
1249 2775 1322 2836 ad
1364 2774 1674 2838 emeritum
1703 2780 1997 2836 rectorem
2026 2774 2459 2837 Memhardum.
2524 2772 2671 2835 Inde
2709 2770 2769 2832 in
2799 2770 3004 2834 Bobe-

306 2865 496 2927 miam
542 2863 701 2926 mitti
745 2873 1039 2946 poterunt,
1091 2872 1196 2924 aut
1241 2864 1408 2926 uxori
1457 2883 1628 2926 meae
1679 2863 1860 2926 tradi.
1953 2864 2111 2924 Vale
2160 2871 2223 2925 et
2266 2882 2373 2944 pro
2400 2861 2592 2924 ‘nobis
2639 2878 2763 2922 ora.

491 2947 550 3016 9.
606 2949 704 3017 19.
754 2953 922 3034 Sept.
983 2949 1169 3017 1600.
1595 2953 1672 3014 Η.
1723 2952 1792 3014 Τ.
1890 2950 2059 3014 Grat.
2110 2953 2437 3032 discipulus

1575 3091 1580 3096 -
2410 3040 2501 3103 Iis.
2548 3039 2613 3102 J.
2657 3032 2917 3118 Kepler.

1673 3181 1762 3188 --.--
1781 3182 1790 3188 -
1803 3181 1848 3189 ..-

769 3351 776 3356 .
1505 3288 1572 3352 S.
1620 3290 1690 3352 P.
1741 3289 1816 3352 D.

491 3397 731 3460 Literas
767 3405 924 3470 tuaS,
975 3393 1320 3458 Clarissime
1358 3395 1468 3469 vir,
1516 3362 1881 3476 Praeceptor
1916 3395 2279 3468 honorande,
2330 3411 2397 3455 eo
2438 3391 2554 3467 die,
2602 3409 2714 3474 quo
2744 3389 3007 3468 Pragam

309 3486 470 3562 veni,
521 3505 606 3549 sc.
655 3482 716 3551 9.
771 3483 868 3550 19.
920 3481 1057 3546 Oct.
1108 3485 1366 3563 scriptas
1415 3487 1552 3556 (eae
1600 3484 1907 3547 Maestlini
1954 3485 2167 3546 literae
2214 3483 2479 3556 desunt),
2528 3479 2733 3561 accepi
2770 3478 3005 3559 Pragae
3114 3545 3121 3553 ,

311 3573 375 3640 9.
427 3575 792 3638 Decembris.
881 3574 1040 3636 Nam
1095 3575 1182 3636 ita
1236 3581 1598 3635 convenerat
1651 3592 1782 3634 cum
1838 3571 2168 3651 Schillingo
2190 3619 2205 3646 ,
2272 3581 2339 3634 ut
2393 3570 2588 3632 Lincii
2644 3568 3009 3648 relinqueret

311 3665 558 3738 literas,
605 3665 656 3726 si
704 3684 795 3726 me
845 3661 1060 3725 Gratio
1110 3662 1462 3724 discessisse
1501 3663 1706 3725 .Lincii
1754 3661 2164 3740 comperisset.
2259 3657 2525 3740 Cumque
2572 3664 3008 3736 merquartana

311 3754 606 3818 invaserit
649 3753 708 3816 in
753 3753 982 3826 itinere,
1034 3751 1150 3814 dici
1198 3771 1315 3813 non
1359 3759 1594 3832 potest,
1646 3771 1824 3832 quam
1864 3749 2352 3815 melancholicum
2396 3746 2539 3809 mihi
2583 3763 3007 3828 paroxysmum

313 3843 623 3906 effecerint
665 3850 804 3904 tuae
849 3841 1090 3916 literae,
1148 3840 1303 3920 quod
1359 3860 1590 3902 omnem
1649 3840 1799 3901 adeo
1856 3857 2025 3919 spem
2072 3838 2129 3900 in
2188 3837 2497 3899 academia
2552 3843 2758 3897 vestra
2801 3832 3003 3913 proci-

311 3933 549 3995 derunt.
613 3931 772 3994 Nam
800 3931 896 3993 bic
923 3931 1158 4010 Pragae
1205 3930 1402 3992 inveni
1449 3929 1648 3992 omnia
1693 3929 2091 3990 incertissima
2135 3934 2198 3989 et
2244 3926 2316 3988 de
2353 3945 2483 3986 meo
2529 3926 2704 3986 vivo:
2752 3940 3004 3986 manen-

314 4022 457 4084 dum
492 4039 634 4082 vero
671 4021 807 4082 dum
844 4020 1262 4081 convalescam
1295 4026 1400 4080 aut
1425 4019 1660 4080 moriar.
1731 4016 1952 4078 Omnia
1999 4017 2327 4102 quadruplo
2376 4022 2514 4075 sunt
2556 4012 2769 4093 pretio.
2840 4011 3005 4070 Tan-

313 4119 442 4173 tum
489 4110 690 4172 uxoris
735 4109 1137 4181 me'miseret,
1190 4126 1364 4187 quam
1413 4127 1638 4168 mecum
1688 4105 1901 4169 babeo,
1966 4105 2228 4184 Pragam
2256 4123 2396 4166 vero
2428 4104 2523 4180 ivi,
2573 4108 2677 4163 aut
2712 4108 2781 4163 ut
2822 4117 3005 4180 prae-

315 4207 544 4262 starem
572 4199 836 4281 Tycboni
867 4197 1021 4280 quod
1067 4196 1330 4277 promisi,
1379 4195 1431 4257 si
1477 4196 1672 4257 victus
1720 4196 1912 4269 detur,
1964 4202 2067 4256 aut
2111 4201 2180 4256 ut
2220 4191 2671 4274 praecipuarum
2717 4190 3007 4251 observa-

315 4290 546 4351 tionum
592 4306 833 4368 compos
879 4287 1098 4349 fierem.
1194 4285 1266 4346 Id
1324 4285 1404 4346 ad
1455 4285 1757 4346 minimum
1815 4302 2012 4364 spere.
2098 4279 2177 4345 ‘Si
2224 4302 2481 4363 unquam
2526 4281 2601 4342 ad
2660 4287 2723 4340 te
2770 4278 2843 4340 de
2890 4277 3009 4338 tuis

319 4378 592 4458 epistolis
635 4374 1010 4458 publicandis
1058 4373 1292 4454 scripsi,
1339 4393 1434 4436 me
1481 4375 1674 4454 ipsum
1718 4373 2101 4434 vehementer
2144 4372 2343 4446 miror,
2394 4371 2564 4431 unius
2609 4369 2791 4429 horae
2836 4366 3010 4446 Kep-

318 4466 504 4529 lerum
553 4467 702 4528 adeo
756 4465 1056 4527 diversum
1110 4483 1246 4526 esse
1304 4463 1380 4524 ab
1437 4462 1693 4525 omnium
1747 4461 2024 4523 horarum
2070 4459 2355 4540 Keplero.
2444 4459 2792 4538 Nunquam,
2856 4454 3013 4534 quod

260 4590 267 4598 ·
319 4555 528 4626 sciam,
579 4556 834 4618 animum
882 4554 1114 4626 induxi,
1171 4561 1238 4615 ut
1282 4551 1345 4615 i'd
1393 4552 1680 4627 facerem,
1729 4569 2030 4630 nunquam
2076 4549 2218 4611 mihi
2265 4569 2391 4610 mos
2436 4549 2553 4610 iste
2598 4543 2850 4624 placuit,
2900 4561 3011 4605 nec

321 4646 632 4708 verborum
676 4643 930 4705 memini.
1021 4643 1116 4706 Ac
1163 4660 1386 4722 quaeso
1433 4641 1644 4716 verba,
1701 4651 1963 4718 tempus,
2023 4641 2249 4714 locum,
2306 4638 2402 4699 vel
2446 4634 2647 4716 potius
2692 4634 3012 4714 epistolam

319 4742 512 4796 totam
559 4731 634 4795 a'd
679 4751 774 4794 me
819 4731 1008 4794 mitte.

497 4823 590 4885 De
635 4822 756 4900 filio
801 4821 912 4884 tibi
960 4817 1245 4883 condoleo
1294 4835 1370 4878 ex
1417 4815 1630 4891 animo,
1681 4816 1792 4877 sed
1837 4835 1955 4878 non
1999 4811 2229 4877 infirma
2274 4831 2381 4894 spe
2427 4831 2577 4887 sum,
2624 4811 2727 4873 ubi
2771 4809 3009 4885 viderit,

326 4920 550 4994 quanta
579 4909 1066 4974 incommoditate
1094 4908 1331 4970 vivatur
1358 4905 1516 4991 apud
1546 4911 1804 4985 exteros,
1855 4905 2200 4978 rediturum,
2248 4910 2354 4972 aut
2388 4901 2441 4966 si
2476 4899 2731 4968 maxime
2768 4897 3015 4965 servitia
