3634 5575
666 383 708 447 2
1765 423 1776 437 .
1850 382 2172 434 Prooemium.

667 546 762 617 iis,
809 559 958 625 quae
1003 542 1062 606 in
1110 561 1219 604 usu
1265 549 1422 618 sunt,
1471 542 1726 618 auxiliis,
1773 560 1931 605 nova
1972 551 2149 623 paret
2176 558 2362 616 arma,
2412 539 2625 619 quibus
2668 557 2737 601 se
2782 534 3053 600 omnibu's
3098 531 3355 615 impedi-

665 650 883 713 mentis
931 650 1292 729 superiorem
1339 649 1464 711 fore
1502 659 1725 728 sperat.
1801 646 1982 719 Quod
2011 648 2168 710 idem
2198 646 2457 727 Keplero
2486 646 2755 709 videmus
2784 644 3077 706 evenisse.
3152 639 3359 711 Videt,

667 763 1031 839 quantopere
1077 763 1348 836 praestet
1393 752 1807 836 Copernicana
1852 755 2004 817 ratio
2052 752 2475 828 Ptolemaicae,
2524 772 2639 814 non
2688 752 2953 833 ignorat,
3001 754 3179 831 quam
3224 746 3359 809 foe-

665 865 859 926 cunda
905 880 1164 925 errorum
1209 869 1403 923 mater
1448 862 1530 923 sit
1575 860 1924 942 astrologia.
2000 863 2091 923 At
2131 860 2293 923 illinc
2324 858 2797 939 Copernicanam
2834 857 3124 919 rationem
3161 854 3356 916 desti·-

666 978 858 1033 tutam
903 969 1070 1030 videt
1113 969 1296 1031 certis
1343 970 1724 1048 argumentis,
1775 968 1912 1029 hinc
1960 967 2351 1046 astrologiam
2388 966 2647 1028 omnium
2683 972 2955 1025 aetatum
2992 960 3355 1025 auctoritate

665 1076 924 1138 defendi.
1000 1072 1162 1145 Quid
1207 1073 1430 1154 igitur?
1477 1075 1671 1149 cedet,
1721 1074 1922 1149 credo,
1971 1073 2061 1136 vir
2105 1092 2365 1137 summus
2402 1080 2733 1154 temporum
2778 1088 3089 1150 rerumque
3134 1066 3355 1149 iniqui-

663 1182 825 1245 tati?
915 1183 1040 1244 Imo
1085 1200 1226 1243 vero
1275 1181 1560 1243 fortitudo
1608 1179 1788 1243 animi
1834 1192 1950 1242 uon
2007 1176 2240 1259 defugit
2294 1186 2630 1253 certamen,
2691 1176 2997 1258 sagacitas
3052 1174 3359 1237 ministrat

664 1309 859 1366 arma,
916 1287 1234 1371 indefessa¹
1265 1287 1561 1350 industria
1603 1289 1871 1367 miraque
1918 1285 2261 1349 constantia
2305 1285 2381 1346 ad
2429 1304 2590 1359 eum,
2640 1302 2815 1367 quem
2860 1282 3123 1365 quaerit,
3181 1281 3357 1343 finem

663 1396 1010 1476 perducunt.
1061 1426 1144 1437 —
1193 1394 1282 1456 At
1325 1396 1622 1475 Keplerus
1667 1413 1806 1457 num
1853 1412 1915 1455 re
1960 1412 2107 1455 vera
2161 1393 2364 1467 finem,
2426 1409 2599 1473 quem
2654 1389 2977 1472 quaesivit,
3039 1392 3356 1451 assecutus

664 1504 802 1565 est?
891 1500 1246 1564 Mundorum
1293 1500 1601 1563 harmonia
1631 1478 2055 1589 ‘praesagienti
2103 1499 2263 1562 illius
2310 1499 2502 1561 animo
2550 1498 3013 1571 obversabatur3
3066 1495 3145 1557 ad
3187 1495 3359 1557 illam

661 1609 1138 1689 cognoscendam
1188 1607 1386 1670 divino
1435 1607 1686 1689 quodam
1718 1580 1962 1688 -i'mpetu
2006 1604 2319 1685 abreptus,
2382 1612 2717 1684 quanquam
2764 1601 3034 1665 omnibus
3081 1601 3356 1663 fortunae

661 1715 800 1777 telis
846 1715 1093 1796 petituS,
1140 1715 1318 1777 stetit
1362 1714 1716 1794 impavidus,
1766 1731 2160 1793 aerumnaque
2208 1720 2273 1774 et
2317 1708 2687 1790 aegritudine
2736 1709 2850 1771 fuit
2893 1708 3180 1788 superior.
3272 1706 3359 1767 Et

661 1822 738 1884 ab
784 1822 886 1883 illo
936 1820 1196 1903 quidem,
1255 1822 1410 1900 quod
1457 1820 1818 1901 quaerebat,
1876 1819 2116 1900 penitus
2174 1815 2587 1898 cognoscendo
2646 1835 2822 1896 quam
2868 1834 3053 1897 prope
3100 1815 3355 1903 affuerit,

661 1934 964 1990 testantur
1008 1935 1134 1990 tres
1183 1926 1322 1989 illae
1370 1928 1445 1989 ab
1492 1946 1564 1989 eo
1609 1926 1888 1989 inventae
1932 1927 2097 2007 leges
2136 1924 2524 1999 immortales,
2575 1923 2805 2003 quibus,
2852 1922 3355 1995 ut-fundamento,

661 2050 816 2115 quae
859 2042 1102 2095 nostrae
1149 2034 1370 2095 aetatis
1426 2042 1548 2107 est,
1605 2033 1859 2115 physica
1904 2042 1969 2095 et
2012 2030 2381 2095 astronomia
2426 2036 2839 2109 superstructa
2883 2038 2996 2091 est.
3052 2060 3132 2072 —
3181 2028 3355 2090 Pro-

659 2140 950 2202 d·romus
986 2138 1241 2220 quidem,
1293 2140 1436 2201 licet
1468 2138 1604 2202 illas
1635 2140 1804 2219 leges
1840 2157 1958 2201 non
1985 2140 2231 2213 referat,
2278 2147 2501 2211 tamen,
2545 2136 2685 2216 quid
2712 2135 2867 2197 hunc
2901 2134 3359 2216 „prodromum“

661 2255 1000 2309 secuturum
1045 2254 1229 2321 esset,
1275 2245 1602 2327 Keplerum
1623 2278 1626 2287 ·
1646 2246 1844 2309 animo
1882 2247 2013 2326 jam
2060 2253 2185 2307 tum
2228 2250 2615 2325 praeceptum
2651 2243 2953 2319 habuisse,
3002 2240 3179 2305 titulo
3226 2241 3361 2324 ipso

661 2354 906 2416 indicat.
997 2354 1140 2435 Ipse
1185 2360 1387 2415 autem
1433 2353 1545 2415 hac
1593 2353 1666 2415 de
1711 2372 1776 2416 re
1826 2354 1975 2417 dicit
2017 2354 2077 2415 in
2122 2360 2269 2415 nota
2314 2352 2393 2414 ad
2438 2352 2679 2416 titulum
2732 2349 2903 2421 libri,
2962 2348 3209 2413 editioni
3252 2368 3361 2410 se·-

659 2460 888 2524 cundae
915 2461 1221 2541 praefixa:
1274 2460 1642 2541 „Postquam
1671 2459 1750 2521 ad
1778 2457 2193 2541 philosophiae
2222 2457 2481 2520 studium
2510 2457 2760 2531 accessi,
2792 2474 2949 2517 auno
2978 2454 3199 2517 aetatis
3236 2450 3359 2531 18„

659 2586 718 2627 a.
750 2564 862 2630 Ch.
899 2562 1088 2643 1589,
1137 2567 1536 2629 versabantur
1577 2566 1638 2627 iu
1677 2565 1949 2627 manibus
1978 2565 2313 2645 juventutis
2352 2562 2818 2627 exercitationes
2854 2561 3195 2626 exotericas
3230 2558 3359 2623 Jul.

661 2671 841 2737 Caes.
873 2672 1201 2754 Scaligeri:
1251 2674 1421 2753 cuius
1469 2690 1579 2753 ego
1627 2671 1763 2734 libri
1807 2668 2123 2733 occasione
2172 2670 2342 2751 coepi
2388 2667 2727 2731 successive
2773 2668 2947 2729 varia
2990 2664 3357 2731 comminisci

661 2780 736 2844 de
779 2780 964 2844 variis
1012 2779 1480 2861 quaestionibus,
1529 2786 1598 2842 ut
1643 2778 1718 2840 de
1763 2778 1953 2852 coelo,
2002 2776 2078 2840 de
2124 2776 2357 2851 animis,
2407 2776 2483 2838 de
2528 2764 2738 2857 geniis,
2790 2775 2863 2838 de
2902 2774 3234 2849 elementis,
3284 2773 3361 2836 de

659 2887 818 2968 ignis
855 2895 1088 2963 natura,
1141 2887 1212 2948 de
1261 2887 1513 2948 fontium
1561 2885 1808 2965 origine,
1859 2885 1931 2946 de
1970 2885 2130 2947 fluxu
2174 2893 2238 2946 et
2282 2885 2509 2946 refluxu
2554 2883 2758 2959 maris,
2808 2883 2880 2944 de
2926 2881 3359 2964 figura-conti·-

659 2993 924 3056 nentium
979 3002 1273 3057 terrarum
1333 2993 1869 3073 interfusorumque
1914 2990 2167 3053 marium
2214 2999 2277 3053 et
2322 2989 2559 3053 similia.
2642 2989 2871 3053 Verum
2916 3008 3047 3052 cum
3094 2988 3360 3050 inventio

660 3100 784 3164 ista
825 3099 1228 3182 proportionis
1275 3099 1507 3162 orbium
1551 3099 1902 3162 coelestium
1948 3099 2091 3161 mihi
2136 3096 2439 3160 videretur
2482 3096 2723 3168 exi'mia,
2770 3115 2887 3160 non
2926 3096 3362 3177 expectandum

657 3205 804 3270 mihi
847 3225 980 3268 sum
1024 3215 1220 3282 ratus,
1271 3206 1456 3298 donec
1503 3223 1710 3268 omnes
1755 3214 2007 3267 naturae
2052 3212 2259 3284 partes
2305 3223 2699 3285 pervagarer,
2745 3223 2853 3266 nec
2898 3205 3011 3266 hoc
3054 3203 3361 3266 inventum

659 3312 851 3376 obiter
896 3312 1292 3392 evulgandum
1309 3359 1326 3388 ,
1375 3313 1711 3392 conjectum
1757 3311 1817 3375 in
1864 3313 2159 3374 cumulum
2195 3303 2611 3392 quaestionum
2658 3319 3011 3388 ceterarum,
3056 3310 3176 3372 levi
3206 3329 3359 3390 qua-

661 3421 802 3483 dam
845 3418 1276 3502 probabilitate
1320 3419 1635 3484 utentium.
1729 3417 1891 3491 Quin
1934 3419 2135 3500 potius
2181 3418 2259 3481 ab
2304 3418 2481 3500 huJus
2536 3418 2765 3482 inventi
2824 3418 3083 3481 editione
3127 3416 3363 3480 initium

664 3527 1153 3590 dissertationum
1213 3545 1474 3589 mearum
1537 3527 1735 3590 facere
1795 3527 2064 3606 placuit:
2132 3543 2429 3606 aususque
2488 3545 2619 3587 sum
2673 3526 2732 3587 in
2790 3523 3061 3587 omuibus
3115 3523 3361 3604 reliquis

662 3633 1114 3715 quaestionibus
1162 3632 1415 3695 similem
1460 3651 1702 3714 sperare
1749 3651 2129 3695 successum:
2178 3631 2289 3693 sed
2336 3631 2580 3708 frustra,
2628 3632 2859 3695 coelum
2904 3629 3082 3706 enim,
3129 3629 3361 3715 princi·-

659 3740 822 3822 pium
859 3759 1101 3822 opernm
1137 3740 1275 3810 Dei,
1322 3741 1498 3820 longe
1535 3739 2039 3820 praestantiorem
2087 3744 2360 3798 ornatum
2404 3737 2605 3814 habet,
2654 3757 2830 3818 quam
2860 3737 3092 3817 reliqua
3132 3737 3364 3800 minuta

656 3855 725 3908 et
750 3847 914 3910 vilia.
983 3847 1194 3928 Itaque
1231 3848 1656 3938 prodromus
1693 3845 1932 3926 quidem
1960 3845 2236 3924 egregius
2266 3843 2419 3905 fuit:
2468 3843 2879 3924 epidromus
2916 3863 3077 3919 vero,
3126 3844 3363 3924 qualem

663 3973 774 4034 ego
821 3961 963 4016 tunc
1008 3970 1451 4035 proposueram,
1497 3952 1697 4014 nullus
1741 3959 1841 4013 est
1874 3957 2149 4012 secutus:
2200 3948 2337 4031 quia
2382 3949 2442 4011 in
2480 3950 2725 4031 reliquis
2764 3950 3210 4030 quaestionibus
3248 3969 3361 4012 ne-

661 4078 959 4141 quaquam
1013 4057 1157 4120 mihi
1212 4077 1399 4139 aeque
1455 4056 1925 4120 satisfaciebam.
2018 4056 2239 4118 Lector
2294 4062 2494 4120 tamen
2552 4075 2735 4136 opera
2778 4075 2913 4119 mea
2959 4058 3363 4120 astronomica

660 4176 726 4229 et·
779 4165 1047 4247 inprimis
1103 4163 1290 4228 libros
1335 4163 1857 4238 Harmonicorum‚
1917 4181 2026 4244 pro
2073 4162 2327 4243 genuino
2382 4172 2447 4225 et
2498 4163 2736 4244 proprio
2784 4164 3091 4245 epidromo
3136 4163 3359 4227 habere

657 4275 884 4355 poterit
933 4274 1107 4354 hujus
1156 4273 1375 4347 libelli;
1423 4272 1561 4354 quia
1607 4272 1817 4335 eadem
1864 4270 2136 4352 utrinque
2180 4271 2285 4333 via
2328 4268 2612 4335 curritur:
2661 4288 2929 4351 quaeque
2976 4279 3118 4356 tuuc
3162 4271 3360 4352 impe-

660 4385 790 4448 dita
827 4385 980 4448 satis
1027 4390 1178 4459 erat,
1228 4382 1394 4443 facta
1436 4399 1590 4443 nunc
1636 4387 1736 4441 est
1778 4379 2113 4454 tritissima,
2155 4385 2220 4442 et
2250 4398 2403 4460 quae
2440 4386 2581 4441 tunc
2608 4378 2808 4442 brevis
2846 4397 2961 4440 nec
2996 4379 3074 4440 ad
3112 4395 3358 4458 scopum

664 4492 1033 4573 pertingens,
1078 4491 1188 4554 illa
1233 4496 1296 4551 et
1342 4486 1722 4549 continuatur
1766 4486 1824 4547 in
1854 4485 2253 4562 Harmonicis,
2302 4495 2365 4547 et
2408 4503 2612 4548 currus
2658 4483 2821 4548 cirea
2864 4491 3088 4548 metam
3134 4485 3354 4566 agitur.

662 4598 829 4662 Talis
859 4597 973 4661 fuit
1002 4597 1370 4681 prodromus,
1399 4593 1726 4672 -navigatio
1765 4594 1961 4676 prima
1989 4593 2253 4656 Americi
2283 4591 2591 4673 Vespucii,
2638 4591 2797 4653 tales
2844 4591 3131 4671 epidromi
3175 4591 3357 4654 navi-

663 4705 938 4785 gationes
985 4704 1308 4766 hodiernae
1357 4718 1586 4763 annuae
1634 4698 1692 4760 in
1740 4700 2144 4761 Americam.“

834 4811 928 4872 De
958 4811 1132 4872 titulo
1170 4807 1568 4892 „Mysterium
1597 4803 2205 4888 Cosmographicmu“
2248 4809 2395 4870 haec
2422 4805 2630 4867 eodem
2658 4803 2791 4868 loco
2822 4805 3031 4870 addit:
3084 4803 3359 4882 „Extant

662 4919 820 5000 apud
869 4917 1205 4981 Germanos
1251 4913 1769 4995 cosmographiae,
1834 4915 2131 4978 Munsteri
2188 4915 2582 4994 aliorumque,
2642 4913 2741 4975 ubi
2798 4914 2873 4977 de
2928 4920 3060 4976 toto
3116 4912 3355 4994 quidem
