3634 5575
1467 395 1528 444 de
1565 394 1708 443 rebus
1747 394 2069 458 astrologicis.
2994 389 3121 460 349

411 554 680 620 qualitates
719 551 904 618 aliquid
940 553 1072 602 aliud
1109 553 1174 604 ad
1209 567 1302 603 nos
1337 551 1630 611 redundare,
1671 552 1746 601 vel
1783 554 1827 602 si
1862 551 1978 618 quid
2013 553 2287 618 pronciat,
2324 549 2377 600 id
2412 550 2555 608 lucis,
2592 551 2671 600 vel
2696 552 2925 618 maxime,
2946 553 3123 604 caloris

411 625 648 676 beneficio
687 624 752 674 ad
787 639 878 674 nos
914 627 1210 690 pertingere.
1287 623 1598 689 Astrologica
1625 633 1758 674 ‘vero
1797 625 2103 688 experientia.
2138 629 2379 680 testatur,
2436 621 2667 685 planetas
2704 623 2792 672 sub
2830 623 2985 674 Terra
3022 626 3121 673 exi-
3155 629 3161 644 ¹

411 701 626 752 stentes,
666 711 814 760 quum
848 709 942 745 nec
978 696 1143 746 lumen
1181 710 1274 747 nec
1313 696 1528 745 calorem
1564 709 1706 744 suum
1744 693 1809 745 ad
1847 711 1935 744 nos
1972 695 2256 752 demittant,
2295 691 2497 743 vitalem
2524 698 2576 741 et
2602 693 2945 743 abscissoriam
2981 708 3123 745 suam

411 769 656 824 virtutem,
691 774 749 816 ut
785 773 837 816 et
875 767 996 816 alios
1033 767 1240 818 effectus
1279 778 1520 816 exercere.
1598 765 1827 830 Sequitur
1848 767 2015 830 igitur,
2053 773 2105 815 01
2138 772 2337 829 praeter
2371 765 2531 816 lucem
2570 769 2621 812 et
2648 763 2861 814 calorem
2890 765 3123 815 astralem

413 838 538 888 Solis
575 837 744 886 stellas
783 840 934 888 etiam
973 838 1097 888 alias
1133 841 1338 887 virtutes
1375 837 1560 886 habere
1581 873 1596 894 ,
1652 851 1781 901 quae
1830 851 1927 886 nec
1976 837 2075 888 luci
2126 851 2220 886 nec
2269 835 2419 886 calori
2476 834 2669 884 illarum
2710 841 2828 884 suut
2864 835 3119 902 alligatae.

412 909 695 971 Quaeritur,
729 924 848 958 num
884 909 1016 958 solus
1053 909 1190 960 calor
1226 907 1354 960 Solis
1393 908 1610 958 vivificus
1648 915 1786 956 motu
1822 922 1911 957 suo
1951 921 2115 957 annuo
2154 909 2321 956 omnia
2356 912 2571 970 vegetet,
2609 906 2723 970 quid
2758 907 2909 971 igitur
2946 908 3123 958 stellae

411 987 569 1048 agant
607 981 672 1030 ad
708 986 982 1030 ceterarum
1018 995 1180 1030 rerum
1219 977 1680 1030 conservationem?
1751 978 1974 1029 Necesse
2012 979 2121 1036 erit,
2158 979 2254 1027 illis
2294 977 2445 1028 aliam
2481 979 2642 1027 inesse
2681 978 2777 1026 vim
2818 987 2869 1027 01
2906 980 3123 1027 animam

411 1053 645 1102 astralem
681 1051 944 1108 occultam,
984 1067 1131 1115 quam
1167 1051 1517 1102 insensibiliter
1541 1051 1909 1100 communicant
1932 1050 2074 1099 rebus
2101 1051 2297 1100 creatis.
2351 1047 2478 1098 Solis
2503 1056 2705 1097 externo
2752 1048 2916 1098 calore
2958 1051 3126 1098 omnia

410 1129 734 1188 vegetantur3
785 1123 868 1186 qui
903 1123 946 1170 si
983 1137 1080 1172 non
1117 1124 1444 1186 percipiatur,
1482 1121 1602 1171 nihil
1641 1121 1778 1191 00101·
1810 1123 2033 1171 internus
2072 1127 2123 1170 et
2160 1121 2381 1170 occultus
2416 1120 2581 1170 facere
2618 1125 2806 1181 potest3
2854 1121 2937 1169 sic
2974 1125 3026 1169 et
3062 1119 3124 1169 de

409 1195 564 1243 stellis
596 1193 937 1256 judicandum,
979 1201 1030 1242 et
1065 1208 1158 1244 eae
1195 1200 1451 1243 externum
1489 1193 1704 1242 calorem
1742 1206 1842 1241 nou
1878 1192 2083 1250 habent,
2122 1207 2241 1258 ergo
2276 1205 2372 1242 nec
2408 1192 2505 1240 vim
2542 1190 2822 1240 vivificandi
2846 1189 2950 1240 Soli
2988 1204 3119 1240 com·

411 1279 610 1314 munem
631 1299 643 1320 ,
706 1277 912 1314 necesse
951 1271 1027 1314 est
1061 1267 1213 1330 igitur
1233 1301 1246 1324 ,
1311 1264 1534 1316 occultas
1571 1263 1664 1313 illis
1710 1264 1874 1313 inesse
1911 1265 2039 1312 vires
2083 1268 2135 1312 et
2170 1263 2511 1318 influentiam,
2574 1275 2723 1326 quam
2760 1263 3125 1312 communicent

411 1337 608 1385 creatis.
680 1335 812 1400 Ergo
848 1335 1025 1385 falsum
1061 1335 1174 1391 hoc,
1212 1335 1383 1386 stellas
1419 1335 1530 1386 luce
1569 1340 1620 1384 et
1654 1342 1794 1385 motu
1830 1348 1981 1400 agero
2019 1335 2193 1391 solum,
2230 1334 2370 1384 nulla
2408 1333 2511 1383 alia
2546 1333 2755 1382 ratione.

586 1459 990 1538 Keplerus:
1053 1459 1149 1520 An
1199 1458 1364 1520 calor
1412 1466 1474 1519 et
1521 1459 1622 1520 lux
1663 1458 1748 1519 sit
1789 1457 2127 1520 vehiculum
2158 1457 2443 1518 virtutum
2472 1455 2857 1518 sideralium?
2903 1457 3119 1519 Nonne

412 1547 612 1609 emnia
659 1547 1084 1609 dilucidissime
1133 1547 1383 1610 distinxi
1431 1546 1489 1608 in
1539 1545 1985 1608 fundamentis?
2077 1545 2167 1606 Tu
2214 1563 2355 1606 vero
2404 1544 2548 1606 mihi
2596 1544 2899 1624 negotium
2946 1545 3121 1606 exhi-

409 1637 518 1697 bes
565 1655 679 1697 non
727 1637 1150 1698 necessarium.
1244 1634 1558 1720 Quatenus
1614 1635 1718 1696 lux
1782 1642 1879 1696 est
1942 1635 2279 1698 vehiculum
2341 1633 2616 1708 illarum,
2690 1651 2808 1694 non
2861 1641 3001 1694 sunt
3062 1633 3123 1696 in

409 1744 630 1804 magna
675 1725 973 1787 varietate
1020 1727 1116 1787 vel
1162 1724 1602 1787 inconstantia:
1666 1743 1821 1804 quae
1866 1741 2009 1784 vero
2055 1721 2115 1783 in
2164 1723 2294 1785 dies
2342 1728 2675 1796 mutantur,
2724 1740 2937 1801 nempe
2984 1721 3118 1802 ple-

411 1833 592 1895 raque
643 1831 862 1889 eorum,
913 1833 1066 1893 quae
1113 1814 1500 1876 considerant
1529 1812 1840 1892 astrologi,
1894 1819 2035 1873 sunt
2078 1829 2263 1891 opera
2299 1829 2417 1872 non
2448 1811 2776 1885 stellarum,
2828 1811 2935 1871 sed
2974 1811 3122 1872 sub-

305 1955 310 1962 .
410 1902 701 1964 lunarium
751 1903 1055 1976 mentium,
1106 1922 1258 1983 quae
1306 1901 1655 1982 corporibus
1701 1901 2084 1980 praesident,
2131 1907 2193 1961 et
2239 1909 2541 1962 astrorum
2586 1898 2805 1960 sitibus
2854 1899 3121 1979 configu-

407 1991 859 2070 rationibusque
909 1991 1128 2054 mutuis
1178 1998 1491 2053 moventur
1538 1997 1607 2052 ut
1653 1989 1930 2069 objectis.
2023 1989 2152 2052 Nec
2184 1987 2484 2050 Saturnus
2532 1995 2629 2050 est
2674 1987 2984 2049 abscissor
3012 2007 3126 2048 sua

411 2090 646 2154 natura,
696 2081 808 2142 sed
841 2081 1279 2160 imaginatione
1329 2078 1640 2140 facultatis
1670 2079 1875 2141 vitalis
1922 2079 1981 2144 in
2011 2084 2155 2138 nato
2202 2077 2458 2152 homine,
2509 2095 2661 2156 quae
2712 2077 3123 2138 characterem

412 2168 737 2230 coelestem
783 2168 842 2230 in
895 2187 1030 2230 esse
1078 2178 1142 2230 et
1187 2169 1312 2230 fieri
1361 2167 1594 2241 (radice
1643 2174 1706 2228 et
1751 2166 2112 2240 directione)
2168 2165 2229 2226 in
2276 2185 2343 2226 se
2391 2165 2690 2246 suscepit,
2749 2183 2997 2245 eumque
3046 2165 3121 2226 ad

411 2259 588 2320 finem
633 2258 796 2319 vitae
846 2257 1225 2320 circumfert:
1277 2275 1391 2318 non
1441 2255 1716 2329 otiosum,
1768 2257 1876 2317 sed
1925 2257 2118 2317 instar
2164 2253 2388 2334 objecti
2434 2254 2704 2322 alterius,
2754 2254 2831 2314 ad
2870 2271 3122 2315 manen-

409 2355 534 2408 tem
591 2354 654 2408 et
712 2346 1226 2425 praescribentem
1292 2345 1754 2416 commotionum
1821 2343 2094 2405 vitalium
2152 2343 2515 2404 naturalium
2563 2342 2907 2404 animalium
2957 2343 3125 2422 leges

413 2442 477 2496 et
519 2434 934 2510 incitamenta,
982 2454 1134 2515 quae
1183 2432 1484 2508 eveniunt,
1535 2441 1597 2494 et
1642 2433 1714 2502 in,
1751 2451 1901 2512 opus
1930 2432 2227 2511 prodeunt
2256 2431 2608 2493 salutariter
2642 2431 2741 2493 vel
2767 2431 3121 2510 perniciose,

410 2541 516 2604 pro
565 2524 842 2603 subjecta
887 2524 1144 2586 materia
1191 2531 1256 2584 et
1301 2522 1770 2584 circumstantiis
1818 2523 2101 2592 locorum,
2149 2528 2503 2601 temporum,
2553 2520 2755 2582 dietae
2794 2527 2907 2581 etc.
2990 2518 3121 2582 Ne—

413 2632 524 2692 que
572 2614 738 2674 coelo
787 2613 1043 2675 virtutes
1090 2612 1360 2676 occultas
1407 2617 1474 2672 et
1518 2609 1995 2685 irrationabileS,
2064 2609 2173 2672 sed
2238 2609 2477 2670 animae
2537 2609 2737 2688 potius
2800 2609 3123 2670 facultates

411 2702 688 2763 sensibus
735 2721 854 2762 non
901 2709 1142 2764 utentes
1187 2701 1406 2776 tribue,
1454 2717 1570 2762 non
1621 2718 1776 2761 nova
1823 2699 2047 2778 specie,
2096 2698 2295 2759 sciunt
2342 2699 2499 2759 enim
2528 2715 2733 2759 omnes
2780 2697 2853 2758 de
2894 2697 3120 2758 forma-

411 2790 547 2852 trici
615 2791 939 2865 facultate,
1026 2810 1178 2871 quae
1243 2809 1360 2852 non
1419 2806 1495 2850 ex
1521 2787 1534 2803 “
1557 2790 1933 2870 praescripto
1991 2796 2192 2850 tactus
2254 2808 2367 2849 sua
2438 2787 2640 2849 munia
2718 2785 3123 2857 administrat,

411 2880 598 2941 multo
646 2879 840 2942 minus
890 2898 964 2941 ex
1013 2881 1264 2941 aliorum
1313 2898 1627 2952 sensuum,
1696 2879 1804 2939 sed
1854 2898 1929 2939 ex
1985 2877 2199 2939 intima
2244 2877 2479 2939 ratione
2535 2876 2674 2937 inde
2733 2896 2771 2937 a
2816 2876 3124 2939 creatione

411 2968 528 3030 sibi
576 2969 1034 3031 communicata.
1103 2967 1280 3039 Quod
1329 2968 1381 3029 si
1428 2986 1612 3030 sensu
1661 2968 1866 3041 utitur,
1916 2974 1985 3027 ut
2012 2966 2331 3028 formatrix
2376 2965 2437 3027 in
2466 2966 2658 3027 Terra
2685 2983 2867 3027 sensu
2898 2984 3121 3039 eorum,

414 3075 565 3136 quae
630 3066 772 3119 sunt
837 3057 911 3118 de
957 3056 1268 3137 praesenti
1331 3057 1390 3119 in
1454 3056 1702 3131 mund0,
1770 3056 1911 3118 dum
1972 3054 2031 3116 in
2080 3055 2492 3119 subterraneis
2550 3052 2801 3134 effugiet
2846 3054 3126 3116 sensibus

411 3145 743 3220 hominum3
821 3152 888 3207 ut
950 3146 1264 3208 formatrix
1328 3146 1542 3207 matris
1617 3164 1800 3207 sensu
1858 3151 2159 3206 astrorum
2218 3143 2597 3206 redeuntium
2656 3144 2735 3204 ad
2782 3144 2966 3207 situm
3013 3162 3121 3206 suo

412 3234 688 3309 similem,
737 3242 902 3297 certe
947 3236 1002 3297 is
1051 3254 1263 3307 sensus
1311 3253 1427 3296 non
1475 3252 1551 3295 ex
1597 3234 1981 3314 vulgatorum
2028 3233 2284 3313 quinque
2332 3252 2574 3295 numero
2624 3232 2761 3294 erit.

590 3338 718 3421 Soli
769 3340 1042 3420 equidem
1088 3340 1440 3419 potissimas
1487 3340 1686 3423 tribuo
1734 3339 1794 3400 in
1827 3339 2183 3413 actionibuS,
2234 3358 2385 3419 quae
2435 3346 2579 3401 sunt
2623 3338 2819 3401 stellis
2846 3338 3125 3419 propriae

414 3436 476 3491 et
521 3430 839 3510 genuinae.
933 3429 1022 3490 At
1067 3428 1129 3489 in
1177 3428 1292 3489 1100
1337 3429 1572 3490 ratione
1619 3428 1845 3508 objecti
1901 3435 1963 3489 et
2010 3428 2343 3489 animorum
2411 3428 2597 3489 ceteri
2642 3429 2927 3507 planetae
2974 3448 3126 3509 pene

410 3519 538 3598 pari
583 3537 770 3598 passu
817 3536 952 3580 cum
1000 3516 1144 3579 Sole
1191 3517 1520 3592 ambulant,
1569 3525 1638 3579 ut
1683 3516 1879 3596 majus
1928 3516 2009 3578 sit
2054 3524 2417 3577 momentum
2462 3516 2523 3576 in
2573 3513 2787 3595 5521,
2838 3534 3015 3595 quam
3064 3516 3123 3577 in

413 3605 671 3684 <5de
742 3608 880 3688 quia
927 3606 1079 3685 conj.
1133 3614 1230 3667 est
1273 3606 1635 3669 modificatio
1685 3606 2023 3685 objectiva,
2072 3605 2271 3666 nitens
2320 3623 2436 3665 non
2484 3612 2700 3666 natura
2744 3605 3124 3683 planetarum

413 3698 756 3771 relatorum,
809 3697 918 3757 sed
967 3696 1398 3775 imaginatione
1445 3695 1816 3775 geometrica
1861 3694 2183 3767 mentium,
2236 3710 2387 3773 quae
2434 3692 2783 3772 praesident
2829 3692 3123 3774 patienti-

416 3785 528 3847 bus
577 3786 943 3865 corporibuS.
1038 3784 1208 3845 Haec
1257 3784 1482 3846 centies
1531 3784 1588 3845 in
1641 3784 1833 3847 literis
1882 3784 1961 3846 ad
2009 3782 2095 3843 Te
2143 3784 2411 3844 invenies
2458 3782 2778 3843 inculcata.

552 3924 926 3974 Fabricius:
976 3923 1095 3974 .Ῐοοι
1131 3924 1196 3974 ad
1234 3922 1349 3974 alia.
1417 3924 1664 3983 Concedo,
1703 3924 2002 3976 Mercurium
2040 3937 2159 3988 prae
2198 3924 2309 3975 aliis
2342 3925 2396 3973 in
2432 3936 2518 3973 suo
2554 3929 2693 3973 111010
2719 3936 2827 3973 esse
2862 3924 3121 3973 incertum.

411 3996 556 4045 Facit
598 3993 694 4046 1100
741 4010 801 4045 ex
836 4000 977 4060 parte
1025 3995 1314 4045 observandi
1351 3997 1758 4055 incommoditas,
1813 3996 2131 4046 latitudinum
2166 3996 2422 4058 implicata
2457 3996 2673 4044 varietas
2712 3992 2802 4045 dcc.
2875 3992 3127 4044 Videntur

415 4072 586 4117 autem
619 4072 722 4117 tres
757 4067 1074 4116 latitudinum
1113 4067 1302 4129 species
1338 4067 1405 4117 ad
1441 4068 1566 4119 duas
1605 4065 1706 4130 (vel
1743 4069 1895 4118 etiam
1930 4081 2085 4117 unam
2121 4068 2171 4115 in
2196 4061 2421 4126 Venere)
2464 4066 2721 4115 commode
2756 4066 2925 4116 reduci
2950 4078 3125 4129 posse;

411 4140 463 4187 in
497 4137 808 4203 longitudine
845 4152 1036 4202 quoque
1072 4138 1346 4188 faciliorem
1381 4140 1512 4189 viam
1560 4141 1768 4189 inveniri
1803 4154 1947 4203 posse
1983 4153 2083 4187 non
2121 4137 2304 4187 dubito.
2382 4136 2507 4187 Cum
2541 4137 2743 4186 reflexio
2780 4142 2836 4187 et
2868 4138 3126 4187 inclinatio

414 4208 622 4273 epicycli
663 4210 938 4273 aequaliter
972 4208 1050 4258 vel
1084 4210 1514 4272 proportionaliter
1549 4218 1780 4261 crescant
1816 4216 1869 4259 et
1904 4210 2227 4265 decrescant,
2277 4209 2427 4258 facile
2462 4215 2633 4271 patet,
2684 4222 2839 4259 unam
2874 4210 3127 4272 utriusque

415 4294 620 4329 causam
659 4295 784 4329 esse.
856 4279 1150 4345 Imagineris
1187 4280 1276 4329 tibi
1313 4281 1586 4345 epicyclum
1621 4280 1856 4331 Mercurii
1906 4279 2064 4341 (more
2101 4280 2409 4330 Ptolemaico
2445 4280 2523 4329 vel
2561 4277 2938 4343 Tychoniano),
2988 4281 3127 4341 cujus

413 4351 549 4401 linea
586 4352 799 4417 apogaei
837 4365 946 4401 cum
971 4356 1076 4400 toto
1115 4351 1334 4415 epicyclo
1370 4352 1675 4415 paralleliter
1708 4353 1787 4403 vel
1811 4352 2283 4419 perpendiculariter
2317 4352 2407 4415 ipsi
2436 4352 2645 4415 apogaei
2675 4352 2938 4401 eccentrici
2963 4350 3127 4399 lineae

413 4428 672 4473 moveatur
708 4436 916 4485 semper,
953 4423 1098 4486 idque
1139 4422 1204 4471 ad
1240 4428 1428 4471 motum
1464 4423 1591 4473 Solis
1629 4438 1865 4475 annuum.
1940 4422 2214 4473 Mercurius
2251 4428 2509 4472 100νο0101·
2544 4424 2595 4471 iu
2621 4422 2862 4486 epicyclo‚
2898 4428 2957 4471 ut
2980 4420 3128 4471 debet

407 4497 554 4557 juxta
589 4507 731 4543 suam
767 4493 1038 4556 periodum.
1111 4493 1222 4543 Hoc
1256 4494 1402 4542 modo
1438 4494 1527 4545 fiet
1544 4529 1558 4552 ,
1610 4501 1668 4544 01
1703 4510 1834 4560 quae
1870 4502 1981 4544 erat
2018 4496 2237 4559 superior
2280 4508 2396 4558 pars
2434 4494 2641 4557 epicycli
2699 4492 2893 4555 (centro
2916 4496 3037 4555 „ejus
3072 4493 3124 4541 in

417 4579 546 4630 auge
587 4565 850 4614 eccentrici
889 4562 1184 4625 constituto)
1200 4599 1214 4623 ,
1269 4565 1321 4614 in
1357 4566 1497 4615 nodis
1535 4566 1610 4615 vel
1649 4568 1893 4630 quadrato
1933 4567 2143 4631 apogaei
2181 4566 2446 4616 eccentrici
2483 4565 2577 4627 ipsi
2614 4564 2873 4628 eclipticas
2907 4566 3125 4621 uniatur,

417 4642 468 4684 et
505 4642 680 4685 contra
727 4636 974 4685 maximae
1020 4636 1295 4685 reflexionis
1343 4643 1581 4699 punctum
1626 4637 1835 4689 laterale
1889 4635 1964 4700 (in
2003 4652 2225 4703 apogaeo
2265 4636 2529 4687 eccentrici
2576 4637 2844 4686 constituto
2881 4630 3125 4700 epicyclo)

413 4714 534 4756 tuuc
571 4706 858 4755 devolvatur
894 4706 961 4756 ad
995 4705 1179 4756 lineam
1214 4706 1363 4755 medii
1398 4714 1559 4757 motus
1586 4706 1713 4757 Solis
1751 4708 1816 4759 ad
1853 4708 2005 4759 nodos
2042 4708 2343 4765 traductam,
2382 4720 2509 4771 quae
2535 4712 2587 4755 et
2611 4708 2815 4771 epicycli
2848 4721 3127 4773 apogaeum

415 4777 559 4842 vulgo
601 4779 866 4835 statuitur;
925 4783 976 4827 01
1013 4779 1086 4828 sic
1121 4778 1398 4827 reflexionis
1433 4784 1700 4842 punctum,
1738 4780 1891 4843 quod,
1932 4780 2149 4844 epicyclo
2186 4782 2237 4829 in
2278 4779 2541 4828 eccentrici
2578 4792 2800 4844 apogaeo
2840 4780 3125 4836 constituto,

413 4854 524 4897 erat
558 4850 610 4897 in
647 4849 885 4898 lateribus
921 4850 1130 4913 epicycli
1147 4884 1162 4909 ,
1215 4863 1347 4899 nunc
1383 4850 1432 4899 iu
1470 4850 1656 4901 lineam
1691 4850 1841 4902 medii
1892 4858 2055 4903 motus
2092 4851 2219 4903 Solis
2254 4850 2477 4908 incidat,
2530 4854 2583 4899 et
2616 4851 2689 4901 sic
2724 4853 2990 4902 maxirnam
3026 4850 3125 4901 illic

410 4918 787 4976 inclinationem
821 4920 992 4971 100101.
2410 4952 2417 4959 -
