3634 5575
1403 393 1718 460 smmi-e
1755 393 2057 446 munus.
2774 377 2783 387 “
2948 387 3079 459 425
3105 396 3111 406 ·

368 529 708 620 variatione
752 553 908 618 varii
951 553 1114 618 modi
1159 553 1526 628 reflexionis‚
1575 573 1728 634 qnae
1778 560 1877 616 est
1922 573 1962 616 a
2005 551 2192 616 variis
2238 552 2685 633 superficiebus.
2777 552 2917 616 Non
2964 571 3081 634 ago

360 646 494 727 jam
541 645 621 726 de
663 645 770 707 illa
815 644 1162 719 reflexione,
1211 661 1366 724 quae
1415 651 1514 706 est
1559 663 1600 704 a
1643 643 1957 723 superficie
2004 643 2303 723 speculari
2372 650 2437 705 et
2471 642 2801 708 reflectitur
2848 663 2886 704 a
2927 661 3079 722 quo-

367 734 520 797 libet
563 733 692 813 ejus
737 739 960 814 puncto
1005 733 1064 794 in
1111 733 1350 795 unicum
1396 732 1618 795 saltem
1661 738 1979 811 punctum:
2048 733 2159 794 sed
2206 732 2279 793 de
2328 731 2437 794 illa
2480 732 2837 805 reflexione,
2902 751 3080 812 quam
3200 765 3211 772 -

369 822 666 886 cernimus
721 821 784 884 in
840 822 1110 902 quolibet
1161 822 1430 901 pariete,
1495 819 1829 901 inaequalis
1886 820 2071 882 etiam
2126 828 2189 882 et
2244 839 2499 900 asperae
2556 819 2915 900 superficiei,
2982 819 3083 901 qui

369 913 586 986 lucem,
638 921 758 992 qua
800 909 1100 992 pingitur,
1146 910 1438 972 imbutam
1483 929 1558 972 eo
1605 911 1804 972 colore
1856 928 2033 992 quem
2080 909 2293 985 habet,
2342 929 2381 972 a
2418 909 2685 990 quolibet
2727 916 2949 989 puncto
2992 909 3083 972 sui

369 1000 430 1062 in
485 1007 682 1062 totum
737 997 1244 1079 hemisphaerium
1299 1000 1578 1063 reflectit.
1670 997 1833 1061 Nam
1895 1000 2000 1063 lux
2055 1019 2095 1060 a
2137 999 2311 1061 Luna
2368 999 2447 1059 ad
2492 1017 2600 1059 uos
2658 999 2887 1084 reflexa
2938 1016 3083 1078 per-
3145 1045 3152 1054 .

371 1089 542 1152 venit
584 1089 718 1164 hoc,
767 1105 888 1150 non
933 1089 1038 1150 illo
1086 1088 1264 1150 modo
1275 1107 1296 1162 ;
1343 1087 1498 1150 alias
1545 1105 1664 1149 non
1711 1105 1941 1151 cornua·
1982 1088 2039 1149 in
2078 1088 2274 1157 Luna,
2324 1087 2433 1148 sed
2476 1087 2919 1166 imagunculam
2958 1085 3083 1150 So-

373 1177 450 1242 lis
507 1197 746 1257 semper
789 1177 1112 1240 rotundam
1170 1195 1572 1240 cerneremus.
1665 1178 1881 1257 Itaque
1947 1176 2319 1256 geometrica
2366 1175 2686 1255 dispositio
2750 1175 3085 1258 superficiei

373 1266 524 1330 nihil
570 1267 668 1329 hic
711 1265 830 1328 nisi
877 1267 1034 1328 forte
1080 1265 1370 1341 maculas,
1422 1266 1631 1346 quales
1678 1266 1740 1327 in
1785 1266 1961 1328 Luna
2006 1265 2323 1340 cernimuS,
2374 1264 2581 1327 efficit.

1286 1373 1296 1378 “
1437 1355 1698 1416 Thesis
1743 1354 2017 1418 XXVII.

549 1441 788 1508 Causae
832 1459 976 1504 vero
1025 1441 1180 1506 alius
1227 1451 1410 1524 atque
1459 1443 1612 1506 alius
1659 1443 2003 1506 reflexiouis
2050 1445 2269 1516 (causa
2298 1440 2613 1522 qualitatis
2658 1440 2719 1502 in
2759 1439 2931 1502 radio
2979 1459 3085 1502 re-

372 1535 560 1608 flexo)
625 1541 770 1596 sunt
831 1530 1204 1594 reflectentis
1269 1533 1606 1611 superficiei
1671 1530 1925 1594 colores.
2030 1530 2237 1593 Velim
2314 1529 2411 1592 hic
2472 1529 2681 1592 audire
2759 1529 3087 1610 chymicos,

374 1622 654 1704 quidnam
700 1621 934 1684 colores
981 1619 1040 1680 in
1087 1620 1480 1684 terrestribus
1526 1621 1879 1701 corporibus
1924 1620 2141 1682 variet.
2237 1617 2491 1682 Colores
2522 1619 2761 1698 quidem
2806 1617 2977 1680 iridis
3024 1617 3083 1679 in

375 1713 528 1776 duas
573 1710 1017 1774 distribuuntur
1063 1709 1331 1784 classes3
1373 1709 1601 1772 altera
1645 1709 1843 1772 ortum
1888 1710 2077 1771 habet
2122 1709 2201 1772 ab
2248 1707 2747 1770 obtenebratione
2804 1725 2911 1768 seu
2956 1706 3087 1784 pri-

376 1801 620 1864 vatione
667 1799 854 1870 lucis,
917 1797 1114 1860 altera
1179 1818 1218 1860 a
1261 1798 1626 1862 refractione
1691 1818 1800 1860 seu
1855 1797 2167 1862 tinctione.
2261 1797 2591 1877 Utriusque
2639 1795 2857 1858 classis
2916 1795 3086 1874 prin-

374 1888 594 1970 cipium
639 1895 738 1950 est
783 1885 860 1950 ab
907 1885 1214 1966 ipsissima
1259 1888 1421 1962 luce,
1485 1907 1594 1949 seu
1641 1888 1778 1950 albo
1827 1887 2029 1951 calore
2075 1885 2227 1948 lucis
2288 1885 2581 1964 ἀναλογῳ,
2646 1902 2800 1965 quae
2850 1884 3085 1964 quidem

372 1980 478 2042 lux
521 1977 786 2040 medium
830 1974 1000 2040 iridis
1049 1975 1334 2038 circulum
1381 1976 1694 2052 obtinens,
1751 1995 1891 2038 eum
1946 1976 2007 2037 in
2054 1975 2171 2038 duo
2232 1974 2404 2054 quasi
2462 1981 2656 2036 secat.
2748 1972 2848 2035 Ex
2894 1974 3091 2036 altera

379 2085 636 2147 namque
680 2072 858 2145 parte
905 2063 1270 2140 diminuitur,
1321 2083 1398 2126 ex
1443 2066 1644 2128 altera
1689 2065 2072 2143 refringitur:
2132 2063 2408 2143 utrinque
2456 2063 2703 2125 tandem
2747 2061 2809 2122 in
2855 2063 3089 2140 nigrum

379 2175 488 2220 seu
537 2155 825 2218 tenebras
880 2152 1124 2215 desinit.
1217 2155 1290 2216 In
1351 2153 1774 2217 diminutionis·
1818 2153 2011 2233 primo
2072 2152 2264 2232 gradu
2324 2152 2393 2214 fit
2456 2152 2646 2225 flava,
2716 2151 2777 2211 in
2826 2150 3089 2212 secundo

377 2245 592 2319 rubea,
651 2252 778 2306 tum
823 2243 1027 2304 fusca:
1097 2248 1160 2304 et
1217 2242 1470 2322 denique
1531 2243 1722 2324 nigra.
1822 2243 1994 2304 Idem
2051 2247 2309 2320 apparet
2363 2239 2423 2302 in
2479 2239 2734 2302 nubibus
2792 2237 2936 2300 Sole
2990 2239 3091 2300 vel

377 2351 596 2398 occaso
652 2333 754 2394 vel
811 2330 1057 2394 orituro.
1151 2332 1320 2394 Idem
1374 2331 1434 2394 in
1495 2332 1696 2394 stellis
1751 2331 1917 2394 circa
1962 2330 2363 2403 horizontem,
2430 2328 2587 2390 idem
2641 2329 2701 2388 in
2759 2327 3089 2407 eclipsibus

381 2421 728 2494 Solaribus3
785 2439 920 2483 cum
941 2419 1131 2482 ‘oculi
1175 2420 1396 2495 nostri,
1461 2420 1520 2482 in
1569 2421 1780 2501 quibus
1842 2427 1939 2482 est
1984 2419 2131 2482 haec
2190 2417 2465 2489 fallacia,
2530 2416 2729 2478 subito
2774 2415 3089 2496 privantur

379 2513 512 2575 luce
558 2509 740 2574 Solis.
833 2510 906 2571 In
963 2508 1306 2571 reflexionis
1353 2527 1494 2570 vero
1540 2510 1732 2590 primo
1779 2509 2003 2588 gradu,
2069 2506 2281 2569 viridis
2300 2555 2319 2581 ,
2382 2513 2527 2587 post
2580 2505 2885 2579 caerulea,
2950 2502 3087 2566 dein

374 2618 701 2682 purpurea,
771 2605 836 2660 et
893 2597 1148 2679 denique
1205 2597 1444 2660 omnino
1501 2599 1678 2678 nigra
1733 2616 1841 2660 seu
1898 2595 2299 2674 obtenebrata
2342 2595 2626 2658 cernitur.
2723 2591 2877 2656 Cum
2942 2611 3087 2672 ergo

375 2688 472 2752 hic
528 2688 611 2751 sit
669 2687 814 2750 ordo
861 2686 1020 2753 inter
1075 2686 1306 2749 colores
1367 2686 1426 2748 in
1485 2687 1667 2749 iride:
1731 2693 2204 2750 consentaneum
2262 2691 2359 2746 est
2412 2683 2667 2746 eundem
2722 2701 2859 2744 esse
2918 2690 2983 2744 et
3028 2683 3089 2743 in

377 2777 736 2853 reflexione3
793 2783 862 2839 ut
922 2774 1250 2839 fortissime
1305 2776 1538 2839 radium
1595 2777 1875 2839 reflectat
1928 2774 2273 2856 superficies
2330 2773 2508 2849 alba3
2572 2779 2715 2853 post
2758 2771 2967 2835 viridis
3028 2777 3092 2832 et·

377 2869 570 2942 flava3
621 2873 745 2928 tum
775 2865 1058 2928 caerulea
1103 2871 1166 2926 et
1193 2864 1414 2941 rubea3
1463 2866 1602 2929 dein
1631 2883 1933 2945 purpurea
1968 2872 2033 2927 et
2070 2866 2269 2939 fusca;
2318 2863 2689 2926 debilissimo
2726 2879 2869 2923 vero
2898 2860 3090 2940 nigra.
3128 2900 3141 2914 κ

1423 2955 1688 3018 Thesis
1731 2954 2037 3017 XXVIII.

557 3043 752 3123 Niger
807 3047 1012 3104 autem
1067 3042 1307 3104 fortiter
1365 3043 1706 3106 illustratus
1763 3044 2012 3105 rubeum
2066 3040 2303 3121 spargit
2364 3040 2618 3104 radium.
2711 3039 2784 3101 Id
2841 3046 3095 3119 apparet

381 3151 460 3197 ex
503 3130 812 3214 chalybeis
862 3130 1156 3211 speculis,
1216 3129 1318 3193 ubi
1363 3132 1542 3195 faciei
1589 3133 1754 3195 color
1799 3132 1975 3194 albus
2040 3138 2107 3192 et
2150 3130 2378 3210 speculi
2424 3128 2595 3210 niger
2643 3128 2877 3193 confusi
2922 3127 3091 3191 rubi-

378 3221 728 3285 cundiorem
771 3226 1234 3299 repraesentant
1279 3220 1512 3282 faciem.
1608 3218 1810 3291 Quare
1858 3219 2195 3282 rectissime
2254 3218 2387 3299 quis
2432 3218 2655 3280 Martis
2702 3217 2949 3280 stellam
2994 3216 3092 3277 di-

374 3312 536 3373 xerit
579 3308 892 3389 superficie
939 3307 1116 3389 nigra
1176 3308 1518 3388 praeditam
1565 3328 1725 3383 esse,
1775 3327 1909 3370 cnm
1954 3308 2159 3371 radius
2207 3307 2339 3385 ejus
2386 3306 2469 3369 sit
2494 3308 2675 3368 valde
2709 3304 3091 3369 rubicundus.

377 3398 750 3476 Debilitatur
793 3398 978 3476 igitur
1024 3396 1156 3477 ejus
1200 3398 1430 3459 reflexa
1474 3399 1608 3473 lux,
1668 3417 1784 3459 non
1832 3396 2015 3475 igitur
2060 3396 2313 3458 multum
2358 3395 2699 3467 humectat,
2752 3403 2815 3455 et
2860 3394 2920 3455 in
2970 3394 3123 3455 hu-‘

381 3488 563 3550 moris
611 3488 852 3549 defectu
896 3492 1011 3547 est.
1103 3485 1338 3549 Eodem
1384 3486 1602 3549 coloris
1647 3484 2225 3571 et‘humectationis
2274 3489 2628 3563 argumento
2666 3480 2931 3545 Saturno
2978 3482 3095 3544 tri-

379 3576 632 3639 buemus
679 3574 884 3638 albam
929 3582 992 3637 et
1039 3595 1318 3657 asperam
1363 3576 1756 3655 superficiem,
1811 3575 1951 3655 quia
1978 3573 2178 3636 colore
2210 3580 2307 3634 est
2333 3572 2631 3652 plumbeo,
2678 3571 2831 3633 Jovi·
2848 3571 3097 3633 rubeam
3180 3558 3197 3575 ⁹

379 3667 478 3729 vel
526 3682 920 3747 purpuream,
988 3665 1130 3745 quia
1173 3667 1367 3727 flavus
1417 3664 1698 3727 subrufus
1747 3670 2035 3744 apparet,
2094 3661 2322 3724 Veneri
2368 3659 2592 3723 flavam
2635 3661 2736 3722 vel
2782 3657 2985 3721 albam
3032 3667 3096 3719 et

381 3753 954 3835 aequabilissimam‚
1003 3774 1140 3819 cum
1185 3754 1448 3817 omnium
1492 3754 1578 3817 sit
1620 3753 2053 3834 pulcherrima:
2102 3750 2401 3814 Mercurio
2434 3750 2775 3813 caeruleum
2820 3748 2918 3810 vel
2945 3745 3097 3809 viri·

381 3846 536 3917 dem,
582 3864 718 3929 cnm
767 3850 1092 3923 argenteus
1139 3851 1470 3924 appareat,
1517 3836 1714 3923 magis
1761 3841 2193 3906 scintillatione
2240 3860 2347 3903 seu
2394 3840 2584 3902 diluto
2634 3839 2865 3918 fulgore
2914 3855 3091 3918 quam

377 3934 582 3997 colore
628 3933 848 3995 clarus.

1466 4018 1733 4082 Thesis
1778 4018 2017 4083 XXIX.

557 4110 696 4173 Lux
737 4107 986 4191 propria
1021 4108 1262 4189 quidem
1311 4107 1446 4188 ipsa
1491 4108 1675 4171 stiam
1719 4109 1994 4171 variatur
2038 4124 2147 4188 per
2192 4103 2565 4185 superficiem
2606 4102 2897 4183 corporis,
2945 4103 3101 4165 unde

383 4200 568 4276 venit,
617 4206 686 4261 ut
731 4198 915 4261 alium
961 4205 1026 4261 et
1072 4198 1250 4260 alium
1299 4198 1560 4271 colorem
1607 4205 2059 4278 repraesentet:
2108 4196 2217 4257 sed
2264 4194 2488 4274 gradus
2536 4192 2927 4254 calfactoriae
2972 4191 3100 4252 vir-

381 4289 534 4353 tutis
583 4286 937 4369 adipiscitur
985 4288 1062 4350 ab
1107 4286 1322 4349 intima
1351 4286 1634 4365 corporis
1683 4289 1776 4349 sui
1822 4285 2237 4365 dispositione.
2332 4281 2458 4345 Sed
2485 4291 2687 4344 tamen
2735 4281 2871 4360 ipsa
2908 4281 3097 4343 etiam

384 4376 732 4461 superficies
799 4376 876 4439 de
931 4376 1198 4457 corporis
1266 4374 1658 4455 dispositione
1720 4381 2019 4439 testatur:
2086 4381 2154 4434 ut
2218 4373 2309 4434 ita
2363 4370 2746 4435 humectandi
2807 4370 3000 4432 virtus
3060 4390 3101 4431 a

383 4468 742 4532 calfactoria
797 4464 1232 4547 quodammodo
1293 4465 1649 4543 dependeat.
1742 4466 1837 4528 Ac
1894 4482 2041 4525 sane
2100 4462 2155 4523 si
2198 4461 2363 4523 color
2416 4460 2763 4523 interventu
2820 4459 2973 4521 lucis
3024 4458 3101 4519 ab

387 4576 508 4619 uno
556 4574 810 4637 corpore
855 4554 918 4617 in
967 4555 1227 4617 alienum
1273 4554 1587 4616 transferri
1633 4562 1700 4615 et
1743 4552 2071 4634 propagari
2115 4557 2337 4631 potest,
2388 4548 2673 4611 credibile
2702 4554 2803 4609 est
2848 4556 2911 4609 et
2946 4547 3101 4609 alias

383 4647 712 4727 qualitates
757 4662 972 4725 posse3
1020 4645 1095 4706 de
1143 4643 1344 4705 calore
1393 4642 1550 4704 enim
1598 4644 1999 4705 certissimum
2045 4648 2161 4703 est.
2254 4638 2429 4701 Unde
2468 4656 2649 4718 quam
2679 4636 2927 4718 quisque
2955 4636 3097 4715 pla-

383 4736 530 4797 neta
581 4735 870 4797 virtutem
923 4733 984 4797 in
1045 4733 1262 4795 effectu
1321 4737 1620 4807 ostentat,
1689 4732 1823 4811 ejus
1870 4731 2171 4809 analogon
2227 4726 2493 4807 aliquam
2534 4725 2993 4811 dispositionem
3040 4725 3099 4786 in

383 4822 518 4904 ipso
563 4824 848 4904 planetae
897 4840 1146 4903 corpore
1203 4840 1342 4883 esse
1387 4826 1859 4883 consentaneum
1906 4820 2165 4881 videtur.
2260 4814 2437 4886 Quod
2493 4814 2545 4877 si
2596 4816 2789 4876 locum
2836 4814 3093 4887 obtinet,

385 4914 464 4977 ad
509 4912 814 4977 mirabilia
857 4911 1116 4975 artificia
1159 4930 1340 4973 manu
1385 4910 1602 4973 ducere
1661 4926 1774 4973 nos
1830 4916 2079 4991 potest.-
2150 4904 2355 4969 Verbi‘
2390 4904 2593 4986 gratia
2645 4922 2755 4984 per
2800 4910 3103 4967 aestatem
