3634 5575
1540 337 1701 406 Caput
1736 337 1776 388 1.
1891 427 1902 434 ἦ
2809 319 2814 322 ’
2889 336 3006 408 121

322 501 708 568 tardissimum;·
776 501 1109 572 Cepernicus
1156 501 1295 555 idem
1343 507 1603 571 praestat
1662 518 1764 572 per
1809 501 2216 556 aberrationem
2267 501 2630 556 restitutionis
2690 502 2923 576 epicycli
2981 521 3016 558 a

324 582 671 638 restitutione
700 583 1045 646 concentrici,
1095 599 1213 636 cum
1252 580 1326 646 sit
1366 589 1599 652 utraque
1642 597 1830 636 annua
1856 583 1988 636 fere.
2072 581 2430 652 verisimilius
2471 589 2656 637 autem
2683 589 2786 648 est,
2835 589 3015 638 motus

322 664 443 718 illos
491 666 679 717 tardos
722 681 796 718 ex
842 663 1191 718 aberratione
1220 678 1343 715 esse
1391 678 1550 732 quam
1597 680 1671 716 ex
1697 667 1848 716 motu
1888 661 2143 732 positivo.
2227 663 2559 718 Praesertim
2607 659 2726 718 cum
2767 663 3015 736 epicyclo

319 750 494 799 motus
542 760 752 798 annuus
800 749 1013 798 tantum
1055 748 1311 812 respectu
1358 741 1645 796 eccentrici
1692 743 1776 796 sui
1822 741 1974 808 insit,
2025 761 2062 797 a
2102 760 2208 814 quo
2252 741 2578 799 circumacto
2622 744 2903 814 epicyclus
2951 761 3011 799 se

319 823 523 878 evolvit
549 825 605 878 in
632 824 862 896 plagam
888 823 1235 886 contrariam,
1283 829 1345 876 at
1368 829 1625 893 respectu
1652 823 1888 878 fixarum
1917 823 2113 894 quietis
2143 824 2324 894 potius
2355 824 2590 894 speciem
2633 841 2768 895 prae
2797 843 2857 879 se
2887 825 3013 890 fert,

319 905 448 979 quia
492 904 547 957 in
588 905 694 958 hac
724 903 1035 959 evolutione
1080 905 1158 967 fit,
1207 908 1272 956 ιιι
1299 905 1523 956 eaedem
1552 902 1787 973 epicycli
1834 911 2022 974 partes
2060 904 2250 958 iisdem
2292 905 2525 959 fixarum
2567 904 2755 976 plagis
2802 921 3016 976 semper

320 987 703 1050 obvertantur,
760 983 863 1038 nisi
904 985 1229 1056 quantulum
1270 983 1464 1036 turbat
1510 983 1805 1038 aberratio.
1907 983 2032 1055 Ego
2078 1002 2207 1038 vero
2255 984 2310 1038 in
2357 985 2769 1040 Commentariis
2818 985 3014 1040 Martis

311 1073 378 1120 'et
418 1066 469 1118 in
498 1065 651 1134 Epit.
696 1067 848 1119 Astr.
891 1064 1031 1119 libro
1059 1065 1151 1117 IV.
1201 1079 1421 1118 causam
1465 1064 1623 1117 trado
1669 1063 1955 1134 physicam
1997 1069 2111 1120 tam
2158 1065 2582 1120 eccentricitatis
2626 1082 2788 1136 quam
2835 1073 3014 1121 trans-

320 1145 604 1218 positionis
635 1161 1025 1217 apogaeorum,
1074 1159 1217 1216 quae
1247 1161 1419 1198 causa
1463 1143 1631 1197 insita
1658 1149 1745 1196 est
1784 1143 1839 1197 in
1875 1143 2026 1198 fibris
2057 1145 2298 1216 corporis
2345 1146 2626 1216 planetae,
2676 1141 2777 1201 neo
2803 1146 3014 1220 indiget

320 1228 409 1280 vel
438 1226 807 1280 deferentibus
835 1226 923 1277 vel
956 1223 1233 1296 epicyclis.
1320 1223 1425 1292 Sed
1471 1223 1583 1293 hoc,
1619 1225 1932 1287 membrum,
1983 1225 2163 1280 Solem
2212 1225 2385 1294 ipsum
2437 1221 2562 1294 (seu
2591 1223 2836 1294 Terram)
2884 1227 3013 1282 atti-

283 1345 289 1358 .
319 1325 469 1368 nens,
519 1305 776 1376 intellige
820 1305 999 1358 obiter
1026 1304 1225 1359 saltem
1268 1304 1628 1366 inculcatum3
1672 1310 1736 1357 ιιι
1763 1321 1838 1356 ex
1866 1323 1930 1357 eo
1969 1305 2088 1375 jam
2119 1307 2458 1370 ostendatur,
2509 1307 2632 1376 quid
2672 1326 2741 1360 ex
2775 1307 3015 1380 apogaei

318 1387 461 1442 Solis
504 1385 928 1455 transpositione
967 1385 1235 1438 redundet
1275 1383 1331 1437 in
1372 1385 1631 1453 planetas
1676 1393 1906 1454 ceteros.

481 1461 543 1535 n)
586 1468 742 1520 Haec
770 1465 1089 1519 dilucidiora
1113 1466 1251 1520 fiunt
1276 1481 1377 1534 per
1403 1464 1659 1518 intuitum
1684 1465 1780 1535 fig.
1812 1463 1889 1518 23
1917 1471 1975 1519 et
2003 1465 2095 1518 24.
2178 1465 2286 1518 Est
2325 1465 2537 1535 quidem
2575 1467 2680 1520 hoc
2705 1465 3016 1534 vaticinari,

322 1545 501 1602 dicere
532 1546 657 1617 quid
702 1551 831 1615 post
866 1546 1042 1600 multa
1081 1545 1273 1599 secula
1306 1544 1385 1598 sit
1418 1544 1686 1607 futumm3
1730 1561 1850 1598 cum
1893 1545 1999 1600 iste
2033 1546 2321 1616 scrupulus
2361 1547 2428 1598 de
2472 1538 2756 1616 praesenti
2783 1550 3019 1603 nondum

320 1632 527 1700 urgeat
552 1625 941 1680 astronomiam
965 1634 1223 1680 veterem.
1307 1625 1413 1679 Sed
1433 1625 1510 1678 sic
1539 1631 1914 1694 comparatum
1942 1633 2030 1679 est
2065 1643 2182 1679 oum
2225 1626 2651 1680 transsnmtione
2693 1627 3019 1696 placitorum

319 1707 627 1762 Ptolemaei
653 1705 1067 1776 particularium
1096 1705 1151 1758 in
1179 1704 1515 1776 hypothesin
1544 1705 1844 1776 Copernici,
1889 1711 1954 1760 ιιι
1981 1723 2088 1760 non
2134 1705 2382 1778 potuerit
2419 1721 2456 1760 a
2480 1723 2566 1760 me
2595 1706 2770 1768 omitti
2815 1708 3020 1762 mentio

319 1791 448 1843 ista.
530 1789 673 1842 Nam
714 1786 879 1840 etiam
909 1785 1240 1856 Copernicus
1273 1784 1720 1862 ¹eccentricitates
1764 1785 2000 1857 quinque
2045 1787 2392 1856 planetarum
2429 1787 2770 1856 computavit
2804 1789 2960 1843 velut
2987 1803 3022 1842 a

320 1875 512 1924 contro
556 1867 700 1922 orbis
746 1865 959 1938 magni:
1023 1865 1179 1938 quasi
1237 1865 1372 1920 illud
1422 1862 1553 1931 (non
1603 1882 1734 1920 vero
1780 1866 1961 1937 ipsum
2003 1865 2146 1920 Solis
2208 1873 2452 1921 centrum
2499 1865 2901 1933 vicinissimum)
2949 1869 3022 1922 sit

318 1949 565 2022 genuina
590 1947 741 2002 basis
770 1946 1089 2019 systematis
1132 1945 1448 2016 planetarii.
1535 1945 1642 1999 Per
1690 1946 1792 2000 hos
1819 1963 1953 2001 vero
1983 1947 2056 2001 25
2090 1964 2279 2011 annos,
2331 1966 2403 2001 ex
2431 1965 2538 2019 quo
2585 1945 2832 2002 libellum
2875 1950 3022 2003 hunc

322 2029 482 2094 edidi,
532 2029 608 2082 sic
636 2035 723 2082 est
752 2043 787 2082 a
814 2045 899 2081 me
941 2027 1245 2081 constituta
1280 2024 1631 2088 astronomia,
1681 2033 1746 2080 ut
1782 2028 2221 2082 eccentricitates
2253 2044 2436 2082 omnes
2462 2022 2868 2098 (primariorum
2895 2031 3019 2100 pla·

318 2106 599 2176 netarum)
648 2110 717 2163 ad
760 2107 1087 2178 ipsissimum
1125 2107 1268 2162 Solis
1316 2113 1561 2160 centrum
1607 2123 1708 2160 ceu
1754 2124 1940 2163 veram
1978 2108 2161 2162 mundi
2205 2107 2366 2163 basin
2411 2108 2740 2162 referantur.
2825 2110 3019 2180 Itaque

320 2208 546 2246 manere
587 2195 822 2259 possunt
861 2186 1299 2242 eccentricitates
1345 2187 1697 2256 planetarum
1727 2187 1976 2252 omnium,
2026 2205 2495 2259 quorsumcunque
2535 2205 2594 2242 se
2622 2188 2857 2260 recipiat
2885 2206 3016 2260 apo-

318 2287 551 2344 gaeum
570 2269 729 2324 Solis.
813 2267 952 2322 Vide
997 2267 1051 2321 in
1096 2267 1447 2322 Martialibus
1476 2265 1891 2321 Commentariis
1939 2274 2152 2338 partem
2200 2269 2441 2366 primam
2474 2271 2540 2322 de
2589 2269 3020 2340 aequipollentia

320 2349 733 2422 hypothesium,
780 2348 1103 2419 praesertim
1150 2349 1332 2417 Caput
1376 2348 1470 2401 VI.

482 2429 539 2496 ο)
580 2431 737 2484 Haec
786 2447 859 2482 ex
900 2426 1265 2483 admonitione
1308 2427 1480 2497 ipsius
1510 2427 1791 2498 Copernici
1840 2427 2178 2498 transcripta
2219 2435 2360 2483 sunt.
2445 2429 2523 2482 Et
2564 2442 2750 2484 verum
2783 2437 2886 2494 est,
2933 2432 3022 2501 qui

320 2518 569 2566 centrum
616 2508 763 2564 orbis
791 2509 934 2563 Solis
980 2525 1017 2564 a
1044 2508 1265 2563 Tellure
1296 2507 1408 2574 (rel
1436 2507 1672 2562 Telluris
1720 2525 1757 2562 a
1780 2502 1958 2576 Sole)¹
1986 2507 2206 2562 nimium
2251 2509 2506 2572 dimovet,
2552 2516 2618 2562 ut
2662 2509 2858 2564 fecisse
2896 2529 3022 2566 con-

322 2593 489 2648 tendo
518 2591 895 2646 Ptolemaeum
946 2595 1004 2643 et
1030 2589 1422 2659 Hipparchum,
1442 2581 1453 2590 '
1472 2587 1517 2642 is
1566 2587 1610 2641 si
1656 2588 2008 2658 planetarum
2035 2588 2474 2645 eccentricitates
2511 2592 2581 2644 ad
2625 2589 2728 2644 hoc
2763 2598 3024 2660 punctum

318 2673 512 2735 refert,
562 2670 705 2725 alias
751 2669 817 2723 iis
847 2670 1192 2740 quantitates
1239 2669 1515 2741 largiatur
1560 2686 1783 2722 necesse
1833 2677 1939 2732 est,
1987 2686 2150 2741 quam
2197 2669 2288 2740 qui
2329 2669 2490 2724 hodie
2530 2669 2672 2724 Solis
2710 2672 3022 2726 eccentrici-

323 2760 503 2809 tatem
530 2752 871 2807 emendatam
902 2751 1097 2805 habet.
1182 2753 1259 2803 At
1286 2749 1331 2803 si
1382 2747 1819 2804 eccentricitates
1862 2756 2243 2821 computentur
2280 2749 2352 2805 ab
2388 2749 2508 2822 ipso
2537 2757 2724 2806 centro
2753 2751 2913 2817 Solis,
2962 2760 3026 2807 ιιι

321 2852 433 2907 ego
460 2832 623 2897 facio,
672 2838 803 2886 tunc
830 2830 963 2885 nihil
1013 2830 1139 2884 illas
1189 2830 1394 2884 attinet
1437 2830 1579 2884 haec
1624 2830 1856 2907 mutatio
1900 2830 2322 2885 eccentricitatis
2351 2830 2492 2885 Solis
2533 2850 2630 2885 seu
2659 2832 2878 2897 Terrae,
2928 2850 3024 2887 seu

320 2931 459 2968 vera
505 2913 607 2966 illa
634 2912 723 2976 sit,
770 2917 833 2965 ιιι
878 2911 1103 2965 credidit
1133 2910 1479 2980 Copernicus,
1528 2926 1643 2973 seu,
1689 2917 1755 2964 ιιι
1799 2928 1924 2982 ego,
1974 2912 2121 2965 falsa
2166 2916 2224 2964 et
2267 2912 2625 2980 persuasione
2683 2914 2828 2967 nuda
2872 2913 3022 2968 nixa.

320 2994 538 3064 Inspice
587 3009 754 3062 super
779 2992 887 3045 hac
914 3008 973 3045 re
1011 2992 1105 3063 fig.
1138 2990 1213 3045 23
1256 2997 1315 3043 et
1343 2990 1435 3044 24.
1468 2997 1526 3044 et
1554 2991 1922 3045 narrationem
1952 2991 2185 3053 Rhetici,
2235 2996 2297 3044 ut
2337 2998 2396 3045 et
2423 2991 2760 3069 Martialium
2787 3010 3024 3048 meorum

324 3079 503 3144 caput
538 3073 805 3127 ultimum.

480 3149 551 3223 p)
597 3151 985 3223 Imaginationi
1012 3151 1139 3205 huic
1183 3166 1401 3205 ansam
1424 3150 1684 3220 praebuit
1712 3151 2076 3220 Copernicus:
2133 3167 2232 3204 seu
2287 3152 2492 3205 servire
2547 3114 2786 3207 voluerit
2811 3154 3015 3223 captui,

324 3235 461 3289 sive
491 3249 691 3287 revera
734 3240 793 3285 et
832 3232 951 3302 ipse
998 3230 1247 3285 haeserit
1290 3230 1344 3283 in
1379 3231 1756 3301 perplexitate
1797 3232 1894 3296 rei,
1945 3246 2088 3303 quae
2117 3231 2486 3286 schematibus
2533 3232 2716 3303 planis
2746 3234 3024 3289 sublevari

326 3313 536 3385 nequit,
582 3312 767 3367 solidis
813 3316 1004 3381 posset
1050 3311 1277 3380 quidem,
1326 3313 1421 3365 sed
1470 3310 1573 3365 illa
1618 3311 1932 3365 difficillime
1961 3317 2320 3381 apparantur.
2403 3312 2543 3370 Utut
2587 3330 2646 3367 se
2674 3330 2762 3367 res
2799 3315 3023 3379 habeat,
3099 3342 3109 3349 ·

324 3402 507 3449 motus
552 3394 659 3447 iste
700 3408 899 3448 revera
942 3398 1119 3445 motus
1163 3409 1271 3445 non
1321 3398 1421 3453 est,
1472 3391 1622 3461 quies
1667 3390 1854 3461 potius
1883 3392 2139 3445 dicenda:
2189 3410 2288 3447 nec
2332 3392 2526 3446 melius
2572 3394 2693 3447 ulla
2733 3410 2794 3447 re
2839 3402 3027 3465 potest

326 3473 746 3546 repraesentari
791 3488 953 3543 quam
1002 3470 1277 3542 ipsissima
1320 3487 1423 3525 sua
1467 3485 1637 3525 causa
1680 3471 1942 3541 physica,
1992 3488 2132 3543 quae
2163 3490 2238 3526 ex
2265 3472 2618 3527 Martialibus
2658 3480 2718 3527 et
2741 3474 3026 3545 Epitomes

328 3560 483 3609 Astr.
526 3554 622 3612 lib.
677 3554 719 3607 Ι.
762 3554 830 3607 11.
876 3552 968 3607 111.
1014 3559 1072 3605 et·
1100 3552 1191 3606 VI.
1224 3558 1310 3605 est
1347 3550 1474 3606 ista.
1558 3552 1761 3605 Terrae
1808 3552 2009 3623 globus
2057 3553 2180 3606 dum
2227 3569 2408 3606 annuo
2454 3559 2602 3607 motu
2652 3553 3028 3611 circumfertur

328 3636 479 3690 circa
506 3634 702 3696 Solem,
757 3640 912 3687 tenet
957 3631 1173 3686 interim
1221 3649 1382 3685 axem
1429 3631 1825 3685 convolutionis
1873 3648 2007 3685 suae
2049 3631 2155 3685 sibi
2201 3631 2306 3701 ipsi
2343 3648 2558 3702 semper
2602 3636 2928 3702 paralellum
2972 3636 3026 3691 in

328 3715 560 3771 diversis
590 3714 801 3777 sitibus,
847 3719 1075 3785 propter
1101 3712 1358 3766 fibrarum
1388 3713 1699 3766 naturalem
1728 3719 1785 3765 et
1813 3712 2182 3783 magneticam
2211 3711 2617 3766 inclinationem
2645 3716 2714 3768 ad
2744 3715 3022 3787 quiescen-

328 3798 482 3851 dum.
530 3796 621 3849 vel
663 3793 829 3849 etiam
874 3798 1107 3871 propter
1153 3792 1567 3847 continuitatem
1594 3792 1821 3847 diurnae
1849 3792 2246 3847 convolutionis
2287 3792 2432 3846 circa
2475 3793 2618 3847 hunc
2657 3810 2835 3859 axem,
2887 3812 3025 3867 quae
3071 3818 3078 3829 ·

327 3878 489 3932 illum
531 3880 689 3929 tenet
734 3881 990 3937 erectum,
1038 3878 1103 3927 ut
1146 3874 1210 3925 fit
1254 3872 1310 3926 in
1354 3872 1573 3927 turbine
1616 3872 1846 3927 incitato
1875 3878 1936 3927 et
1961 3872 2362 3938 discursitante‚
2447 3872 2632 3936 Quare
2678 3876 2822 3931 sicut
2848 3884 3025 3931 motus

332 3958 441 4011 iste
470 3972 665 4010 revera
709 3972 817 4009 non
846 3960 948 4015 est,
998 3954 1091 4006 sed
1121 3953 1273 4023 quies
1319 3953 1522 4023 potius,
1569 3952 1645 4006 sic
1684 3954 1854 4007 etiam
1893 3954 2136 4008 orbiculo
2173 3953 2556 4008 commentitio.
2583 3955 2719 4010 nihil
2745 3964 2835 4011 est
2863 3974 3024 4029 opus:

330 4044 395 4091 et
430 4036 557 4105 jnre
605 4035 693 4089 hic
736 4052 823 4089 me
870 4034 1129 4104 antiquae
1174 4040 1235 4087 et
1276 4048 1541 4087 erroneae
1584 4034 1956 4103 persuasionis
2003 4035 2069 4087 de
2116 4034 2394 4089 soliditate
2450 4035 2658 4094 orbium
2702 4052 2854 4092 reum
2907 4038 3028 4111 egit

332 4118 525 4188 Tycho
554 4116 823 4179 Braheus,
873 4114 963 4185 qui
1010 4115 1155 4169 lecto
1198 4113 1391 4168 libello
1431 4113 1625 4168 literas
1669 4114 1775 4167 hac
1816 4116 1884 4169 de
1932 4130 2102 4169 causa
2149 4115 2216 4169 ad
2253 4130 2340 4173 me
2381 4114 2546 4169 dedit.
2633 4116 2928 4188 (Tychonis
2957 4121 3026 4173 de

330 4198 439 4251 hac
477 4214 539 4251 re
579 4196 779 4251 literae
820 4196 1083 4267 leguntur
1128 4194 1183 4249 in
1228 4193 1503 4264 prooemio
1549 4210 1682 4265 pag.
1727 4190 1851 4259 44.)

496 4273 559 4349 q)
606 4275 789 4331 Omnis
846 4276 1094 4329 doctrina
1130 4272 1525 4345 praecessionis
1571 4274 2036 4346 aequinoctiorum
2082 4275 2542 4345 contemplatione
2598 4272 2721 4329 axis
2765 4277 2825 4323 et
2867 4272 3024 4341 polo·

334 4352 454 4412 ι’·ιιιιι
484 4356 719 4414 Telluris
768 4356 1102 4418 absolvitun
1164 4361 1228 4409 ut
1272 4371 1372 4408 nec
1416 4370 1561 4408 nona
1605 4354 1864 4424 sphaera,
1921 4374 2022 4408 neo
2069 4354 2310 4409 orbiculo
2351 4355 2449 4409 illo
2495 4354 2640 4409 circa
2685 4352 2904 4407 Terram
2952 4350 3022 4407 sit

339 4455 495 4509 opus.
578 4438 716 4492 Vide
764 4438 1057 4491 Comment.
1106 4434 1299 4489 Martis
1348 4440 1561 4503 partem
1602 4436 1669 4488 V.
1714 4441 1773 4489 et
1812 4434 1963 4505 Epit.
2012 4439 2162 4489 Astr.
2212 4435 2306 4490 lib.
2353 4436 2422 4490 11.
2471 4435 2566 4490 111.
2617 4440 2676 4489 et
2716 4430 2834 4485 VII.

494 4514 551 4589 r)
595 4518 896 4572 Secundum
937 4522 1139 4570 motum
1187 4516 1240 4568 in
1288 4531 1489 4569 meram
1520 4515 1643 4568 axis
1673 4514 1907 4586 quietem
1954 4515 2281 4588 redegimus,
2329 4514 2526 4571 tertius
2569 4514 2684 4585 jam
2729 4513 2796 4565 ad
2831 4529 3020 4565 secun·

336 4601 461 4653 dum
508 4606 596 4652 est
621 4598 958 4651 reducendus
1006 4602 1064 4649 et
1108 4612 1227 4649 cum
1269 4613 1335 4648 eo
1364 4594 1417 4647 in
1446 4612 1612 4650 unum
1639 4597 1968 4649 conflandus.
2051 4596 2108 4649 Si
2157 4595 2296 4649 enim
2339 4610 2624 4650 causarum
2669 4594 3019 4663 physicarum

336 4678 649 4733 obviatione
698 4677 821 4732 axis
850 4676 1085 4731 Telluris
1131 4682 1259 4745 post
1299 4691 1461 4729 unam
1488 4676 1882 4729 revolutionem
1931 4692 2166 4730 annuam
2206 4676 2477 4731 invenitur
2503 4672 2806 4729 insensibili
2835 4672 3019 4743 aliquo

338 4759 639 4815 retrorsum
680 4757 977 4812 inclinatus
1024 4772 1059 4809 a
1086 4756 1193 4809 situ
1236 4755 1483 4825 pristino,
1532 4761 1591 4808 et
1635 4755 1681 4808 si
1710 4760 1897 4811 tuetur
1941 4756 2286 4811 nihilominus
2325 4762 2669 4810 constantem
2713 4752 3018 4808 inclinatio·

340 4856 465 4895 nem
490 4841 559 4893 ad
588 4840 773 4893 latera
798 4836 999 4899 mundi,
1048 4852 1145 4890 seu
1172 4837 1329 4905 polos
1357 4836 1480 4889 riae
1508 4834 1717 4906 regiae,
1768 4836 1813 4889 si
1860 4836 2026 4890 tertio
2071 4836 2240 4890 etiam
2277 4836 2550 4906 ecliptica,
2595 4835 2795 4927 quippe
2837 4832 3018 4887 orbita

340 4918 603 4987 Telluris,
624 4905 729 4973 ‘ut
770 4916 1101 4990 reliquorum
1146 4918 1495 4993 planetarum
1540 4915 1785 4982 orbitae,
1846 4916 2170 4977 latitudines
2225 4931 2356 4973 suas
2401 4917 2578 4977 habet
2622 4933 2662 4975 a
2701 4914 2796 4975 via
2837 4912 3014 4989 regia,
3091 4988 3096 4992 Π
