3634 5575
620 353 745 450 1'2'2
1061 429 1068 436 .
1274 401 1282 408 ·
1630 379 1858 446 Mystoru
1893 381 2288 448 Comographid

612 565 819 621 easque
862 563 963 618 per
1000 536 1229 600 similem
1269 544 1720 614 praeventionem
1761 543 2186 599 translocabiles
2227 545 2444 600 deloco
2485 543 2540 598 in
2575 543 2753 600 locum
2777 547 2884 599 sub
2917 543 3074 608 fixis;
3121 562 3200 602 ex
3225 543 3312 600 his

614 629 857 684 obtentis
899 627 1147 699 sequitur
1175 625 1322 678 ultro
1370 619 1486 678 sine
1523 625 1643 678 ulla
1678 626 1930 695 polorum
1965 623 2276 689 libratione,
2323 631 2382 678 et
2417 624 2836 679 declinationem
2877 625 3167 698 eclipticae
3195 641 3313 683 mu-

611 709 739 776 tari,
790 714 848 762 et
895 704 1245 780 aequinoctia
1288 703 1536 758 nonnihil
1582 721 1724 758 nunc
1763 703 1999 768 incitari,
2049 722 2190 758 nunc
2235 703 2538 767 retardari;
2597 705 2727 777 quin
2769 703 2873 760 imo
2919 705 3167 779 sequitur
3207 705 3316 760 hoc

611 789 778 844 etiam
826 787 1089 857 amplius,
1152 786 1293 857 quod
1342 783 1640 854 Copernico
1706 784 2197 840 inanimadversum
2259 784 2446 857 Tycho
2491 784 2744 838 Braheus
2811 792 2870 839 et
2923 785 3312 855 Landgravius

612 868 848 924 Hassiae
881 861 957 938 ³⁸)
998 869 1354 928 detexerunt,
1402 865 1638 919 fixarum
1676 865 1880 920 mutari
1924 863 2262 919 latitudines.
2344 864 2466 918 Etsi
2506 881 2634 919 vero
2677 865 2900 920 libratio
2938 865 3312 936 aequinoctio-

610 967 729 1004 rum
766 967 873 1004 non
916 953 1077 1001 tanta
1116 963 1218 1000 nec
1252 953 1367 1000 tam
1395 944 1588 998 celeris
1620 952 1749 999 tunc
1778 945 2253 1016 elicitur,.quanta
2279 963 2353 999 ex
2380 943 2764 999 librationibus
2795 945 3104 1016 Copernici:
3152 951 3216 1001 at
3242 947 3313 998 de

611 1029 712 1084 illa
738 1027 1051 1101 quantitate
1093 1043 1199 1080 non
1230 1029 1445 1078 tantum
1473 1027 1707 1080 nondum
1735 1025 1927 1098 liquet,
1978 1027 2072 1078 sed
2113 1032 2371 1080 constans
2417 1024 2730 1095 aequalitas
2774 1031 2906 1080 ante
2933 1033 2993 1080 et
3020 1031 3148 1097 post
3174 1027 3309 1080 Pto·

610 1111 880 1164 lemaeum
924 1106 1269 1176 deprehensa
1323 1110 1501 1159 totum
1567 1105 1850 1176 negotium
1913 1122 2028 1161 una
2070 1121 2187 1160 cum
2236 1103 2710 1160 observationibus
2757 1105 3065 1163 Ptolemaei
3107 1122 3312 1178 prope-

609 1191 823 1244 modum
848 1187 905 1243 in
932 1187 1150 1242 dubium
1176 1191 1357 1239 vocat.
1440 1185 1575 1239 Sola
1602 1185 1743 1240 enim
1773 1193 1930 1242 aetas
1960 1185 2265 1240 Ptolemaei
2293 1192 2396 1251 est,
2440 1202 2582 1257 quae
2621 1186 2931 1242 exorbitat:
2971 1185 3310 1257 reliquarum

608 1276 856 1325 aetatum
886 1265 1296 1321 observationes
1327 1270 1643 1336 congruunt
1669 1267 1740 1320 ad
1768 1266 2112 1338 aequabilem
2141 1267 2426 1338 regulam3
2473 1265 2828 1338 Copernicum
2856 1266 3014 1332 enim,
3047 1266 3139 1340 qui
3165 1283 3309 1321 suae

608 1349 815 1404 aetatis
861 1344 1229 1402 associatione
1272 1345 1619 1400 librationem
1662 1347 1805 1401 hanc
1847 1347 2044 1402 enixus
2091 1353 2206 1409 est,
2255 1344 2489 1416 proximi
2532 1353 2720 1400 aetate
2767 1348 3152 1403 observatores
3199 1348 3310 1401 fide

604 1428 909 1502 dignissimi
946 1427 1213 1482 refutant.
1295 1424 1433 1478 Vide
1474 1427 1581 1480 hac
1620 1429 1686 1480 de
1727 1445 1787 1482 re
1837 1444 1961 1481 mea
1987 1425 2392 1482 commentaria
2435 1428 2502 1480 de
2531 1425 2713 1481 Marte
2759 1427 3034 1498 capitibus
3077 1426 3307 1490 ultimis,

608 1517 670 1564 et
706 1499 945 1580 Epitom.
976 1510 1202 1560 Astron.
1250 1503 1371 1560 libr.
1415 1507 1536 1561 VII.

1785 1671 1824 1678 —-
1841 1668 1968 1676 .⁴..-—-·-
1990 1665 2145 1675 ...ῳ-,ψ-

1762 1849 2002 1947 Caput
2052 1847 2147 1922 H.
2433 1933 2442 1944 Ι
3245 1887 3274 1920 0

1275 2009 1650 2073 Priman'ae
1692 2010 2246 2073 cimonem-ationis
2288 2008 2643 2074 delineatio.

785 2149 1015 2222 Quibus
1064 2152 1151 2214 ita
1194 2152 1540 2233 praemissis
1588 2160 1656 2214 ut
1693 2152 1771 2214 ad
1810 2153 2180 2233 propositum
2221 2151 2474 2226 veniam,
2524 2161 2704 2233 atque
2753 2153 2924 2214 modo
2973 2152 3310 2224 recensitas

610 2238 925 2321 Copernici
968 2241 1333 2323 hypotheses
1371 2242 1445 2303 de
1474 2242 1691 2305 mundo
1738 2261 1892 2306 novo
1939 2261 2092 2305 novo
2136 2251 2486 2322 argumento
2525 2242 2789 2321 probem,
2837 2261 2963 2303 rem
3009 2262 3050 2302 a
3091 2242 3310 2322 primo,

600 2330 761 2410 quod
805 2330 1000 2404 aiunt,
1048 2349 1161 2392 ovo
1210 2349 1327 2410 qua
1373 2329 1669 2393 brevitate
1714 2331 1842 2393 fleri
1887 2332 2112 2411 poterit
2157 2337 2443 2410 repetam.

780 2417 1017 2498 Corpus
1063 2427 1197 2481 erat
1242 2419 1319 2494 id,
1370 2420 1529 2500 quod
1572 2420 1741 2482 initio
1779 2421 1946 2482 Deus
1992 2420 2256 2482 creavit:
2306 2420 2476 2500 cnjus
2523 2417 2926 2482 definitionem
2971 2418 3024 2480 si
3069 2419 3304 2480 habea-

604 2527 752 2582 mus,
800 2507 1077 2569 existimo
1106 2509 1483 2571 mediocriter
1511 2509 1737 2572 clarum
1774 2509 1919 2584 fore,
1969 2528 2076 2572 cur
2119 2507 2290 2571 initio
2337 2523 2550 2588 corpus
2597 2526 2713 2569 non
2761 2509 2944 2570 aliam
2981 2526 3106 2568 rem
3133 2509 3303 2569 Deus

602 2596 916 2658 creaverit.
1010 2596 1161 2658 Dico
1208 2597 1609 2678 quantitatem
1653 2598 1784 2658 Deo
1833 2599 2017 2661 fuisse
2073 2596 2481 2678 propositam:
2548 2597 2624 2658 ad
2681 2615 2856 2676 quam
2914 2595 3302 2658 obtinendam

603 2683 873 2747 omnihus
920 2703 1081 2764 opus·
1126 2685 1265 2757 fuit,
1322 2706 1472 2768 qnae
1530 2689 1606 2750 ad
1653 2688 1918 2767 corporis
1966 2687 2292 2749 essentiam
2338 2686 2677 2767 pertinent:
2743 2695 2812 2748 ut
2853 2686 2946 2748 ita
2990 2687 3300 2765 quantitas

602 2773 889 2853 corporis,
939 2783 1229 2857 quatenus
1278 2796 1509 2857 corpus,
1560 2777 1852 2859 quaedam
1901 2777 2108 2852 forma,
2160 2775 2632 2857 definitionisque
2678 2775 2842 2856 origo
2891 2775 2993 2838 sit.
3082 2773 3298 2847 Quan-

602 2863 843 2927 titatem
890 2874 1089 2926 autem
1136 2865 1301 2927 Deus
1347 2866 1481 2928 ideo
1530 2874 1669 2927 ante
1715 2868 1916 2928 omnia
1970 2867 2230 2928 existere
2290 2866 2512 2940 voluit,
2579 2874 2647 2927 ut
2711 2876 2878 2927 esset
2947 2865 3149 2927 curvi
3221 2864 3300 2927 ad

604 2960 874 3015 rectum
932 2954 1321 3033 comparatio.
1413 2946 1545 3017 Hac
1607 2956 1762 3017 enim
1818 2975 1937 3017 una
1999 2974 2060 3016 re
2127 2955 2360 3019 divinus
2427 2954 2568 3017 mihi
2626 2946 3020 3029 Cusanus'⁸⁶)
3079 2954 3298 3034 aliique

602 3041 897 3114 videntur,
944 3044 1099 3121 quod
1144 3045 1293 3106 recti
1340 3044 1620 3124 curvique
1669 3045 1746 3105 ad
1792 3044 2041 3106 invicem
2089 3044 2494 3106 habitudinem
2533 3034 2694 3106 tanti
2735 3045 3019 3118 feceruut,
3071 3051 3134 3103 et
3161 3063 3299 3105 cur-

601 3150 739 3195 vum
782 3130 942 3204 Deo,
1006 3138 1231 3193 rectum
1276 3134 1569 3195 creaturis
1616 3133 1747 3194 ausi
1794 3141 1936 3195 sunt
1989 3152 2371 3213 comparare:
2435 3142 2502 3195 ut
2555 3133 2713 3195 hand
2769 3133 2954 3195 multo
3001 3132 3301 3194 utiliorem

604 3238 847 3299 operam
890 3220 1319 3299 praestiterint,
1370 3222 1467 3303 qui
1517 3220 1870 3284 Creatorem
1915 3224 2206 3285 creaturis
2225 3269 2241 3296 ,
2287 3222 2481 3284 Deum
2525 3222 2777 3295 homini,
2819 3220 3050 3301 judicia
3095 3220 3302 3283 divina

602 3308 899 3384 humanis,
948 3329 1127 3391 quam
1174 3311 1272 3391 qui
1318 3329 1558 3373 curvum
1604 3318 1787 3386 recto,
1838 3310 2119 3373 circulum
2149 3311 2442 3393 quadrato
2473 3310 2860 3391 aequiparare
2891 3310 3092 3372 conati
3137 3318 3296 3372 sunt.

778 3395 1045 3478 Cumque
1090 3398 1185 3461 vel
1232 3400 1291 3461 in
1338 3400 1449 3461 hoc
1496 3400 1623 3462 solo
1653 3401 1805 3461 satis
1837 3400 2212 3463 constitisset
2237 3419 2424 3480 penes
2452 3400 2644 3461 Deum
2681 3400 3085 3479 quantitatum
3131 3398 3296 3479 apti-

600 3486 743 3548 tudo
791 3494 853 3547 et
900 3488 1060 3549 curvi
1106 3488 1411 3565 nobilitas,
1462 3489 1723 3551 accessit
1767 3496 1969 3551 tamen
2019 3498 2082 3551 et
2127 3492 2378 3552 alterum
2415 3490 2589 3571 longe
2633 3490 2860 3569 majus:
2921 3488 3035 3549 Dei
3075 3488 3296 3550 trinuni

601 3576 798 3655 imago
834 3574 901 3637 'ln
953 3576 1267 3656 sphaerica
1312 3578 1648 3659 superficie,
1708 3578 1910 3640 Patris
1957 3578 2190 3639 scilicet
2245 3579 2305 3640 in
2362 3588 2592 3653 centro,
2653 3578 2792 3640 Filii
2847 3577 2904 3640 in
2963 3576 3296 3657 superficie,

600 3664 861 3746 Spiritus
910 3665 967 3728 in
1015 3667 1384 3747 aequalitate
1432 3689 1693 3749 σχεσεως
1737 3668 1895 3729 inter
1938 3675 2223 3747 punctum
2270 3676 2331 3728 et
2377 3667 2681 3729 ambitum.
2761 3668 2920 3728 Nam
2965 3684 3117 3748 quae
3167 3664 3296 3727 Cu-

599 3773 783 3817 sanus
831 3753 1078 3831 circulo,
1136 3754 1239 3817 alii
1285 3757 1440 3818 forte
1487 3757 1664 3837 globo
1712 3755 2076 3827 tribuerent,
2125 3778 2200 3819 ea
2245 3776 2356 3837 ego
2402 3752 2513 3817 soli
2562 3754 2911 3837 sphaericae
2960 3754 3296 3835 superficiei

601 3860 835 3925 arrogo.
903 3844 1049 3905 -Nec
1092 3846 1443 3925 persuaderi
1486 3864 1751 3925 possum,
1798 3864 2107 3909 curvorum
2153 3846 2466 3927 quicquam
2513 3846 2767 3908 nobilius
2815 3864 2952 3907 esse
2999 3854 3106 3912 aut
3148 3863 3296 3925 per-

600 3932 817 3995 sectius
861 3931 997 4011 ipsa
1040 3933 1357 4011 sphaerica
1392 3934 1719 4015 superficie.
1798 3931 2032 3997 Globns
2081 3936 2234 3997 enim
2280 3935 2416 4015 plus
2461 3942 2558 3996 est
2601 3932 2917 4015 sphaerica
2961 3933 3294 4013 superficie,

599 4029 665 4083 et
708 4020 930 4084 mixtus
976 4021 1347 4098 rectitudini,
1398 4042 1515 4105 qua
1560 4022 1693 4084 sola
1737 4023 2018 4101 impletur
2062 4024 2244 4086 intus.
2337 4020 2610 4086 Circulus
2656 4041 2798 4085 vero
2845 4022 2962 4084 nisi
3007 4024 3067 4084 in
3111 4024 3296 4104 plano

598 4118 763 4199 recto
814 4110 1059 4182 existat,
1104 4110 1217 4173 hoc
1262 4121 1379 4187 est,
1424 4112 1538 4175 nisi
1585 4111 1901 4191 sphaerica
1945 4112 2286 4193 superficies
2336 4116 2441 4173 aut
2485 4111 2696 4191 globus
2745 4112 2928 4192 plano
2975 4120 3141 4175 recto
3188 4130 3295 4173 se-

598 4207 785 4275 cetur,
836 4199 1089 4261 circulus
1136 4200 1331 4262 nullus
1378 4202 1511 4264 erit.
1586 4201 1761 4263 Unde
1806 4201 2010 4263 videre
2059 4209 2171 4276 est,
2220 4202 2439 4263 multas
2487 4200 2608 4263 illic
2656 4224 2693 4262 a
2729 4200 2876 4263 cubo
2923 4202 2982 4262 in
3030 4201 3290 4281 globum,

601 4289 696 4352 hic
744 4310 781 4350 a
828 4289 1119 4373 quadrato
1166 4288 1226 4350 in
1274 4288 1553 4351 circulum
1600 4289 1954 4353 secundario
1991 4291 2246 4352 defluere
2273 4290 2694 4371 proprietates,
2743 4296 2986 4371 propter
3015 4290 3293 4352 diametri

602 4374 1032 4443 rectitudinem.

776 4466 900 4531 Sed
946 4486 1049 4529 cur
1094 4467 1344 4550 denique
1391 4466 1555 4527 curvi
1600 4475 1665 4529 et
1722 4467 1872 4529 recti
1928 4462 2268 4529 discrimina
2323 4466 2601 4547 curvique
2648 4464 2930 4528 nobilitas
2975 4466 3107 4531 Deo
3155 4466 3289 4529 fue-

602 4564 738 4619 runt
779 4554 1091 4638 proposita
1135 4557 1195 4619 in
1244 4554 1585 4618 exornando
1632 4556 1886 4619 mundo?
1961 4554 2082 4629 Cur
2120 4556 2318 4619 enim?
2367 4556 2481 4618 nisi
2528 4554 2666 4635 quia
2712 4575 2751 4616 a
2793 4554 3099 4618 conditore
3144 4576 3286 4637 per-

601 4644 931 4707 fectissimo
976 4665 1223 4709 necesse
1286 4642 1521 4707 omnino
1580 4645 1699 4709 fuit
1758 4652 1825 4707 ut
1878 4644 2333 4727 pulcherrimum
2397 4664 2544 4726 opus
2592 4645 3073 4707 constitueretur.
3165 4646 3287 4709 Fas

602 4732 759 4797 enim
804 4752 913 4796 nee
958 4741 1055 4797 est
1117 4753 1225 4797 nec
1290 4752 1541 4816 unquam
1599 4734 1712 4797 fuit
1770 4736 1868 4807 (ut
1921 4734 2178 4815 loquitur
2235 4752 2311 4797 ex
2356 4735 2600 4797 Timaeo
2645 4732 2918 4797 Platonis
2967 4730 3178 4796 Cicero
3223 4734 3284 4797 in

605 4822 757 4885 libro
786 4823 859 4884 de
887 4822 1308 4898 universitate)
1356 4824 1667 4905 quicquam
1695 4824 1808 4885 nisi
1837 4823 2292 4903 pulcherrimum
2331 4823 2526 4885 facere
2563 4840 2718 4895 enm,
2767 4822 2862 4903 qni
2911 4833 3078 4885 esset
3119 4822 3283 4903 opti·

602 4930 751 4975 mus.
844 4906 995 4975 Cum
1045 4912 1227 4995 igitur
1289 4913 1509 4977 ideam*
1548 4912 1747 4975 mundi
1804 4911 2094 4975 Conditor
2156 4911 2352 4974 animo
2417 4910 2902 4993 praeconceperit
2965 4910 3284 4992 (loquimur
