3634 5575
1219 1385 2227 1518 rnooumun.

547 1807 846 1887 Keplerus
909 1807 1272 1889 conscripsit
1343 1806 1421 1868 ab
1487 1826 1644 1869 anno
1715 1805 1884 1874 1595
1952 1829 2137 1891 usque
2205 1811 2285 1873 ad
2348 1831 2569 1874 annum
2620 1809 2791 1876 1600
2840 1813 3099 1877 Grastii,

375 1915 572 1956 annua
599 1893 1056 1964 Calendaria
1101 1917 1208 1958 seu
1245 1895 1784 1975 Prognostica,
1826 1898 2001 1977 jussu
2054 1899 2413 1974 „ordinum“
2444 1899 2707 1982 Styriae,
2756 1901 2895 1962 inde
2925 1903 3083 1963 Pra-

373 2003 484 2063 gae
549 1983 934 2063 imperatoris
981 1983 1286 2064 Rudolphi
1341 1983 1649 2046 mandatis
1707 1985 2049 2049 obsecutus,
2142 1988 2245 2050 Ab
2302 2005 2457 2050 anno
2522 1983 2688 2051 1606
2750 1999 2917 2049 certe
2970 2007 3082 2068 per

375 2071 603 2151 aliquot
657 2091 850 2135 annos
907 2093 983 2135 ea
1036 2074 1414 2136 conscribere
1471 2071 1680 2134 omisit
1743 2082 1808 2135 et
1862 2075 2065 2154 Praga
2111 2093 2267 2136 anno
2336 2071 2504 2138 1612
2574 2076 2791 2137 relicta
2851 2075 3080 2138 Linciis

374 2161 610 2221 demum
671 2161 1078 2223 intermissum
1139 2161 1290 2222 illud
1353 2159 1660 2239 negotium
1715 2179 1792 2222 ex
1850 2162 2085 2240 integro
2151 2165 2453 2224 resumsit.
2556 2161 2691 2233 Quo
2758 2181 2913 2224 anno
2968 2165 3085 2225 hoc

378 2249 600 2308 factum
629 2249 713 2310 sit
739 2267 854 2311 non
891 2249 1072 2328 plane
1093 2255 1352 2322 constat,
1386 2248 1648 2310 fortasse
1678 2265 1794 2310 non
1825 2257 1968 2310 ante
1998 2268 2215 2312 annum
2248 2247 2429 2326 1617,
2464 2258 2751 2332 quantum
2778 2270 2811 2311 e
2834 2251 3085 2330 Kepleri

377 2333 593 2410 verbis,
643 2353 794 2415 quae
840 2336 1001 2398 infra
1045 2344 1388 2415 sequentur,
1437 2335 1722 2414 colligere
1771 2336 1945 2410 licet;
2006 2346 2151 2417 quot
2194 2339 2333 2398 inde
2394 2338 2470 2400 ab
2517 2356 2589 2399 eo
2636 2347 2905 2418 tempore
2952 2337 3083 2400 Ca·-

379 2422 651 2484 lendaria
703 2424 962 2486 ediderit
1023 2423 1376 2503 quandoque
1431 2423 1651 2484 iterum
1705 2443 1831 2485 rem
1884 2425 2187 2504 ingratam
2240 2425 2557 2504 abjecerit,
2636 2427 2713 2486 de
2760 2428 2873 2487 hoc
2938 2426 3085 2488 item

380 2509 526 2570 nihil
553 2511 702 2571 certi
736 2512 1031 2574 affirmare
1058 2529 1399 2591 possumus,
1432 2511 1547 2572 nisi
1570 2512 1727 2590 quod
1759 2513 2031 2574 ultimam
2064 2531 2174 2574 nos
2194 2511 2691 2576 Calendariorum
2720 2513 3087 2576 mentionem

381 2615 538 2658 anno
592 2595 760 2660 1624
807 2599 1326 2680 deprehendimus.
1421 2599 1683 2670 (Linciis
1729 2601 1790 2660 in
1838 2600 2139 2662 tabulario
2174 2610 2607 2662 conservantur
2634 2603 2907 2662 ordinum
2951 2605 3083 2663 Au·-

377 2685 732 2748 striacorum
779 2688 1053 2763 decreta,
1117 2688 1332 2767 quibus
1379 2687 1642 2766 Keplero
1699 2705 1810 2766 pro
1856 2686 2051 2750 dedicL
2104 2686 2356 2751 Calend.
2406 2689 2486 2750 ad
2535 2708 2753 2750 anuum
2810 2687 2974 2752 1617
3024 2697 3087 2751 e't

377 2772 848 2837 Stereometriae
875 2775 1330 2857 perscribuntur
1365 2773 1488 2837 150
1517 2775 1612 2849 fl.;
1659 2793 1768 2856 pro
1801 2773 1933 2839 Cal.
1970 2771 2139 2839 1618
2188 2774 2272 2839 50
2302 2777 2363 2840 fl.
2377 2796 2397 2851 3
2446 2773 2583 2839 Cal.
2628 2774 2797 2840 1619
2836 2773 2961 2840 100
2988 2779 3083 2852 fl.;

386 2859 550 2925 1620
595 2894 680 2907 -·
727 2861 815 2927 50
843 2867 935 2940 fl.,
992 2859 1164 2927 1623
1213 2894 1296 2907 -
1343 2859 1431 2925 40
1461 2864 1555 2937 fl.)
1649 2864 1905 2938 Turbae,
1958 2882 2109 2944 quae
2156 2865 2277 2927 illis
2325 2864 2695 2943 temporibus
2740 2866 2799 2925 in
2833 2865 3089 2927 Austris

378 2952 682 3029 superiore
727 2960 976 3015 exortae
1025 2960 1182 3026 sunt,
1230 2950 1451 3013 itinera
1497 2951 1800 3013 Viennam
1846 2960 1913 3013 et
1954 2952 2015 3013 in
2062 2952 2641 3033 Wiirttembergiam
2687 2953 2863 3014 annis
2918 2948 3089 3015 1624

381 3047 444 3101 et
461 3037 546 3101 25
577 3049 882 3120 suscepta,
931 3040 1202 3103 obsessio
1231 3038 1574 3101 Linciorum
1604 3058 1761 3103 anno
1799 3036 1987 3114 1626,
2024 3041 2211 3102 statio
2230 3042 2443 3103 Ulmae
2469 3041 2681 3102 habita
2711 3042 2787 3101 ad
2820 3042 3087 3103 edendas

377 3127 644 3188 Tabulas
689 3128 1110 3208 Rudolphinas
1157 3146 1312 3188 anno
1369 3123 1556 3200 1627,
1605 3128 1756 3190 haec
1801 3128 2004 3189 omnia
2052 3129 2212 3191 haud
2258 3128 2479 3191 scimus
2516 3148 2594 3190 an
2632 3130 2809 3190 fidem
2858 3130 3089 3192 faciant

377 3214 761 3293 conjecturae
807 3217 886 3279 ab
932 3236 1089 3279 anno
1144 3212 1315 3279 1624
1369 3216 1596 3277 nullum
1651 3234 1899 3295 prorsus
1956 3214 2389 3278 calendarium
2443 3237 2481 3278 a
2537 3218 2803 3297 Keplero
2860 3218 3087 3280 editum

378 3322 535 3363 esse.

557 3388 732 3461 Quae
775 3391 999 3470 publici
1045 3391 1198 3471 juris
1245 3390 1394 3452 fecit
1439 3391 1740 3469 Keplerus
1787 3388 2156 3453 calendaria
2214 3391 2375 3453 inter
2428 3390 2663 3452 rariora
2717 3395 3085 3455 numeranda

381 3486 522 3541 sunt
565 3478 1060 3541 bibliothecarum
1107 3498 1312 3559 opera.
1408 3476 1686 3558 Contigit
1729 3478 1903 3539 nobis
1948 3479 2373 3540 celeberrimas
2406 3477 2791 3548 Germaniae,
2844 3480 3086 3543 Galliae

383 3575 448 3629 et
508 3566 807 3629 Bataviae
877 3568 1278 3630 bibliothecas
1342 3566 1780 3645 inquirentibus
1854 3575 1916 3627 et
1980 3566 2193 3627 amicis
2257 3584 2503 3646 operam
2566 3566 2793 3645 passim
2862 3570 3089 3629 frustra

381 3655 895 3735 impendentibus,
969 3663 1228 3735 quatuor
1291 3662 1526 3717 tantum
1593 3652 1801 3717 Cale
1828 3654 2171 3729 ndaria,
2253 3672 2541 3717 annorum
2612 3652 2811 3729 1598,
2894 3652 3079 3730 1599,

387 3740 556 3806 1605
603 3752 668 3805 et
701 3739 888 3819 1619,
935 3744 1226 3823 accipere,
1277 3744 1394 3805 duo
1440 3745 1642 3823 priora
1687 3762 1719 3804 e
1757 3742 2125 3805 bibliotheca
2155 3742 2521 3817 Graetiensi‚
2576 3742 2907 3805 liberaliter
2936 3762 3084 3805 con-

385 3832 638 3893 cedente
666 3832 745 3892 D.
776 3832 1160 3904 Krausler,
1208 3832 1665 3894 bibliothecario
1698 3830 2071 3906 Graetiensi,
2118 3831 2351 3911 reliqua
2394 3850 2429 3891 e
2476 3829 2861 3892 bibliothecis
2902 3832 3087 3910 regiis

381 3920 718 3981 Dresdensi
761 3927 828 3981 et
873 3919 1246 3981 Monacensi.
1337 3919 1456 3979 His
1504 3920 1742 3981 accedit
1766 3920 1858 3981 Pr
1874 3920 2331 3999 ognosticum
2378 3920 2457 3980 ad
2494 3937 2713 3980 annum
2751 3916 2935 3993 1602,
2987 3920 3085 3979 in-

383 4008 678 4087 scriptum
705 4007 1140 4087 „Astrologiae
1168 4007 1626 4081 fundamenta,“
1673 4008 1848 4087 quod·
1860 4008 2229 4087 descriptum
2258 4006 2599 4087 accepimus
2646 4024 2677 4066 e
2721 4007 3089 4069 bibliotheca

383 4096 782 4169 Berolinensi‚
829 4105 1076 4159 curante
1123 4095 1510 4157 celeberrimo
1556 4096 1988 4157 mathematico
2037 4097 2115 4158 D.
2164 4096 2233 4155 M
2244 4096 2442 4157 artin
2492 4093 2547 4157 Ο
2566 4096 2699 4155 hm.

557 4183 656 4245 Ex
711 4182 830 4258 his,
889 4203 1040 4264 quae
1105 4184 1378 4245 referunt
1431 4184 1580 4246 haec
1628 4182 1997 4245 Calendaria
2042 4194 2105 4245 et
2151 4184 2582 4263 Prognostica,
2644 4199 2761 4244 non
2826 4190 2963 4244 tota
3025 4191 3091 4243 et

383 4271 620 4333 sincera
663 4272 912 4350 Kepleri
971 4272 1277 4333 sententia
1341 4272 1414 4334 de
1459 4271 1816 4351 Astrologia
1880 4272 2100 4350 prodit.
2192 4270 2549 4351 Expurgate
2616 4271 2856 4350 quidem
2922 4271 3089 4331 illam

387 4360 722 4421 conabatur
767 4380 805 4420 a
847 4359 1033 4421 nimia
1079 4360 1528 4440 superstitione,
1575 4378 1694 4439 qua
1729 4360 2058 4420 scatebant
2104 4357 2239 4420 libri
2285 4358 2637 4437 astrologici
2676 4378 2881 4419 omnes
2930 4359 3093 4419 illius

383 4448 695 4527 temporiS,
747 4466 1042 4528 quamque
1065 4514 1070 4522 ⁵
1091 4448 1327 4509 ardenti
1375 4447 1578 4509 studio
1627 4448 2039 4509 defendebant
2082 4446 2225 4515 viri,
2296 4448 2509 4528 quibus
2568 4447 2723 4507 alias
2769 4446 3089 4525 plurimum

387 4536 696 4597 tribuebat
753 4538 816 4598 in
878 4536 1300 4599 astronomicis
1357 4536 1705 4615 (Maginus,
1773 4535 2093 4597 Fabricius
2112 4581 2129 4605 ,
2196 4531 2503 4615 Origanus
2550 4535 2722 4608 δια),
2787 4534 3094 4596 retinebat

385 4632 588 4686 tamen
633 4644 710 4685 ex
753 4625 893 4700 illa,
949 4644 1102 4705 quae
1159 4625 1360 4687 minus
1415 4624 1533 4702 ipsi
1579 4624 1844 4686 absurda
1897 4623 2282 4699 videbantur,
2350 4644 2422 4685 ne
2471 4622 2715 4684 nimium
2770 4623 3093 4685 disceden-

388 4713 530 4775 dum
585 4713 704 4793 ipsi
761 4721 930 4776 esset
982 4734 1020 4775 a
1075 4714 1338 4793 receptis
1415 4713 1592 4792 vulgo
1663 4710 2039 4791 opinionibus
2104 4720 2169 4773 et
2220 4730 2531 4791 procerum
2594 4710 3093 4794 imperatorisque

390 4802 626 4863 studiis.
720 4801 1020 4881 Keplerus
1083 4800 1492 4864 astronomiae
1541 4812 1825 4879 suscepto
1880 4801 2083 4863 studio
2148 4814 2213 4861 et
2275 4798 2607 4862 astronomi
2666 4802 2905 4863 functus
2958 4820 3093 4863 mu·-

390 4908 530 4953 nere
604 4908 676 4952 eo
733 4890 870 4971 ipso
943 4890 1026 4953 ad
1097 4889 1493 4971 astrologiam
1548 4890 1841 4951 deductus
1915 4899 2039 4961 est,
2118 4888 2336 4969 quippe
2404 4906 2557 4969 quae
2620 4889 2729 4951 illa
2790 4897 2997 4951 aetate
3060 4910 3099 4953 a

2558 4990 2676 5047 19*
