3634 5575
19 346 21 349 ’
19 196 22 241 —
21 2 63 171 ’-Ἲ

1619 380 2054 437 mnam.
3067 376 3198 445 288

477 543 611 615 lege
638 539 999 613 Capsa-nim
1046 548 1110 597 et
1134 542 1365 605 videbis,
1416 549 1679 613 quantum
1712 542 1872 599 absit
1899 540 2234 612 Cepernicus
2277 540 2351 599 ab
2382 538 2508 598 urai
2543 541 2844 600 sententia·
2927 542 3092 601 Alter
3127 542 3200 599 a·

478 622 665 693 caepis
696 621 955 693 loquitur,
986 622 1136 677 alter
1162 624 1229 675 de
1260 622 1403 676 aliis.

633 700 757 761 Lib.
794 702 861 755 V.
904 717 1031 771 cap.
1082 700 1174 757 35.
1278 702 1612 775 Copernicus
1657 718 1725 755 eo
1772 701 1894 756 loco
1937 698 2184 755 meminit
2221 698 2506 769 Apollonii
2553 706 2614 753 et
2655 702 2850 755 eadem
2895 702 2962 753 de
3009 700 3201 755 eodem

474 782 633 843 dixit.
662 797 807 851 quae
835 781 1187 837 Ptolemaeus
1214 782 1337 836 Lib.
1367 782 1493 837 XII.
1522 798 1645 851 cap.
1684 782 1743 847 1,
1788 783 1858 835 de
1887 796 1993 851 quo
2019 778 2144 833 loco
2174 779 2250 833 sic
2288 780 2419 835 mihi
2458 779 2706 838 videtur:
2768 778 3030 835 monitum
3073 795 3199 835 esse

396 898 404 905 -
475 862 673 917 Ursum
720 877 755 914 a
782 863 1017 932 quodam
1062 860 1503 933 intelligentior-i,
1546 878 1707 933 quam
1746 866 1836 935 est
1881 860 2000 929 ipse
2031 859 2220 922 Ursus,
2270 866 2498 915 exstare
2544 859 2753 931 aliquid
2784 859 3200 929 Tychonianum

472 941 531 997 in
556 940 881 996 Ptolemaeo
908 942 1013 997 sub
1040 942 1257 995 nomine
1284 942 1585 1011 Apollonii.
1672 940 1870 995 Ursum
1895 956 2043 1001 vero,
2093 939 2252 994 nimis
2280 939 2336 995 in
2363 940 2450 993 his
2479 940 2644 993 rebus
2687 939 2925 1003 facilem,
2975 946 3198 994 conten-

472 1026 591 1078 tum
618 1018 701 1084 iis,
750 1036 895 1089 quae
922 1038 997 1075 ex
1013 1023 1207 1075 eodem
1234 1022 1555 1077 Ptolemaeo
1586 1021 1920 1090 Copernicus
1947 1018 2140 1081 habet,
2187 1036 2256 1073 eo
2284 1021 2427 1090 quod
2467 1018 2574 1089 ipsi
2621 1019 2862 1073 maxime
2890 1021 2961 1074 ad
2989 1020 3198 1073 calum·

472 1100 619 1155 niam
648 1102 947 1155 texendam
992 1108 1361 1171 opportunum
1390 1110 1515 1155 erat
1558 1100 1882 1171 praeterito.
1927 1098 2059 1169 quia
2087 1098 2472 1153 Ptolemaeum
2500 1097 2654 1153 adire
2684 1115 2795 1153 non
2823 1099 3048 1153 vacavit
3074 1098 3196 1167 ipsi,

472 1178 773 1247 arripuisse
800 1179 871 1241 id,
918 1182 1061 1250 quod
1090 1182 1259 1249 plane
1286 1182 1529 1237 alienum
1556 1187 1646 1235 est
1673 1181 1749 1234 ab
1774 1180 1882 1234 hoc
1909 1178 2048 1233 ioco.
2139 1179 2300 1233 Duae
2329 1185 2458 1233 sunt
2491 1178 2702 1231 formae
2733 1178 2996 1233 lemmatii
3023 1178 3198 1247 Apol·

470 1258 702 1322 loniani,
746 1259 1001 1323 alterum,
1050 1262 1117 1313 de
1161 1278 1266 1331 quo
1298 1262 1627 1332 Copernicus
1656 1266 1717 1315 et
1742 1276 1819 1313 ex
1847 1275 1914 1311 eo
1947 1258 2116 1311 Ursus
2160 1258 2486 1327 loquuntur,
2537 1257 2712 1311 nihilo
2741 1258 2922 1329 magis
2964 1256 3102 1313 facit
3115 1258 3200 1337 ,ad

470 1344 709 1393 mentem
738 1338 861 1393 Ursi
906 1346 1009 1393 aut
1034 1340 1372 1409 hypothesin
1403 1340 1696 1412 Tychonis‚
1750 1354 1914 1409 quam
1957 1352 2130 1406 supra
2163 1337 2286 1407 ipse
2317 1336 2676 1407 Copernicus.
2759 1338 2964 1393 Sensus
3009 1337 3066 1391 in
3093 1337 3200 1391 hoc

470 1418 753 1473 schemate
825 1419 1169 1487 exprimitur.
1244 1424 1295 1475 A
1354 1422 1527 1475 Terra
1597 1420 1693 1475 im-

472 1497 715 1561 mobilis,
798 1498 899 1551 BD
968 1500 1345 1553 concentricus
1410 1501 1691 1569 planetae,

470 1576 563 1647 qui
590 1577 645 1629 in
672 1579 705 1641 5
736 1576 811 1631 30
855 1578 1013 1631 annis
1049 1578 1363 1633 restituitur
1390 1578 1485 1633 ὠο.
1550 1579 1695 1633 Nam

464 1656 803 1725 Apollonius
832 1656 1073 1726 putavit,
1112 1660 1324 1715 nullam
1366 1659 1535 1713 aliam
1564 1658 1691 1713 sub-

462 1752 588 1791 esse
656 1734 1115 1807 inaequalitatem
1186 1739 1455 1808 planetis,
1531 1754 1695 1809 quam

464 1815 635 1877 illam.
684 1832 827 1886 quae
871 1834 931 1869 se
974 1819 1043 1870 ad
1088 1816 1271 1874 Solem
1319 1820 1695 1874 accommodat

466 1901 525 1948 et
558 1896 1073 1966 retrogradationes
1102 1898 1289 1965 efficit,
1331 1900 1561 1968 ideoque
1590 1900 1695 1953 BD

462 1981 773 2029 eccentrum
832 1976 1017 2029 facere
1068 1978 1341 2050 neglexit.
1428 1978 1525 2033 FG
1579 1978 1695 2053 epi-

463 2055 651 2125 cyclus
724 2056 898 2109 habet
976 2064 1181 2112 motum
1236 2059 1693 2117 commutationis.

464 2138 881 2193 Demonstravit
908 2138 1031 2209 jam
1054 2144 1403 2213 Apollonius,
1452 2144 1499 2197 si
1526 2147 1689 2198 duca·

464 2223 557 2272 tur
595 2234 671 2271 ex
708 2218 915 2273 Terrae
954 2229 1143 2276 centro
1170 2226 1223 2278 A
1261 2224 1412 2279 linea
1437 2224 1561 2287 AG,
1606 2242 1691 2278 se-

464 2312 596 2351 cans
626 2298 939 2369 epicyclum
972 2301 1031 2355 in
1058 2304 1129 2365 Η,
1170 2304 1237 2365 G.
1288 2304 1366 2357 sic
1398 2309 1463 2358 ut
1487 2304 1590 2359 EG
1619 2303 1695 2358 sit

468 2377 538 2430 ad
564 2378 673 2430 ΔΗ
716 2385 781 2433 ut
808 2388 989 2435 motus
1018 2382 1109 2437 ΟΕ
1139 2383 1467 2438 concentrici
1499 2386 1568 2439 ad
1596 2382 1695 2437 PG

466 2456 797 2526 epicyclum‚
842 2466 973 2515 tunc
1019 2462 1073 2515 in
1110 2462 1327 2531 punctis
1349 2464 1425 2527 Η,
1476 2464 1525 2517 G
1573 2464 1695 2533 pla·

468 2543 653 2589 netam
708 2538 1043 2597 existentem
1094 2542 1481 2598 stationarium
1558 2542 1693 2599 fleri.

466 2616 623 2669 Haec
660 2618 841 2687 prima
868 2620 1045 2675 forma
1083 2622 1374 2687 lemmatii‚
1406 2624 1561 2695 cujus
1592 2624 1693 2677 Co-

464 2696 744 2767 pernicus,
791 2697 1143 2755 Ptolemaeus
1192 2708 1251 2757 et
1296 2704 1467 2757 Ursus
1512 2705 1695 2759 memi-

462 2794 611 2840 nere,
655 2778 825 2849 plane
862 2780 1005 2835 nihil
1042 2800 1320 2837 commune
1362 2784 1539 2839 habet
1576 2803 1694 2842 cum

462 2858 763 2929 hypothesi
803 2859 1077 2931 Tychonis
1117 2870 1179 2916 et
1214 2865 1429 2934 quidem
1463 2882 1693 2920 versans

464 2938 519 2991 in
556 2937 801 2993 terminis
846 2941 1015 3010 long-e
1045 2941 1187 2996 aliis.
1260 2945 1463 2997 Altera
1500 2944 1689 3008 forma,

464 3033 629 3088 quam
657 3017 826 3072 Ursus
868 3019 915 3072 si
962 3021 1207 3084 vidisset,
1253 3023 1463 3077 coelum
1504 3029 1691 3078 terrae

464 3095 893 3152 commiscuisset
918 3116 1053 3169 prae
1082 3101 1275 3156 insano
1295 3103 1519 3174 gaudio,
1548 3105 1691 3158 haec

462 3183 575 3230 est:
606 3181 657 3230 A
690 3176 807 3248 (fig.
842 3176 935 3243 10)
967 3187 1213 3235 centrum
1241 3183 1465 3245 Terrae,
1504 3185 1687 3237 mundi

462 3263 521 3308 et
548 3255 760 3310 orbium
786 3257 1237 3328 planetariorum,
1281 3263 1329 3314 B
1357 3262 1453 3316 Sol
1490 3263 1544 3317 in
1584 3279 1681 3317 suo

462 3336 612 3398 orbe,
662 3335 759 3390 cl)
788 3339 1161 3393 concentricus
1202 3343 1469 3411 planetae
1498 3341 1681 3411 cujus-

463 3431 675 3486 cunque
723 3415 838 3471 una
884 3435 1001 3474 cum
1034 3421 1081 3473 B
1124 3422 1257 3476 orbe
1299 3422 1481 3476 Solari
1522 3428 1582 3476 et
1628 3422 1684 3475 in

463 3495 691 3550 eandem
710 3505 924 3566 partem
940 3498 1276 3556 circumiens.
1325 3502 1428 3555 ED
1447 3517 1681 3574 magnus

462 3574 727 3644 planetae
748 3577 1044 3649 epicyclus,
1061 3579 1143 3634 sic
1154 3586 1220 3635 ut
1230 3582 1457 3635 Terram
1474 3581 1685 3636 ambiat

463 3655 584 3724 ejus
632 3663 879 3712 centrum
908 3659 976 3722 03
1024 3667 1205 3715 motus
1250 3660 1485 3732 epicycli
1532 3661 1681 3716 illius

463 3743 659 3792 contra
702 3736 981 3807 signorum
1028 3740 1223 3795 seriem
1260 3748 1413 3796 motu
1448 3759 1681 3796 commu-

463 3821 711 3877 tationis.
769 3821 895 3883 Qua
918 3822 977 3876 in
1003 3822 1341 3877 assumtione
1354 3822 1682 3891 Apollonius

463 3902 663 3955 iterum
706 3903 931 3972 quaerit
982 3903 1185 3956 lineam
1228 3901 1683 3958 determinantem

464 3982 749 4043 stationes,
780 3989 845 4035 ut
890 3988 1038 4036 ante.
1096 3983 1251 4036 Haec
1278 3981 1455 4036 forma
1490 3981 1568 4035 sic
1596 3988 1685 4036 est

463 4069 802 4131 comparata,
859 4069 923 4116 ut
958 4061 1277 4133 ingeniosus
1326 4061 1524 4132 aliquis
1572 4061 1679 4132 Ty-

462 4141 789 4200 chonianam
814 4142 1151 4214 hypothesin
1198 4160 1270 4195 ex
1313 4157 1383 4195 ea
1411 4145 1677 4196 deducere

462 4221 655 4292 possit,
702 4224 797 4277 sed
826 4238 935 4276 non
963 4222 1103 4276 citra
1128 4239 1385 4292 magnum
1415 4223 1679 4286 laborem,

462 4308 523 4356 et
548 4301 764 4372 quidem
788 4301 1048 4356 infinities
1076 4302 1368 4366 difficilius,
1415 4319 1577 4374 quam
1604 4321 1679 4358 ex

464 4381 843 4450 Copernicana
866 4381 1101 4436 ratione.
1154 4383 1295 4436 Nam
1324 4383 1495 4452 primo
1524 4383 1683 4436 nulla
1790 4411 1799 4420 ·

462 4460 713 4530 suspicio,
744 4461 955 4516 nullum
972 4461 1269 4532 vestigium
1284 4461 1677 4532 Tychonianae

460 4541 513 4594 in
533 4539 635 4594 illa
652 4541 709 4593 in
730 4547 927 4610 aperto
946 4547 1006 4594 et
1024 4543 1325 4610 propatulo
1344 4549 1449 4599 est,
1481 4556 1599 4594 cum
1620 4557 1819 4610 scopus
1842 4546 2084 4600 auctoris
2106 4557 2364 4602 versetur
2383 4548 2438 4602 in
2458 4549 2930 4604 demonstratione
2947 4565 3096 4620 punc
3113 4557 3198 4604 to·

459 4637 578 4674 rum
616 4620 1080 4684 stationariorum,
1112 4621 1331 4675 minime
1359 4622 1415 4675 in
1442 4621 1872 4677 conformatione
1903 4626 2145 4694 partium
2171 4627 2429 4684 universi.
2514 4629 2766 4682 Secundo
2813 4645 2922 4683 non
2956 4630 3184 4700 ponitur

460 4705 706 4753 centrum
726 4700 1078 4769 planetarum
1100 4702 1155 4754 in
1176 4701 1321 4764 Sole,
1355 4701 1449 4754 sed
1472 4701 1523 4754 in
1547 4701 1735 4756 Terra.
1795 4703 1984 4758 Tertio
2005 4723 2112 4760 non
2133 4713 2222 4760 est
2240 4709 2306 4760 de
2329 4708 2578 4762 omnibus
2599 4707 2846 4780 planetis
2868 4709 3026 4763 simul
3051 4727 3178 4764 con·

460 4779 733 4844 sideratis,
766 4781 863 4834 sed
892 4783 957 4833 de
988 4781 1225 4852 singulis
1255 4781 1521 4834 seorsim..
1572 4781 1780 4844 Quarto
1812 4783 2048 4853 quilibet
2075 4786 2305 4855 planeta
2331 4788 2508 4844 habet
2535 4805 2691 4844 suum
2725 4789 2911 4844 orbem
2939 4806 3151 4860 geocen
3174 4820 3195 4831 ·

459 4860 673 4916 tticum.
737 4859 957 4926 Quinto,
991 4876 1149 4931 quem
1168 4862 1357 4934 Tycho
1388 4861 1573 4916 orbem
1602 4861 1867 4930 planetae
1889 4863 2034 4930 dicit,
2069 4865 2112 4922 is
2142 4865 2196 4920 in
2217 4867 2512 4936 Apollonio
2544 4867 2782 4936 (etiamsi
2802 4868 3150 4924 intercesseri
3171 4877 3196 4925 t-
