3634 5575
703 381 788 464 36
1888 386 2212 445 Prooemium.
2276 400 2285 407 ·

701 568 770 622 ut
815 578 1016 639 snpra.
1099 556 1262 635 Ergo
1309 563 1374 617 et
1418 554 1602 617 totius
1639 554 1814 615 EDA
1859 553 2141 633 trianguli
2190 551 2383 613 latera
2428 560 2569 614 sunt
2614 553 2869 613 invicem
2915 552 3407 634 proportionalia.

703 646 1100 711 Corollarium
1149 647 1232 707 II.
1325 644 1569 706 Datur
1630 644 2011 723 proportio
2080 642 2408 703 laterum.
2502 640 2651 702 Dari
2716 650 2915 703 autem
2961 645 3411 722 proportionem

703 738 1008 806 existimo,
1060 735 1109 795 si
1159 734 1558 814 exprimatur,
1611 732 1902 812 quomodo
1950 750 2015 791 se
2062 729 2288 791 habeat
2336 732 2411 793 ad
2460 730 2641 791 aliam
2686 733 3130 809 proportionem
3177 739 3409 806 notam,

701 832 908 905 utpote
957 824 1237 885 sectionis
1284 823 1606 885 secundum
1653 829 1980 882 extremam
2028 827 2087 880 et
2134 819 2390 881 mediam
2437 820 2749 881 rationem.
2843 821 3025 881 Fiant
3070 820 3256 900 igitur
3302 840 3413 901 per

700 912 820 989 46,
878 916 924 977 1.
993 930 1170 992 super
1245 909 1286 974 3
1353 912 1640 973 lateribus
1708 908 1746 971 3
1813 910 2111 990 quadrata
2184 918 2249 970 et
2322 908 2699 971 continuetur
2760 908 2873 969 DF
2934 928 3119 989 usque
3188 906 3413 981 ad'C,

703 1024 854 1085 quae
919 1001 1152 1063 secabit
1216 1002 1568 1081 quadratum
1633 1001 1847 1079 majus,
1962 996 2114 1059 Cum
2178 1016 2321 1077 ergo
2378 1016 2482 1077 per
2527 994 2647 1071 45,
2727 998 2773 1059 I.
2840 999 3415 1079 parallelogramma

699 1090 841 1161 EC,
917 1090 1030 1154 CA
1087 1100 1148 1152 et
1203 1092 1392 1169 ipsum
1449 1098 1640 1153 totum
1690 1089 2045 1169 quadratum
2093 1086 2215 1148 sint
2260 1087 2615 1166 aequealta,
2674 1097 2849 1148 erunt
2894 1106 3004 1167 per
3056 1088 3118 1162 1,
3170 1089 3285 1150 VI.
3338 1088 3415 1149 ad

699 1182 949 1243 invicem
997 1186 1064 1243 ut
1108 1180 1323 1253 baseS,
1388 1178 1495 1240 EF
1524 1222 1540 1246 ,
1606 1179 1752 1250 FA,
1811 1176 1948 1240 AE.
2040 1176 2179 1237 Jam
2226 1184 2427 1249 autem
2473 1194 2578 1254 per
2623 1173 2737 1250 47,
2789 1177 2837 1237 1.
2884 1178 3243 1257 quadratum
3292 1175 3414 1238 EG

700 1278 991 1351 aequatur
1035 1268 1595 1349 parallelogrammo
1640 1265 1779 1341 EO,
1840 1274 1903 1327 et
1949 1266 2203 1326 alterum
2250 1266 2363 1327 BA
2412 1266 2583 1326 alteri
2632 1262 2767 1326 AC.
2859 1266 3025 1345 Ergo
3070 1265 3213 1335 EG,
3270 1267 3407 1340 BA,

698 1361 816 1422 ΑΗ
868 1366 1008 1419 sunt
1055 1358 1130 1417 ad
1179 1356 1429 1419 invicem
1479 1366 1546 1417 ut
1591 1355 1732 1431 EF,
1780 1356 1920 1423 FA,
1979 1356 2112 1418 AE.
2208 1352 2330 1416 Sed
2376 1372 2483 1434 per
2528 1351 3034 1425 20,-V1.inter
3080 1354 3214 1428 EG,
3269 1355 3408 1428 BA,

702 1448 824 1509 ΑΗ
867 1448 1092 1507 similes
1139 1447 1360 1525 figuras
1407 1453 1502 1506 est
1545 1444 1850 1524 proportio
1898 1444 2205 1523 duplicata
2232 1443 2486 1504 laterum
2525 1440 2655 1512 ΕΙ),
2707 1442 2841 1516 DA,
2890 1444 3025 1507 AE.
3118 1442 3237 1505 Est
3264 1462 3411 1505 vero

697 1537 1002 1619 plwopoltio
1070 1535 1355 1596 sectionis
1421 1534 1745 1595 secundum
1808 1540 2137 1595 extremam
2202 1540 2265 1593 et
2328 1532 2583 1595 mediam
2629 1532 2987 1593 rationem.
3036 1534 3197 1612 Ergo
3246 1534 3415 1594 inter

699 1630 894 1687 latera
929 1624 1061 1698 ED,
1111 1624 1248 1697 DA,
1298 1623 1413 1684 ΑΕ
1462 1632 1559 1684 est
1604 1622 1848 1684 dimidia
1890 1622 2196 1701 proportio
2244 1620 2548 1696 sectionis,
2598 1622 2919 1682 secundum
2964 1630 3305 1685 extremam
3352 1630 3415 1683 et

701 1714 962 1776 mediam
1011 1714 1325 1775 rationem.
1417 1712 1788 1791 Exprimitur
1834 1712 2017 1792 igitur
2060 1711 2368 1791 proportio
2415 1719 2579 1772 certo
2606 1710 2863 1787 nomine,
2915 1712 3070 1792 quod
3100 1720 3231 1773 erat
3260 1730 3411 1791 pro-

697 1804 978 1867 bandum.
1071 1802 1301 1882 Estque
1347 1800 1409 1863 in
1467 1820 1699 1863 summa
1761 1801 2043 1862 continua
2103 1799 2408 1879 proportio
2464 1800 2619 1861 inter
2683 1798 2835 1873 ΑΕ,
2881 1800 3027 1875 ΑΙ),
3076 1800 3224 1875 DE,
3278 1800 3409 1873 DF,

697 1892 822 1955 FE.
897 1892 1066 1953 Haec
1115 1890 1223 1953 tibi
1274 1889 1368 1953 Cl.
1417 1890 1494 1952 D.
1541 1890 1642 1951 Pr.
1693 1890 1779 1951 sic
1827 1908 2109 1970 propono,
2157 1898 2225 1951 ut
2270 1888 2497 1964 videas,
2546 1896 2745 1951 utrum
2792 1890 3010 1951 alicubi
3056 1890 3409 1969 impingam,

699 2004 774 2044 an
814 2000 970 2043 nova
1014 1981 1137 2041 ista
1182 1981 1340 2055 sint,
1390 1999 1466 2041 an
1514 1979 1754 2042 brevius
1803 1978 2201 2041 demonstrari
2244 1978 2499 2058 possint,
2550 1978 2723 2040 simul
2773 1978 2955 2041 etiam
3002 1987 3069 2040 ut
3115 1978 3193 2039 ad
3238 1978 3412 2041 cele·

698 2072 865 2134 brem
920 2070 1411 2132 mathematicum
1475 2088 1591 2129 non
1655 2068 1772 2130 nisi
1826 2067 2252 2129 mathematico
2311 2074 2449 2129 utar
2492 2067 2755 2130 exordio.
2848 2066 2941 2128 De
2988 2069 3137 2131 meis
3186 2068 3413 2129 studiis

699 2160 838 2243 quid
896 2158 1193 2234 scribam,
1262 2176 1379 2219 nou
1442 2158 1654 2219 habeo.
1748 2158 1925 2219 Nam.
1960 2176 2059 2218 res
2117 2156 2532 2219 oeconomicae
2599 2175 2694 2218 me
2740 2157 3113 2236 perturbant.
3208 2158 3414 2219 Unum

699 2260 900 2313 tamen
947 2258 1070 2324 est,
1119 2250 1178 2310 in
1225 2267 1339 2328 quo
1385 2248 1596 2309 merito
1645 2247 1723 2308 H.
1766 2246 1837 2307 T.
1887 2246 2151 2325 appello,
2221 2254 2285 2307 ut
2322 2245 2465 2307 mihi
2512 2244 2789 2323 opitulari
2838 2246 3121 2325 digneris.
3215 2246 3411 2309 Incidi

698 2340 758 2401 in
807 2338 1277 2419 speculationem
1323 2336 1637 2417 quandam,
1691 2354 1867 2416 quam
1914 2354 2023 2397 nec
2070 2334 2335 2395 breviter
2373 2352 2479 2395 nec
2516 2335 2885 2397 confidenter
2908 2336 3410 2415 pronunciaret-o,

696 2448 772 2490 ne
820 2447 904 2490 sc.
954 2426 1170 2489 ridear.
1265 2426 1492 2487 Verum
1539 2434 1608 2487 ut
1655 2424 1731 2485 ab
1779 2444 1853 2485 ea
1898 2444 1991 2486 me
2041 2424 2381 2503 expediam,
2432 2442 2581 2505 opus
2620 2424 2763 2485 mihi
2810 2432 2909 2485 est
2952 2426 3071 2485 tuis
3120 2425 3315 2487 oculis
3352 2432 3415 2485 et

701 2536 914 2597 magno
963 2516 1066 2577 illo
1100 2516 1487 2596 ·quadrante.
1560 2515 1760 2575 Velim
1809 2532 1895 2575 sc.
1948 2522 2016 2575 ut
2060 2514 2246 2574 stella
2288 2510 2513 2591 polaris
2560 2512 2719 2575 circa
2770 2509 2871 2574 18.
2905 2511 3007 2577 28.
3041 2514 3215 2593 Sept.
3264 2514 3412 2589 (sed

699 2608 812 2669 heu
877 2606 1023 2667 mihi
1089 2606 1209 2682 iam
1263 2605 1538 2677 transiit)
1604 2596 1974 2677 culminauS,
2042 2602 2205 2664 circa
2275 2596 2372 2665 16.
2422 2598 2527 2662 26.
2578 2601 2725 2663 Dec.
2784 2622 2925 2663 vero
2972 2604 3183 2665 eadem
3230 2613 3413 2665 nocte

699 2696 1028 2759 culminans
1068 2702 1131 2755 et
1167 2694 1496 2755 humillima
1533 2693 1919 2754 observetur.
1970 2698 2033 2752 et
2076 2692 2367 2772 videatur,
2421 2698 2616 2752 utrum
2662 2691 2817 2754 inter
2854 2701 3162 2772 utramque
3188 2694 3411 2755 culmi·-

699 2786 900 2849 nantis
967 2782 1345 2848 altitudinem
1399 2803 1516 2846 non
1581 2782 1662 2843 sit
1709 2782 2047 2844 differentia
2092 2780 2263 2842 unius
2312 2789 2495 2860 atque
2542 2780 2785 2844 alterius
2832 2782 3093 2862 scrupuli
3142 2782 3199 2844 in
3250 2803 3411 2864 qua-

700 2876 932 2937 drante.
1027 2875 1157 2935 Hoc
1223 2874 1380 2933 enim
1439 2871 1696 2950 optarim
1759 2871 2051 2932 accidere.
2144 2869 2319 2949 Elegi
2386 2870 2567 2931 aliam
2630 2873 2901 2951 quamvis
2970 2872 3103 2933 huic
3160 2874 3411 2953 negotio

701 2965 894 3025 minus
940 2963 1233 3035 idoneam,
1285 2962 1480 3024 solam
1525 2969 1724 3022 tamen
1771 2968 1913 3038 post
1957 2959 2243 3038 polarem,
2294 2977 2444 3038 quae
2491 2959 2637 3020 mihi
2681 2979 2793 3020 non
2844 2961 2987 3024 nihil
3034 2961 3408 3035 satisfaciat,

701 3053 1078 3116 eductionem
1134 3051 1362 3112 caudae
1419 3052 1476 3111 in
1535 3069 1677 3111 ursa
1729 3050 1977 3129 majore.
2070 3049 2237 3110 Haec
2297 3048 2349 3108 si
2405 3049 2564 3110 circa
2626 3045 2686 3112 9.
2744 3046 2843 3112 19.
2893 3049 3043 3112 Dec.
3104 3050 3413 3114 altissima

697 3141 875 3204 simul
921 3151 984 3202 et
1029 3140 1356 3202 humillima
1403 3140 1859 3211 observaretur,
1929 3155 2131 3198 mense
2176 3155 2318 3198 vero
2356 3137 2612 3208 Martio,
2658 3139 2796 3200 dum
2844 3137 2949 3200 Sol
2997 3148 3093 3201 est
3138 3141 3198 3201 in
3250 3161 3409 3220 qua-

699 3233 873 3294 drato
922 3232 1088 3304 loco,
1147 3248 1378 3291 rursum
1426 3237 1739 3308 caperetur
1785 3227 2079 3287 alterutra
2124 3227 2251 3306 ejus
2298 3227 2589 3301 altitudo,
2641 3245 2737 3289 res
2786 3229 2927 3289 mihi
2974 3236 3038 3289 et
3084 3237 3151 3290 ut
3194 3229 3413 3310 opinor

699 3320 1100 3384 astronomiae
1129 3317 1451 3380 utilissima
1482 3324 1683 3378 esset:
1732 3316 2089 3396 praesertim
2126 3317 2179 3376 si
2208 3316 2365 3376 inter
2392 3315 2565 3376 binas
2593 3317 2959 3392 altitudineS‚
2994 3336 3142 3398 quas
3172 3338 3409 3399 aequa-

698 3411 786 3472 les
825 3410 950 3472 fore
999 3422 1244 3488 speras,
1279 3407 1480 3488 aliqua
1527 3413 1849 3487 appareret
1893 3405 2246 3467 differentia.
2334 3405 2508 3466 Nunc
2554 3425 2649 3468 me
2694 3417 3043 3468 convertam
3090 3409 3169 3470 ad
3214 3407 3363 3470 alia.

877 3496 1380 3577 Gruppenbachio
1447 3515 1622 3576 spero
1671 3497 1800 3576 jam
1864 3495 2264 3556 satisfactum.
2358 3495 2562 3556 Mater
2622 3513 2757 3556 mea
2820 3514 2986 3575 spem
3052 3498 3193 3558 mihi
3260 3499 3412 3560 fecit

698 3586 784 3651 20
830 3589 1186 3649 florenorum
1233 3587 1310 3648 ad
1357 3587 1468 3647 hoc
1515 3585 1748 3648 instans
1798 3591 2070 3665 tempuS,
2129 3603 2275 3664 quos
2323 3603 2389 3644 se
2436 3584 2643 3662 ajebat
2689 3594 2825 3646 tuae
2872 3585 3181 3648 custodiae
3229 3605 3407 3648 com·

695 3679 1046 3751 missuram,
1124 3684 1196 3737 ut
1256 3695 1401 3750 e08,
1479 3676 1967 3755 quandocumque
2044 3673 2288 3734 nuncius
2354 3672 2687 3751 Tubingam
2751 3675 3048 3756 appellat,
3128 3686 3407 3754 promtos

695 3767 980 3849 reperiat.
1072 3763 1210 3827 Etsi
1258 3784 1398 3826 vero
1445 3773 1591 3825 nota
1639 3764 1783 3825 mihi
1843 3771 1938 3824 est
2001 3762 2131 3840 ejus
2197 3761 2255 3822 in
2314 3761 2407 3822 his
2464 3763 2640 3824 rebus
2702 3763 3023 3826 difficultas
3088 3775 3151 3826 et
3212 3785 3407 3840 mora,

695 3867 896 3917 tamen
948 3872 1185 3915 monere
1235 3854 1308 3916 D.
1359 3854 1821 3936 Praeceptorem
1870 3852 2048 3925 volui,
2100 3851 2152 3911 si
2196 3851 2303 3912 illa
2350 3869 2581 3914 summa
2624 3862 2981 3928 numeretur,
3032 3863 3099 3915 ut
3143 3873 3279 3916 eam
3322 3855 3404 3916 D.

699 3947 1060 4023 Praeceptor
1106 3963 1308 4004 secum
1355 3942 1654 4021 tantisper
1700 3941 1987 4014 retineat,
2040 3940 2205 4015 dum,
2257 3941 2395 4021 quid
2442 3941 2548 4002 illa
2592 3942 2717 4004 fleri
2766 3943 2977 4018 velim,
3033 3961 3143 4023 per
3189 3945 3404 4006 literas

696 4035 1042 4114 significem.
1127 4034 1329 4114 Atque
1378 4033 1562 4094 etiam
1608 4031 1818 4092 nuncio
1868 4030 1930 4090 id
1976 4029 2277 4108 negotium
2323 4029 2478 4104 dedi,
2528 4039 2596 4093 ut
2638 4042 2855 4110 poscat
2900 4033 3064 4094 illam
3114 4053 3151 4094 a
3178 4043 3403 4109 matre,

695 4125 745 4185 si
796 4121 903 4184 tibi
956 4123 1212 4183 nondum
1260 4128 1634 4182 numeratam
1679 4120 2001 4198 intelligat.
2279 4137 2285 4144 ·

871 4213 1078 4291 Nuper
1124 4211 1183 4272 in
1213 4211 1456 4274 Italiam
1503 4210 1639 4270 misi
1686 4208 1726 4271 2
1775 4207 2144 4288 exemplaria
2189 4207 2303 4268 mei
2350 4209 2617 4287 opusculi
2656 4209 2813 4282 (sive
2846 4211 2933 4273 tui
2960 4210 3214 4290 potius),
3246 4215 3439 4291 quae'

697 4300 1041 4381 gratissimo
1109 4311 1172 4361 et
1228 4299 1642 4361 lubentissime
1699 4298 1896 4360 animo
1954 4296 2189 4375 accepit
2234 4297 2554 4359 Paduanus
2602 4301 3097 4374 matbematicuS,
3164 4301 3401 4363 nomine

699 4390 1012 4452 Galilaeus
1065 4389 1417 4460 GalilaeuS,
1487 4389 1573 4449 uti
1631 4407 1695 4448 se
1753 4387 2131 4466 subscripsit.
2224 4385 2341 4447 Est
2386 4387 2544 4448 enim
2590 4397 2654 4450 et
2698 4391 2826 4469 ipse
2875 4391 2933 4451 in
2982 4387 3403 4468 Cope'rnicana

693 4479 932 4540 haeresi
977 4479 1115 4540 inde
1163 4501 1200 4538 a
1245 4477 1452 4538 multis
1499 4478 1695 4538 anniS.
1782 4477 1977 4538 Unum
2026 4475 2329 4554 exemplar
2374 4477 2539 4538 misit
2582 4479 2837 4540 Romam
2884 4488 2947 4541 et
2973 4480 3147 4558 plura
3176 4479 3399 4541 habere
3458 4535 3481 4552 ,

697 4567 1084 4630 desideravit.
1185 4566 1478 4647 Equidem
1545 4566 1700 4627 scire
1748 4585 1927 4639 avec,
1990 4562 2525 4644 Gruppenbachius
2574 4583 2691 4646 qua
2737 4568 2976 4648 fortuna
3020 4566 3103 4628 sit
3146 4587 3292 4630 usus
3338 4569 3397 4629 in

695 4655 1086 4718 distractione
1143 4655 1597 4735 exemplarium,
1663 4664 1725 4716 et
1785 4656 1837 4716 si
1886 4655 2016 4736 quis
2064 4655 2296 4715 interea
2341 4653 2593 4717 celebris
2640 4657 2731 4718 vir
2779 4657 2839 4720 in
2884 4667 3047 4719 tuam
3094 4657 3399 4720 notionem

695 4745 945 4820 venerit,
995 4745 1093 4825 qui
1139 4745 1385 4808 veritati
1433 4745 1593 4804 ferat
1629 4745 1993 4824 suffragium.
2028 4775 2110 4787 -—
2140 4743 2331 4806 Ursus
2359 4743 2562 4822 Praga
2609 4749 2687 4808 ad
2730 4765 2825 4808 me
2872 4746 3132 4826 scripsit,
3181 4757 3395 4828 petens

695 4834 1079 4914 exemplaria,
1129 4835 1221 4897 cui
1268 4834 1539 4916 quamvis
1587 4833 1825 4896 minime
1871 4832 2042 4913 gravi
2081 4833 2330 4906 authori,
2382 4833 2601 4895 indulsi
2628 4845 2854 4908 tamen,
2902 4837 3039 4918 quia
3074 4855 3394 4908 caesareus

695 4933 792 4988 est
837 4925 1326 5000 mathematicus,
1392 4921 1650 5005 mihique
1713 4942 1833 5004 qua
1882 4922 2171 5004 prodesse
2229 4939 2347 5000 qua
2400 4922 2613 4988 obesse
2676 4934 2902 5009 potest.
2992 4925 3178 4989 Patet
3234 4925 3395 4994 enim
