3634 5575
574 348 705 417 332
1412 350 1614 401 Literae
1652 350 1858 416 Kepleri
1901 349 2204 414 aliorumque
2237 356 2441 401 mutuae

574 512 724 574 lucis
774 510 854 573 sit
902 529 1113 590 capax,
1165 510 1399 573 ruboris
1446 526 1677 590 quoque
1726 508 1947 571 Martis
1997 508 2179 571 fuisse
2230 528 2533 589 capacem,
2584 511 2788 592 itaque
2837 528 2909 571 ex
2957 508 3070 569 hoc
3115 506 3296 567 fonte

576 601 631 662 in
680 599 936 662 hominis
984 618 1229 679 corpore
1278 599 1539 661 existere
1590 597 1887 659 terribiles
1938 598 2187 660 affectus
2221 599 2356 673 δια,
2408 600 2708 678 etiamque
2737 597 2862 659 suis
2907 594 3288 675 temporibus

572 688 649 751 ad
700 689 865 769 leges
912 688 1303 751 directionum
1342 685 1673 749 redundare
1706 686 1982 749 humores
2013 694 2076 748 et
2113 686 2384 749 affectus.
2481 686 2640 757 Quid
2681 695 2746 750 tu
2781 686 2918 748 hic?
3011 683 3284 757 Talibus,

573 778 787 857 inquis,
838 776 1204 857 argumentis
1250 774 1535 839 inauditis
1582 774 1755 835 nobis
1800 775 1980 852 plane
2009 794 2228 836 novam
2257 784 2320 836 et
2369 776 2825 854 imaginativam
2873 784 2940 835 et
2983 792 3058 833 ex
3105 778 3286 851 parte

574 866 1001 945 geometricam
1066 864 1459 944 astrologiam
1524 862 1878 925 constitues.
1975 864 2138 923 Tune
2201 881 2317 924 non
2379 864 2541 925 aliud
2598 865 2785 925 babes
2844 867 3280 941 argumentum,

577 953 734 1033 quod
781 948 1101 1032 opponas?
1194 952 1530 1030 Figmenta,
1579 950 1693 1012 hoc
1742 958 1838 1011 est
1884 958 2224 1013 commenta
2271 952 2420 1013 haec
2467 972 2602 1013 esse
2650 954 2834 1023 falsa,
2903 949 3282 1030 probandum

576 1042 683 1103 tibi
722 1050 848 1104 est.
944 1042 1116 1103 Vera
1162 1041 1427 1103 inaudire
1478 1058 1593 1100 non
1642 1038 1983 1101 reformidO.
2077 1041 2256 1101 Nova
2303 1061 2376 1102 an
2425 1042 2700 1116 afferam,
2751 1060 2868 1101 non
2915 1039 3093 1118 plane
3123 1037 3284 1109 sci03

564 1150 689 1191 ,non
737 1129 933 1191 evolvi
982 1131 1241 1192 omnium
1291 1129 1497 1191 libros.
1592 1127 2059 1206 Imaginativam
2095 1130 2390 1189 contendo
2419 1148 2654 1191 omnem
2685 1130 3012 1191 coelestem
3059 1145 3283 1205 opera-

574 1218 818 1292 tionem,
868 1226 930 1279 et
963 1218 1196 1297 quidem
1227 1215 1715 1297 imaginationem
1746 1214 1805 1275 in
1840 1216 2060 1291 TerriS,
2113 1218 2223 1278 hoc
2253 1226 2345 1278 est
2385 1219 2439 1278 in
2483 1218 2873 1280 facultatibus
2902 1214 3286 1289 animalibus,

574 1306 661 1369 rei
691 1306 1092 1387 geometricae
1127 1304 1635 1386 imaginabilibus,
1665 1303 1840 1365 simul
1873 1314 1934 1365 et
1967 1306 2132 1366 lucis.
2214 1306 2383 1369 Haec
2429 1307 2606 1386 plane
2646 1315 2785 1368 sunt
2811 1325 2946 1366 mea
2975 1304 3286 1383 dogmata.

572 1396 709 1459 Nou
774 1414 867 1456 me
934 1403 1126 1457 terres
1182 1393 1629 1475 explosionibus
1689 1392 1828 1453 tuis,
1929 1394 2018 1453 Tu
2067 1414 2211 1455 vero
2276 1414 2472 1456 nonne
2540 1395 2613 1457 de
2664 1395 2832 1457 novis
2895 1391 3156 1455 inventis
3223 1388 3290 1452 in

576 1482 911 1562 astrologia
958 1492 1019 1544 et
1065 1483 1195 1564 ipse
1244 1483 1359 1545 toti
1418 1483 1681 1543 minatus
1731 1500 1797 1540 es
1851 1483 2239 1561 antiquitati?
2333 1483 2534 1561 Atque
2586 1470 2736 1545 adeo
2791 1499 3080 1563 perquam
3127 1498 3292 1541 nova

572 1571 719 1633 hacc
750 1590 979 1632 mecum
1022 1572 1385 1635 communia:
1436 1578 1603 1631 astra
1644 1586 1760 1628 non
1795 1587 1935 1630 esse
1977 1590 2196 1633 causas
2227 1590 2423 1633 rerum
2453 1572 2875 1644 sublunarium,
2928 1568 3034 1631 sed
3065 1584 3280 1628 exem-

573 1660 694 1737 pla,
744 1659 874 1721 Deo
923 1659 1291 1722 internuncio
1341 1668 1405 1721 et
1451 1662 1846 1731 exsecutore;
1904 1658 2004 1720 ubi
2054 1678 2165 1739 ego
2218 1659 2540 1739 cujuslibet
2587 1660 2671 1721 rei
2740 1659 3094 1722 facultatem
3145 1656 3284 1717 ani-

573 1747 788 1809 malem
844 1755 1049 1809 statuo
1098 1748 1647 1825 exsecutricemque
1699 1744 2208 1824 imaginationem.
2303 1748 2436 1809 Tibi
2466 1749 2632 1810 Deus
2673 1748 2732 1809 in
2787 1754 3065 1809 naturam
3093 1744 3285 1816 venit,

576 1834 717 1895 mibi
776 1843 995 1897 natura
1049 1838 1121 1897 ad
1188 1836 1569 1898 divinitatem
1628 1834 1881 1911 aspirat.
1972 1835 2178 1915 Atque
2235 1838 2342 1896 en!
2418 1836 2502 1897 Et
2554 1834 3081 1916 imaginationibus
3127 1830 3282 1894 meis

575 1923 927 1985 subscribis,
1024 1925 1347 2004 Approbas
1396 1920 1703 2000 exempla;
1757 1923 1993 2001 profers
2041 1924 2098 1984 in
2139 1932 2331 2003 peste,
2391 1943 2506 1985 non
2565 1933 2798 1986 terrore
2847 1924 3038 1985 solum
3085 1928 3282 1996 nocet,

576 2010 683 2073 sed
732 2012 1086 2074 formatione
1134 2014 1223 2074 rei
1271 2014 1484 2075 similis
1532 2016 1597 2070 et
1644 2009 2012 2088 in-membro
2053 2012 2265 2073 simili..
2347 2012 2576 2074 Contra
2613 2031 2728 2073 non
2760 2012 2951 2074 omnis
2979 2010 3284 2088 imagina-

576 2099 759 2161 tionis
806 2118 956 2179 opus
1004 2102 1222 2163 malum
1271 2110 1396 2175 est3
1456 2100 1590 2161 huic
1638 2097 2018 2176 pulcherrimi
2078 2110 2140 2161 et
2185 2108 2500 2179 parentum
2549 2101 2775 2163 similes
2840 2101 3140 2179 prodeunt
3184 2098 3282 2159 in-

576 2190 795 2262 fanteS,
828 2188 963 2249 huic
994 2190 1136 2251 nulli
1161 2191 1486 2251 sanitatem
1516 2197 1878 2263 recuperant
1908 2208 1982 2249 ex
2011 2189 2254 2250 morbis.
2330 2188 2632 2269 Denique,
2643 2224 2648 2229 ·
2683 2188 2964 2270 quidquid
2993 2188 3284 2249 hactenus

576 2277 687 2338 fuit
734 2279 1158 2355 exemplorum,
1209 2298 1324 2340 non
1373 2279 1582 2339 mirum
1634 2272 1764 2346 fuit,
1815 2284 1920 2337 aut
1969 2286 2130 2338 certe
2179 2296 2292 2338 non
2342 2298 2460 2356 qua
2506 2286 2680 2357 parte
2717 2276 2929 2338 mirum
2977 2295 3015 2336 a
3059 2284 3122 2335 te
3172 2272 3285 2336 fuit

576 2364 915 2428 adductum.
1010 2364 1200 2428 Tuum
1258 2375 1353 2429 est
1416 2368 1526 2428 hoc
1575 2364 1910 2427 clanculum
1957 2374 2016 2426 et
2067 2384 2249 2465 supra
2295 2376 2564 2427 nostrum
2611 2374 2881 2445 captum,
2933 2364 3090 2445 quod
3136 2364 3286 2423 uxo'r

576 2472 736 2527 mea,
822 2454 953 2515 viso
1022 2454 1231 2516 limace
1298 2463 1361 2517 et
1429 2455 1567 2516 forti
1634 2450 2084 2531 imaginatione
2139 2454 2321 2515 filiolo
2388 2474 2518 2515 meo
2583 2454 2846 2515 Henrico
2909 2472 2968 2532 p.
3037 2472 3112 2513 m.
3175 2468 3282 2529 pro

578 2542 842 2603 mentula
888 2542 1221 2623 implantav
1224 2544 1274 2605 it
1318 2542 1649 2608 limaceam.
1706 2546 1903 2614 (Comp.
1949 2551 2118 2600 literas
2163 2550 2368 2615 Kepleri
2421 2552 2486 2601 ad
2535 2550 2857 2600 Maestlinum
2902 2549 3080 2605 datas.
3135 2560 3286 2611 supra

574 2654 620 2703 p.
662 2624 809 2699 298.)
903 2629 1001 2693 Ad
1044 2631 1155 2692 hoc
1204 2650 1371 2711 opus,
1423 2633 1693 2712 quamvis
1740 2632 2056 2694 rationalis
2113 2641 2445 2705 creaturae,
2499 2631 2772 2692 discursu
2820 2650 2968 2691 sane
3006 2650 3120 2692 nou
3173 2628 3282 2689 fuit

576 2738 687 2779 usa
753 2725 995 2794 natura,
1064 2720 1297 2781 occulto
1364 2720 1652 2783 instinctu
1721 2721 1965 2781 factum.
2078 2719 2178 2782 Sic
2255 2740 2446 2800 neque
2517 2718 2732 2781 Jacobi
2797 2736 2944 2780 oves
3011 2720 3282 2781 discursu

575 2805 827 2868 rationis
896 2808 1234 2871 utebantur.
1367 2801 1526 2880 Quid
1594 2809 1775 2890 igitur
1841 2819 1907 2870 tu
1973 2810 2068 2871 hic
2127 2811 2200 2869 de
2271 2810 2600 2871 structione
2677 2808 2786 2868 viri
2868 2816 2931 2870 et
3009 2809 3279 2880 feminae,

574 2893 827 2956 animosi
872 2902 938 2956 et
984 2896 1326 2972 effeminati,
1380 2898 1627 2960 scientis
1658 2897 1999 2977 philosophi
2047 2907 2110 2958 et
2141 2897 2478 2978 ignorantis
2525 2895 2734 2966 rustici
2775 2899 3097 2975 argutaris,
3149 2911 3282 2956 cum

574 3003 647 3043 ne
696 2983 934 3062 quidem
982 2983 1137 3045 inter
1182 3003 1356 3047 ovem
1402 2995 1464 3046 et
1512 2985 1809 3048 hominem
1865 2986 2080 3068 hujus
2069 2987 2156 3047 rei
2205 3005 2394 3046 causa
2425 2987 2607 3046 liceat
2637 2984 3046 3062 distinguere?
3123 2983 3282 3044 Vide

574 3089 770 3130 meam
816 3066 1403 3135 dissertatiunculam
1454 3083 1513 3135 et
1560 3076 1792 3135 refuta!
1886 3075 2205 3153 Nunquam
2269 3075 2424 3135 forte
2472 3075 2734 3134 Martem
2781 3073 2934 3134 vidit
2996 3072 3278 3152 agricola.

576 3159 730 3219 Puto
776 3158 963 3220 multo
1010 3161 1200 3222 minus
1250 3162 1379 3240 ejus
1428 3179 1608 3235 uxor3
1660 3172 1721 3224 et
1768 3173 1990 3231 tamen,
2041 3181 2170 3223 curn
2221 3161 2506 3240 gignunt,
2555 3162 2738 3222 horas
2787 3161 3110 3239 genesibus
3161 3159 3283 3222 suis

576 3255 1013 3308 consentaneas
1060 3249 1389 3325 inveniunt,
1446 3250 1703 3312 maxime
1749 3251 1875 3313 illa.
1971 3249 2037 3312 Si
2068 3251 2176 3312 tibi
2227 3269 2340 3311 non
2391 3249 2659 3329 suppetit
2705 3249 3107 3350 experientia,
3171 3268 3283 3310 uon

580 3353 646 3396 es
693 3333 951 3415 diligens
1000 3339 1360 3417 astrologuS.
1451 3339 1595 3399 Dixi
1646 3339 1804 3400 idem
1852 3339 1911 3399 in
1960 3339 2516 3412 dissertatiuncula,
2568 3337 2940 3415 respexisses
2996 3339 3072 3398 ad
3135 3357 3283 3398 eam.

753 3422 846 3484 De
895 3433 1094 3486 cetero
1159 3427 1218 3487 in
1266 3425 1645 3488 enarratione
1696 3437 1835 3488 tuae
1887 3428 2226 3489 sententiae
2286 3427 2630 3506 theologum
2693 3426 2866 3502 agis;
2929 3445 3176 3504 possum
3225 3433 3288 3486 et

580 3530 693 3589 ego
724 3511 783 3573 in
814 3531 965 3574 mea.
1054 3512 1205 3576 Cum
1242 3514 1411 3576 Deus
1442 3515 1745 3588 irascitur,
1796 3511 2075 3577 naturam
2103 3515 2654 3595 imaginationibus,
2705 3533 2854 3592 quas
2883 3515 3090 3589 mittit,
3141 3515 3284 3576 hor-

579 3600 782 3661 rendis
830 3601 1175 3681 eclipsibus,
1224 3602 1691 3664 circumstantiis
1740 3605 1916 3678 acriS,
1967 3604 2183 3683 agitat,
2235 3611 2300 3664 ut
2343 3605 2672 3682 profundae
2722 3603 2846 3663 sint
2891 3603 3177 3663 tenebrae
3225 3612 3288 3664 et

576 3696 854 3749 naturam
900 3691 1043 3752 diris
1091 3692 1283 3752 modis
1332 3700 1617 3754 terreant.
2967 3759 2970 3764 .

752 3775 1029 3840 Ridicule
1078 3779 1325 3841 desinis,
1421 3780 1585 3842 Deus
1638 3789 1699 3840 et
1748 3777 1942 3841 Satan
2010 3786 2369 3840 concurrunt
2421 3808 2495 3818 -
2549 3779 2798 3839 stultum
2849 3797 3020 3859 ergo,
3091 3777 3287 3840 omnia

575 3864 652 3925 ad
702 3885 922 3927 causas
972 3868 1281 3928 naturales
1328 3867 1571 3929 referre.
1667 3868 1886 3939 Multa,
1923 3868 2182 3937 Fabrici,
2233 3867 2439 3940 multa,
2481 3865 2600 3926 imo
2647 3867 2966 3946 plerasque
2997 3865 3286 3928 scientias

579 3952 758 4031 hujus
808 3955 1147 4016 sententiae
1196 3957 1512 4036 tyrannide
1562 3957 1883 4036 opprimes.
1979 3954 2140 4025 Quid
2171 3954 2368 4016 enim?
2461 3953 2529 4015 Si
2559 3955 2670 4014 hoc
2710 3973 2933 4029 verum,
2985 3973 3124 4016 num
3157 3955 3287 4017 ideo

573 4059 772 4102 meam
820 4042 1184 4103 seutentiam
1236 4061 1368 4104 cum
1416 4052 1522 4105 tua
1567 4045 1950 4125 permutabo,
2017 4051 2342 4123 propterea
2397 4043 2556 4122 quod
2622 4049 2727 4102 tua
2777 4043 2890 4104 Dei
2939 4053 3003 4105 et
3047 4042 3290 4105 Diaboli

576 4146 688 4207 ope
737 4130 871 4208 plus
920 4129 1166 4210 indiget,
1218 4150 1353 4193 mea
1398 4131 1536 4195 illas
1566 4131 2042 4214 hyperphysicas
2071 4133 2247 4212 plane
2299 4149 2416 4196 non
2461 4129 2767 4192 excludit?
2860 4132 3106 4192 Minime
3145 4131 3286 4194 hoc!

575 4217 786 4279 Potius
836 4237 1069 4280 omnem
1118 4220 1514 4300 astrologiam
1562 4221 1872 4282 mittamus
1919 4228 1982 4281 et
2009 4220 2289 4281 mundum
2337 4217 2718 4280 sublunarem
2756 4218 2888 4280 Deo
2939 4230 3002 4282 et
3025 4219 3288 4282 Diabolo

576 4307 903 4383 regendum
950 4307 1279 4368 tradamus
1378 4311 1531 4382 Aut,
1596 4310 1647 4370 si
1696 4309 1856 4388 pium
1907 4318 1970 4370 et
2017 4315 2319 4382 sanctum,
2351 4305 2756 4391 naturalibus
2805 4318 3092 4386 quantum
3139 4327 3286 4388 pos-

576 4413 780 4455 sumus
828 4395 1211 4470 contendere,
1260 4397 1598 4476 praestabit
1642 4398 1773 4477 ejus
1821 4396 2142 4469 sententia,
2201 4395 2298 4474 qui
2357 4395 2738 4474 paucioribus
2769 4395 3078 4475 principiis
3114 4398 3288 4476 plura

578 4481 780 4544 efficit.

718 4570 1140 4621 Fabricius:
1177 4571 1257 4620 An
1293 4553 1704 4622 in'flammare
1742 4571 2134 4621 essentialis
2171 4571 2550 4634 proprietas
2589 4567 2764 4619 Solis
2799 4571 2892 4626 sit.
2932 4568 3073 4620 valde
3101 4569 3284 4620 dubito.

578 4639 709 4691 Nam
744 4642 1073 4692 inflammatio
1110 4639 1203 4702 (sc.
1243 4655 1372 4708 quae
1411 4656 1443 4691 a
1480 4641 1595 4692 Sole
1633 4641 1806 4700 oritur)
1841 4657 1942 4692 non
1977 4643 2036 4692 fit
2071 4643 2136 4692 ab
2175 4642 2372 4691 actione
2411 4639 2538 4690 Solis
2577 4641 2830 4689 essentiali
2867 4642 3162 4704 praecipue,
3200 4639 3288 4690 sed

576 4725 667 4774 per
702 4711 954 4768 accidenti,
992 4724 1027 4761 a
1059 4712 1308 4761 radiorum
1342 4711 1624 4763 reflexione.
1697 4711 1872 4762 Multis
1907 4713 2104 4776 probari
2141 4717 2321 4776 potest,
2361 4709 2491 4760 Solis
2519 4710 2746 4761 -calorem
2781 4714 2833 4761 in
2871 4725 3061 4760 summo
3089 4709 3289 4760 aethere

578 4781 817 4828 minorem
856 4795 982 4838 esse,
1020 4795 1169 4847 quam
1204 4783 1255 4831 in
1292 4781 1472 4843 Terris,
1512 4785 1629 4846 quia
1665 4781 1803 4832 calor
1838 4783 1920 4834 ille
1957 4799 2056 4832 non
2094 4788 2171 4832 est
2208 4782 2560 4833 elementaris
2547 4783 2690 4847 ignis,
2731 4788 2821 4832 aut
2853 4782 2991 4832 calor
3013 4780 3288 4845 depascens

578 4857 668 4900 aut
704 4851 979 4908 damone,
1035 4852 1125 4903 sed
1160 4851 1413 4904 vivificam
1466 4861 1521 4904 et
1554 4865 1882 4908 conservans.
1933 4860 1990 4904 ut
2023 4860 2080 4902 tu
2115 4859 2252 4906 reete
2289 4852 2489 4909 neubi-3
2547 4861 2600 4902 et
2633 4853 2836 4916 proinde
2873 4854 3026 4902 etiam
3073 4852 3288 4904 naturali
