<?xml version="1.0" encoding="UTF-8"?>
<!DOCTYPE html PUBLIC "-//W3C//DTD XHTML 1.0 Transitional//EN"
    "http://www.w3.org/TR/xhtml1/DTD/xhtml1-transitional.dtd">
<html xmlns="http://www.w3.org/1999/xhtml" xml:lang="en" lang="en">
 <head>
  <title>
</title>
<meta http-equiv="Content-Type" content="text/html;charset=utf-8" />
  <meta name='ocr-system' content='tesseract 3.04.00' />
  <meta name='ocr-capabilities' content='ocr_page ocr_carea ocr_par ocr_line ocrx_word'/>
</head>
<body>
  <div class='ocr_page' id='page_1' title='image "./joanniskepleria30frisgoog_0125.png"; bbox 0 0 3634 5575; ppageno 0'>
   <div class='ocr_carea' id='block_1_1' title="bbox 1260 1361 2614 1456">
    <p class='ocr_par' dir='ltr' id='par_1_1' title="bbox 1260 1361 2614 1456">
     <span class='ocr_line' id='line_1_1' title="bbox 1260 1361 2614 1456; baseline 0.002 -3"><span class='ocrx_word' id='word_1_1' title='bbox 1260 1375 1836 1456; x_wconf 63' lang='lat' dir='ltr'>emt-arro</span> <span class='ocrx_word' id='word_1_2' title='bbox 1887 1377 2028 1454; x_wconf 75' lang='lat' dir='ltr'>An</span> <span class='ocrx_word' id='word_1_3' title='bbox 2079 1361 2614 1456; x_wconf 70' lang='lat' dir='ltr'>merom.</span> 
     </span>
    </p>
   </div>
   <div class='ocr_carea' id='block_1_2' title="bbox 1809 1589 2069 1601">
    <p class='ocr_par' dir='ltr' id='par_1_2' title="bbox 1809 1589 2069 1601">
     <span class='ocr_line' id='line_1_2' title="bbox 1809 1589 2069 1601; baseline 0 3974"><span class='ocrx_word' id='word_1_4' title='bbox 1809 1589 2069 1601; x_wconf 95' lang='lat' dir='ltr'> </span> 
     </span>
    </p>
   </div>
   <div class='ocr_carea' id='block_1_3' title="bbox 522 1733 3302 5015">
    <p class='ocr_par' dir='ltr' id='par_1_3' title="bbox 576 1733 3302 2439">
     <span class='ocr_line' id='line_1_3' title="bbox 756 1733 3302 1818; baseline 0.001 -23"><span class='ocrx_word' id='word_1_5' title='bbox 756 1733 1139 1812; x_wconf 84' lang='lat' dir='ltr'><strong>Propositum</strong></span> <span class='ocrx_word' id='word_1_6' title='bbox 1171 1740 1266 1818; x_wconf 81' lang='lat' dir='ltr'>est</span> <span class='ocrx_word' id='word_1_7' title='bbox 1294 1735 1465 1809; x_wconf 87' lang='lat' dir='ltr'>mihi,</span> <span class='ocrx_word' id='word_1_8' title='bbox 1501 1737 1718 1812; x_wconf 84' lang='lat' dir='ltr'>lector,</span> <span class='ocrx_word' id='word_1_9' title='bbox 1768 1736 1884 1798; x_wconf 83' lang='lat' dir='ltr'>hoc·</span> <span class='ocrx_word' id='word_1_10' title='bbox 1913 1736 2116 1798; x_wconf 91' lang='lat' dir='ltr'>libello</span> <span class='ocrx_word' id='word_1_11' title='bbox 2147 1733 2594 1811; x_wconf 86' lang='lat' dir='ltr'>demonstrare,</span> <span class='ocrx_word' id='word_1_12' title='bbox 2629 1737 2785 1816; x_wconf 90' lang='lat' dir='ltr'>quod</span> <span class='ocrx_word' id='word_1_13' title='bbox 2818 1734 3076 1798; x_wconf 77' lang='lat' dir='ltr'>Creator</span> <span class='ocrx_word' id='word_1_14' title='bbox 3105 1735 3302 1815; x_wconf 88' lang='lat' dir='ltr'>Opti-</span> 
     </span>
     <span class='ocr_line' id='line_1_4' title="bbox 582 1820 3302 1904; baseline 0.001 -22"><span class='ocrx_word' id='word_1_15' title='bbox 582 1838 713 1883; x_wconf 86' lang='lat' dir='ltr'>mus</span> <span class='ocrx_word' id='word_1_16' title='bbox 759 1820 1088 1899; x_wconf 77' lang='lat' dir='ltr'>Maximus,</span> <span class='ocrx_word' id='word_1_17' title='bbox 1156 1825 1212 1885; x_wconf 90' lang='lat' dir='ltr'>in</span> <span class='ocrx_word' id='word_1_18' title='bbox 1262 1825 1567 1887; x_wconf 82' lang='lat' dir='ltr'>creatione</span> <span class='ocrx_word' id='word_1_19' title='bbox 1636 1821 1838 1887; x_wconf 87' lang='lat' dir='ltr'>mundi</span> <span class='ocrx_word' id='word_1_20' title='bbox 1883 1825 2060 1904; x_wconf 87' lang='lat' dir='ltr'>hujus</span> <span class='ocrx_word' id='word_1_21' title='bbox 2105 1823 2378 1895; x_wconf 69' lang='lat' dir='ltr'>mobilis*</span> <span class='ocrx_word' id='word_1_22' title='bbox 2415 1833 2480 1886; x_wconf 90' lang='lat' dir='ltr'>et</span> <span class='ocrx_word' id='word_1_23' title='bbox 2541 1823 2936 1904; x_wconf 79' lang='lat' dir='ltr'>dispositione</span> <span class='ocrx_word' id='word_1_24' title='bbox 2994 1826 3302 1887; x_wconf 87' lang='lat' dir='ltr'>coelorum</span> 
     </span>
     <span class='ocr_line' id='line_1_5' title="bbox 583 1907 3302 1997; baseline 0.001 -26"><span class='ocrx_word' id='word_1_25' title='bbox 583 1912 660 1971; x_wconf 88' lang='lat' dir='ltr'>ad</span> <span class='ocrx_word' id='word_1_26' title='bbox 719 1909 825 1972; x_wconf 74' lang='lat' dir='ltr'>illa</span> <span class='ocrx_word' id='word_1_27' title='bbox 882 1914 1139 1992; x_wconf 85' lang='lat' dir='ltr'>quinque</span> <span class='ocrx_word' id='word_1_28' title='bbox 1196 1907 1834 1994; x_wconf 77' lang='lat' dir='ltr'>regularia&#39;cor&#39;pora,</span> <span class='ocrx_word' id='word_1_29' title='bbox 1904 1912 2040 1976; x_wconf 84' lang='lat' dir='ltr'>inde</span> <span class='ocrx_word' id='word_1_30' title='bbox 2101 1933 2138 1975; x_wconf 85' lang='lat' dir='ltr'>a</span> <span class='ocrx_word' id='word_1_31' title='bbox 2201 1913 2551 1997; x_wconf 72' lang='lat' dir='ltr'><strong>Pythagora</strong></span> <span class='ocrx_word' id='word_1_32' title='bbox 2615 1920 2680 1974; x_wconf 89' lang='lat' dir='ltr'>et</span> <span class='ocrx_word' id='word_1_33' title='bbox 2732 1913 2986 1976; x_wconf 87' lang='lat' dir='ltr'>Platone</span> <span class='ocrx_word' id='word_1_34' title='bbox 3053 1914 3130 1975; x_wconf 89' lang='lat' dir='ltr'>ad</span> <span class='ocrx_word' id='word_1_35' title='bbox 3184 1933 3302 1975; x_wconf 89' lang='lat' dir='ltr'>nos</span> 
     </span>
     <span class='ocr_line' id='line_1_6' title="bbox 580 1991 3298 2084; baseline 0.001 -24"><span class='ocrx_word' id='word_1_36' title='bbox 580 2003 767 2079; x_wconf 82' lang='lat' dir='ltr'>u‘sque</span> <span class='ocrx_word' id='word_1_37' title='bbox 816 1991 1325 2077; x_wconf 62' lang='lat' dir='ltr'>celebratissima,</span> <span class='ocrx_word' id='word_1_38' title='bbox 1378 2003 1741 2082; x_wconf 83' lang='lat' dir='ltr'>respexerit,</span> <span class='ocrx_word' id='word_1_39' title='bbox 1792 2011 1974 2084; x_wconf 89' lang='lat' dir='ltr'>atque</span> <span class='ocrx_word' id='word_1_40' title='bbox 2024 2003 2102 2064; x_wconf 87' lang='lat' dir='ltr'>ad</span> <span class='ocrx_word' id='word_1_41' title='bbox 2148 2003 2382 2065; x_wconf 91' lang='lat' dir='ltr'>illorum</span> <span class='ocrx_word' id='word_1_42' title='bbox 2429 2009 2708 2066; x_wconf 89' lang='lat' dir='ltr'>naturam</span> <span class='ocrx_word' id='word_1_43' title='bbox 2746 2001 3047 2064; x_wconf 83' lang='lat' dir='ltr'>coelorum</span> <span class='ocrx_word' id='word_1_44' title='bbox 3079 2021 3298 2064; x_wconf 86' lang='lat' dir='ltr'>nume-</span> 
     </span>
     <span class='ocr_line' id='line_1_7' title="bbox 580 2089 3300 2180; baseline 0.001 -31"><span class='ocrx_word' id='word_1_45' title='bbox 580 2093 753 2164; x_wconf 54' lang='lat' dir='ltr'>rum,</span> <span class='ocrx_word' id='word_1_46' title='bbox 784 2092 1239 2169; x_wconf 78' lang='lat' dir='ltr'>proportiones,</span> <span class='ocrx_word' id='word_1_47' title='bbox 1310 2094 1371 2152; x_wconf 74' lang='lat' dir='ltr'>et</span> <span class='ocrx_word' id='word_1_48' title='bbox 1418 2089 1679 2153; x_wconf 81' lang='lat' dir='ltr'>motuum</span> <span class='ocrx_word' id='word_1_49' title='bbox 1728 2091 2024 2154; x_wconf 89' lang='lat' dir='ltr'>rationem</span> <span class='ocrx_word' id='word_1_50' title='bbox 2076 2090 2704 2180; x_wconf 57' lang='lat' dir='ltr'>accommodaverit-⁸)</span> <span class='ocrx_word' id='word_1_51' title='bbox 2798 2090 2922 2152; x_wconf 90' lang='lat' dir='ltr'>Sed</span> <span class='ocrx_word' id='word_1_52' title='bbox 2967 2091 3300 2172; x_wconf 82' lang='lat' dir='ltr'>antequam</span> 
     </span>
     <span class='ocr_line' id='line_1_8' title="bbox 580 2177 3298 2261; baseline 0.002 -25"><span class='ocrx_word' id='word_1_53' title='bbox 580 2179 641 2237; x_wconf 83' lang='lat' dir='ltr'>te</span> <span class='ocrx_word' id='word_1_54' title='bbox 690 2178 767 2239; x_wconf 81' lang='lat' dir='ltr'>ad</span> <span class='ocrx_word' id='word_1_55' title='bbox 814 2180 941 2240; x_wconf 80' lang='lat' dir='ltr'>rem</span> <span class='ocrx_word' id='word_1_56' title='bbox 989 2177 1182 2258; x_wconf 75' lang='lat' dir='ltr'>ipsam</span> <span class='ocrx_word' id='word_1_57' title='bbox 1229 2179 1435 2241; x_wconf 89' lang='lat' dir='ltr'>venire</span> <span class='ocrx_word' id='word_1_58' title='bbox 1484 2181 1713 2260; x_wconf 87' lang='lat' dir='ltr'>patiar,</span> <span class='ocrx_word' id='word_1_59' title='bbox 1769 2200 1904 2242; x_wconf 89' lang='lat' dir='ltr'>cum</span> <span class='ocrx_word' id='word_1_60' title='bbox 1951 2180 2023 2241; x_wconf 88' lang='lat' dir='ltr'>de</span> <span class='ocrx_word' id='word_1_61' title='bbox 2073 2181 2387 2243; x_wconf 80' lang='lat' dir='ltr'>occasione</span> <span class='ocrx_word' id='word_1_62' title='bbox 2436 2179 2608 2261; x_wconf 80' lang='lat' dir='ltr'>hujus</span> <span class='ocrx_word' id='word_1_63' title='bbox 2666 2179 2852 2243; x_wconf 88' lang='lat' dir='ltr'>libelli</span> <span class='ocrx_word' id='word_1_64' title='bbox 2909 2188 3036 2242; x_wconf 86' lang='lat' dir='ltr'>tum</span> <span class='ocrx_word' id='word_1_65' title='bbox 3083 2179 3157 2240; x_wconf 90' lang='lat' dir='ltr'>de</span> <span class='ocrx_word' id='word_1_66' title='bbox 3187 2191 3298 2242; x_wconf 83' lang='lat' dir='ltr'>ra-</span> 
     </span>
     <span class='ocr_line' id='line_1_9' title="bbox 578 2264 3302 2349; baseline 0.002 -24"><span class='ocrx_word' id='word_1_67' title='bbox 578 2264 741 2327; x_wconf 86' lang='lat' dir='ltr'>tione</span> <span class='ocrx_word' id='word_1_68' title='bbox 788 2265 904 2328; x_wconf 80' lang='lat' dir='ltr'>m&#39;ei</span> <span class='ocrx_word' id='word_1_69' title='bbox 954 2265 1213 2330; x_wconf 87' lang='lat' dir='ltr'>instituti</span> <span class='ocrx_word' id='word_1_70' title='bbox 1283 2267 1487 2349; x_wconf 83' lang='lat' dir='ltr'>aliqua</span> <span class='ocrx_word' id='word_1_71' title='bbox 1546 2277 1745 2332; x_wconf 89' lang='lat' dir='ltr'>tecum</span> <span class='ocrx_word' id='word_1_72' title='bbox 1811 2287 2020 2349; x_wconf 88' lang='lat' dir='ltr'>agam,</span> <span class='ocrx_word' id='word_1_73' title='bbox 2091 2287 2240 2349; x_wconf 89' lang='lat' dir='ltr'>quae</span> <span class='ocrx_word' id='word_1_74' title='bbox 2308 2277 2372 2332; x_wconf 91' lang='lat' dir='ltr'>et</span> <span class='ocrx_word' id='word_1_75' title='bbox 2428 2269 2506 2330; x_wconf 89' lang='lat' dir='ltr'>ad</span> <span class='ocrx_word' id='word_1_76' title='bbox 2563 2277 2727 2330; x_wconf 87' lang='lat' dir='ltr'>tuum</span> <span class='ocrx_word' id='word_1_77' title='bbox 2791 2269 3166 2330; x_wconf 86' lang='lat' dir='ltr'>intellectum</span> <span class='ocrx_word' id='word_1_78' title='bbox 3233 2275 3302 2330; x_wconf 89' lang='lat' dir='ltr'>et</span> 
     </span>
     <span class='ocr_line' id='line_1_10' title="bbox 576 2336 2436 2439; baseline 0.003 -25"><span class='ocrx_word' id='word_1_79' title='bbox 576 2354 655 2415; x_wconf 82' lang='lat' dir='ltr'>ad</span> <span class='ocrx_word' id='word_1_80' title='bbox 703 2359 896 2417; x_wconf 81' lang='lat' dir='ltr'>meam</span> <span class='ocrx_word' id='word_1_81' title='bbox 946 2336 1169 2418; x_wconf 74' lang='lat' dir='ltr'>i&#39;amam&#39;</span> <span class='ocrx_word' id='word_1_82' title='bbox 1203 2355 1503 2439; x_wconf 77' lang='lat' dir='ltr'>pertinere</span> <span class='ocrx_word' id='word_1_83' title='bbox 1553 2351 1882 2420; x_wconf 70' lang='lat' dir='ltr'>arbitratus</span> <span class='ocrx_word' id='word_1_84' title='bbox 1931 2359 2118 2419; x_wconf 89' lang='lat' dir='ltr'>fuero.</span> <span class='ocrx_word' id='word_1_85' title='bbox 2431 2427 2436 2434; x_wconf 52' lang='grc'><strong>,</strong></span> 
     </span>
    </p>

    <p class='ocr_par' dir='ltr' id='par_1_4' title="bbox 522 2443 3296 4299">
     <span class='ocr_line' id='line_1_11' title="bbox 754 2443 3296 2527; baseline 0 -21"><span class='ocrx_word' id='word_1_86' title='bbox 754 2443 891 2515; x_wconf 77' lang='lat' dir='ltr'>Quo</span> <span class='ocrx_word' id='word_1_87' title='bbox 954 2454 1224 2527; x_wconf 81' lang='lat' dir='ltr'>tempore</span> <span class='ocrx_word' id='word_1_88' title='bbox 1268 2445 1611 2526; x_wconf 84' lang='lat' dir='ltr'>Tubingae,</span> <span class='ocrx_word' id='word_1_89' title='bbox 1668 2446 1884 2508; x_wconf 85' lang='lat' dir='ltr'><strong>abhinc</strong></span> <span class='ocrx_word' id='word_1_90' title='bbox 1949 2445 2234 2509; x_wconf 83' lang='lat' dir='ltr'>sexennio</span> <span class='ocrx_word' id='word_1_91' title='bbox 2291 2445 2628 2507; x_wconf 87' lang='lat' dir='ltr'>clarissimo</span> <span class='ocrx_word' id='word_1_92' title='bbox 2691 2444 2819 2507; x_wconf 87' lang='lat' dir='ltr'>viro</span> <span class='ocrx_word' id='word_1_93' title='bbox 2867 2445 2952 2506; x_wconf 88' lang='grc' dir='ltr'>Μ.</span> <span class='ocrx_word' id='word_1_94' title='bbox 3002 2445 3296 2507; x_wconf 85' lang='lat' dir='ltr'>Michaeli</span> 
     </span>
     <span class='ocr_line' id='line_1_12' title="bbox 576 2527 3294 2614; baseline 0 -20"><span class='ocrx_word' id='word_1_95' title='bbox 576 2527 903 2600; x_wconf 74' lang='lat' dir='ltr'>Maes&#39;flin&#39;si</span> <span class='ocrx_word' id='word_1_96' title='bbox 953 2537 1195 2614; x_wconf 84' lang='lat' dir='ltr'>operam</span> <span class='ocrx_word' id='word_1_97' title='bbox 1245 2535 1491 2610; x_wconf 84' lang='lat' dir='ltr'>dabam,</span> <span class='ocrx_word' id='word_1_98' title='bbox 1543 2542 1741 2597; x_wconf 88' lang='lat' dir='ltr'>motus</span> <span class='ocrx_word' id='word_1_99' title='bbox 1786 2535 2104 2614; x_wconf 85' lang='lat' dir='ltr'>multiplici</span> <span class='ocrx_word' id='word_1_100' title='bbox 2141 2533 2633 2596; x_wconf 83' lang='lat' dir='ltr'>incommoditate</span> <span class='ocrx_word' id='word_1_101' title='bbox 2661 2533 2930 2596; x_wconf 88' lang='lat' dir='ltr'>usitatae</span> <span class='ocrx_word' id='word_1_102' title='bbox 2967 2533 3039 2594; x_wconf 92' lang='lat' dir='ltr'>de</span> <span class='ocrx_word' id='word_1_103' title='bbox 3071 2535 3294 2596; x_wconf 88' lang='lat' dir='ltr'>mundo</span> 
     </span>
     <span class='ocr_line' id='line_1_13' title="bbox 522 2613 3296 2704; baseline 0.001 -22"><span class='ocrx_word' id='word_1_104' title='bbox 522 2626 535 2632; x_wconf 82' lang='lat'><strong><em>‘</em></strong></span> <span class='ocrx_word' id='word_1_105' title='bbox 576 2615 898 2700; x_wconf 81' lang='lat' dir='ltr'>opinio&#39;h&#39;is,</span> <span class='ocrx_word' id='word_1_106' title='bbox 950 2623 1099 2685; x_wconf 89' lang='lat' dir='ltr'>adeo</span> <span class='ocrx_word' id='word_1_107' title='bbox 1149 2613 1488 2685; x_wconf 89' lang='lat' dir='ltr'>delectatus</span> <span class='ocrx_word' id='word_1_108' title='bbox 1536 2621 1667 2685; x_wconf 83' lang='lat' dir='ltr'>suin</span> <span class='ocrx_word' id='word_1_109' title='bbox 1714 2622 2079 2703; x_wconf 85' lang='lat' dir='ltr'>Copernico,</span> <span class='ocrx_word' id='word_1_110' title='bbox 2140 2623 2309 2704; x_wconf 87' lang='lat' dir='ltr'>cujus</span> <span class='ocrx_word' id='word_1_111' title='bbox 2355 2623 2458 2685; x_wconf 78' lang='lat' dir='ltr'>iile</span> <span class='ocrx_word' id='word_1_112' title='bbox 2507 2624 2561 2685; x_wconf 90' lang='lat' dir='ltr'>in</span> <span class='ocrx_word' id='word_1_113' title='bbox 2610 2622 3119 2702; x_wconf 85' lang='lat' dir='ltr'>praelectionibus</span> <span class='ocrx_word' id='word_1_114' title='bbox 3169 2623 3296 2684; x_wconf 84' lang='lat' dir='ltr'>suis</span> 
     </span>
     <span class='ocr_line' id='line_1_14' title="bbox 577 2798 3295 2880; baseline 0.001 -20"><span class='ocrx_word' id='word_1_115' title='bbox 577 2798 1083 2880; x_wconf 73' lang='lat' dir='ltr'>disputationibus</span> <span class='ocrx_word' id='word_1_116' title='bbox 1132 2803 1587 2869; x_wconf 84' lang='lat' dir='ltr'>candidatorum</span> <span class='ocrx_word' id='word_1_117' title='bbox 1617 2798 2034 2876; x_wconf 81' lang='lat' dir='ltr'>defenderem,</span> <span class='ocrx_word' id='word_1_118' title='bbox 2083 2802 2192 2863; x_wconf 89' lang='lat' dir='ltr'>sed</span> <span class='ocrx_word' id='word_1_119' title='bbox 2222 2801 2406 2862; x_wconf 88' lang='lat' dir='ltr'>etiam</span> <span class='ocrx_word' id='word_1_120' title='bbox 2438 2810 2788 2863; x_wconf 89' lang='lat' dir='ltr'>accuratam</span> <span class='ocrx_word' id='word_1_121' title='bbox 2819 2802 3295 2880; x_wconf 87' lang='lat' dir='ltr'>disputationem</span> 
     </span>
     <span class='ocr_line' id='line_1_15' title="bbox 577 2882 3290 2971; baseline 0.001 -22"><span class='ocrx_word' id='word_1_122' title='bbox 577 2888 649 2949; x_wconf 93' lang='lat' dir='ltr'>de</span> <span class='ocrx_word' id='word_1_123' title='bbox 699 2897 864 2952; x_wconf 87' lang='lat' dir='ltr'>motu</span> <span class='ocrx_word' id='word_1_124' title='bbox 913 2891 1134 2969; x_wconf 88' lang='lat' dir='ltr'>primo,</span> <span class='ocrx_word' id='word_1_125' title='bbox 1188 2882 1341 2971; x_wconf 90' lang='lat' dir='ltr'>quod</span> <span class='ocrx_word' id='word_1_126' title='bbox 1374 2890 1599 2952; x_wconf 86' lang='lat' dir='ltr'>Terrae</span> <span class='ocrx_word' id='word_1_127' title='bbox 1630 2887 1935 2953; x_wconf 74' lang='lat' dir='ltr'>volutione</span> <span class='ocrx_word' id='word_1_128' title='bbox 1968 2882 2209 2953; x_wconf 79' lang='lat' dir='ltr'>accidat</span> <span class='ocrx_word' id='word_1_129' title='bbox 2227 2888 2316 2965; x_wconf 64' lang='lat' dir='ltr'>b),</span> <span class='ocrx_word' id='word_1_130' title='bbox 2367 2890 2828 2952; x_wconf 88' lang='lat' dir='ltr'>conscriberem.</span> <span class='ocrx_word' id='word_1_131' title='bbox 2921 2888 3179 2971; x_wconf 86' lang='lat' dir='ltr'>Jamque</span> <span class='ocrx_word' id='word_1_132' title='bbox 3227 2890 3290 2951; x_wconf 91' lang='lat' dir='ltr'>in</span> 
     </span>
     <span class='ocr_line' id='line_1_16' title="bbox 577 2977 3290 3058; baseline 0.001 -21"><span class='ocrx_word' id='word_1_133' title='bbox 577 2996 647 3037; x_wconf 91' lang='lat' dir='ltr'>eo</span> <span class='ocrx_word' id='word_1_134' title='bbox 696 2998 887 3052; x_wconf 90' lang='lat' dir='ltr'>eram,</span> <span class='ocrx_word' id='word_1_135' title='bbox 950 2990 1015 3040; x_wconf 92' lang='lat' dir='ltr'>ut</span> <span class='ocrx_word' id='word_1_136' title='bbox 1062 2980 1256 3040; x_wconf 88' lang='lat' dir='ltr'>eidem</span> <span class='ocrx_word' id='word_1_137' title='bbox 1304 2980 1488 3040; x_wconf 88' lang='lat' dir='ltr'>etiam</span> <span class='ocrx_word' id='word_1_138' title='bbox 1536 2980 1760 3041; x_wconf 90' lang='lat' dir='ltr'>Telluri</span> <span class='ocrx_word' id='word_1_139' title='bbox 1811 2984 2036 3041; x_wconf 87' lang='lat' dir='ltr'>motum</span> <span class='ocrx_word' id='word_1_140' title='bbox 2085 2978 2467 3054; x_wconf 67' lang='lat' dir='ltr'>Solareme),</span> <span class='ocrx_word' id='word_1_141' title='bbox 2515 2986 2582 3040; x_wconf 89' lang='lat' dir='ltr'>ut</span> <span class='ocrx_word' id='word_1_142' title='bbox 2631 2977 3002 3058; x_wconf 84' lang='lat' dir='ltr'>Copernicus</span> <span class='ocrx_word' id='word_1_143' title='bbox 3049 2980 3290 3041; x_wconf 90' lang='lat' dir='ltr'>mathe-</span> 
     </span>
     <span class='ocr_line' id='line_1_17' title="bbox 576 3064 3290 3148; baseline 0.001 -23"><span class='ocrx_word' id='word_1_144' title='bbox 576 3066 845 3141; x_wconf 85' lang='lat' dir='ltr'>maticis,</span> <span class='ocrx_word' id='word_1_145' title='bbox 916 3066 1003 3128; x_wconf 90' lang='lat' dir='ltr'>sic</span> <span class='ocrx_word' id='word_1_146' title='bbox 1061 3086 1173 3147; x_wconf 86' lang='lat' dir='ltr'>ego</span> <span class='ocrx_word' id='word_1_147' title='bbox 1238 3064 1530 3148; x_wconf 61' lang='lat' dir='ltr'>physiciS,</span> <span class='ocrx_word' id='word_1_148' title='bbox 1597 3087 1705 3128; x_wconf 83' lang='lat' dir='ltr'>seu</span> <span class='ocrx_word' id='word_1_149' title='bbox 1750 3068 1972 3143; x_wconf 87' lang='lat' dir='ltr'>mavis,</span> <span class='ocrx_word' id='word_1_150' title='bbox 2031 3066 2459 3148; x_wconf 85' lang='lat' dir='ltr'>metaphysicis</span> <span class='ocrx_word' id='word_1_151' title='bbox 2515 3066 2850 3128; x_wconf 86' lang='lat' dir='ltr'>rationibus</span> <span class='ocrx_word' id='word_1_152' title='bbox 2905 3066 3290 3129; x_wconf 86' lang='lat' dir='ltr'>ascriberem.</span> 
     </span>
     <span class='ocr_line' id='line_1_18' title="bbox 576 3142 3295 3247; baseline 0.001 -32"><span class='ocrx_word' id='word_1_153' title='bbox 576 3154 779 3241; x_wconf 86' lang='lat' dir='ltr'>Atqu&#39;e</span> <span class='ocrx_word' id='word_1_154' title='bbox 826 3154 885 3215; x_wconf 89' lang='lat' dir='ltr'>in</span> <span class='ocrx_word' id='word_1_155' title='bbox 933 3156 1086 3218; x_wconf 87' lang='lat' dir='ltr'>hunc</span> <span class='ocrx_word' id='word_1_156' title='bbox 1132 3158 1302 3229; x_wconf 79' lang='lat' dir='ltr'>usum</span> <span class='ocrx_word' id='word_1_157' title='bbox 1348 3152 1569 3247; x_wconf 85' lang='lat' dir='ltr'>partim‘</span> <span class='ocrx_word' id='word_1_158' title='bbox 1618 3176 1692 3217; x_wconf 84' lang='lat' dir='ltr'>ex</span> <span class='ocrx_word' id='word_1_159' title='bbox 1739 3175 1841 3217; x_wconf 92' lang='lat' dir='ltr'>ore</span> <span class='ocrx_word' id='word_1_160' title='bbox 1873 3152 2214 3229; x_wconf 85' lang='lat' dir='ltr'>Maestlini,</span> <span class='ocrx_word' id='word_1_161' title='bbox 2260 3142 2484 3236; x_wconf 71' lang='lat' dir='ltr'>partim</span> <span class='ocrx_word' id='word_1_162' title='bbox 2533 3174 2664 3217; x_wconf 90' lang='lat' dir='ltr'>meo</span> <span class='ocrx_word' id='word_1_163' title='bbox 2694 3156 2926 3227; x_wconf 88' lang='lat' dir='ltr'>Marte,</span> <span class='ocrx_word' id='word_1_164' title='bbox 2974 3174 3121 3237; x_wconf 87' lang='lat' dir='ltr'>quas</span> <span class='ocrx_word' id='word_1_165' title='bbox 3161 3153 3295 3218; x_wconf 89' lang='lat' dir='ltr'><strong>Co·-</strong></span> 
     </span>
     <span class='ocr_line' id='line_1_19' title="bbox 574 3240 3290 3323; baseline 0.001 -20"><span class='ocrx_word' id='word_1_166' title='bbox 574 3242 852 3321; x_wconf 83' lang='lat' dir='ltr'>pernicus</span> <span class='ocrx_word' id='word_1_167' title='bbox 901 3241 958 3304; x_wconf 91' lang='lat' dir='ltr'>in</span> <span class='ocrx_word' id='word_1_168' title='bbox 1008 3245 1260 3306; x_wconf 88' lang='lat' dir='ltr'>mathesi</span> <span class='ocrx_word' id='word_1_169' title='bbox 1310 3264 1454 3323; x_wconf 89' lang='lat' dir='ltr'>prae</span> <span class='ocrx_word' id='word_1_170' title='bbox 1502 3244 1853 3306; x_wconf 75' lang='lat' dir='ltr'>Ptolemaeo</span> <span class='ocrx_word' id='word_1_171' title='bbox 1901 3240 2088 3307; x_wconf 83' lang='lat' dir='ltr'>habet</span> <span class='ocrx_word' id='word_1_172' title='bbox 2134 3246 2623 3320; x_wconf 75' lang='lat' dir='ltr'>commoditateS,</span> <span class='ocrx_word' id='word_1_173' title='bbox 2689 3245 2984 3323; x_wconf 85' lang='lat' dir='ltr'>paulatim</span> <span class='ocrx_word' id='word_1_174' title='bbox 3032 3245 3290 3323; x_wconf 86' lang='lat' dir='ltr'>collegi:</span> 
     </span>
     <span class='ocr_line' id='line_1_20' title="bbox 575 3330 3296 3414; baseline 0.001 -23"><span class='ocrx_word' id='word_1_175' title='bbox 575 3348 689 3410; x_wconf 84' lang='lat' dir='ltr'>quo</span> <span class='ocrx_word' id='word_1_176' title='bbox 745 3332 953 3394; x_wconf 89' lang='lat' dir='ltr'>labore</span> <span class='ocrx_word' id='word_1_177' title='bbox 1022 3352 1115 3395; x_wconf 90' lang='lat' dir='ltr'>me</span> <span class='ocrx_word' id='word_1_178' title='bbox 1176 3332 1352 3395; x_wconf 87' lang='lat' dir='ltr'>facile</span> <span class='ocrx_word' id='word_1_179' title='bbox 1416 3332 1670 3395; x_wconf 85' lang='lat' dir='ltr'>liberare</span> <span class='ocrx_word' id='word_1_180' title='bbox 1726 3334 2030 3413; x_wconf 89' lang='lat' dir='ltr'>potuisset</span> <span class='ocrx_word' id='word_1_181' title='bbox 2090 3330 2439 3395; x_wconf 72' lang='lat' dir='ltr'>Joac&#39;himus</span> <span class='ocrx_word' id='word_1_182' title='bbox 2495 3333 2820 3408; x_wconf 88' lang='lat' dir='ltr'>Rheticus,</span> <span class='ocrx_word' id='word_1_183' title='bbox 2890 3332 2990 3414; x_wconf 88' lang='lat' dir='ltr'>qui</span> <span class='ocrx_word' id='word_1_184' title='bbox 3056 3334 3296 3411; x_wconf 87' lang='lat' dir='ltr'>singula</span> 
     </span>
     <span class='ocr_line' id='line_1_21' title="bbox 570 3420 3292 3503; baseline 0.001 -23"><span class='ocrx_word' id='word_1_185' title='bbox 570 3420 833 3482; x_wconf 89' lang='lat' dir='ltr'>breviter</span> <span class='ocrx_word' id='word_1_186' title='bbox 898 3429 961 3482; x_wconf 92' lang='lat' dir='ltr'>et</span> <span class='ocrx_word' id='word_1_187' title='bbox 1012 3423 1327 3503; x_wconf 86' lang='lat' dir='ltr'>perspicue</span> <span class='ocrx_word' id='word_1_188' title='bbox 1387 3422 1584 3501; x_wconf 90' lang='lat' dir='ltr'>prima</span> <span class='ocrx_word' id='word_1_189' title='bbox 1639 3442 1751 3484; x_wconf 88' lang='lat' dir='ltr'>sua</span> <span class='ocrx_word' id='word_1_190' title='bbox 1796 3420 2159 3484; x_wconf 87' lang='lat' dir='ltr'>Narratione</span> <span class='ocrx_word' id='word_1_191' title='bbox 2218 3431 2573 3501; x_wconf 87' lang='lat' dir='ltr'>persecutus</span> <span class='ocrx_word' id='word_1_192' title='bbox 2635 3431 2750 3484; x_wconf 88' lang='lat' dir='ltr'>est.</span> <span class='ocrx_word' id='word_1_193' title='bbox 2849 3423 3092 3485; x_wconf 86' lang='lat' dir='ltr'>Interea</span> <span class='ocrx_word' id='word_1_194' title='bbox 3143 3422 3292 3485; x_wconf 82' lang='lat' dir='ltr'>dum</span> 
     </span>
     <span class='ocr_line' id='line_1_22' title="bbox 568 3508 3291 3591; baseline 0.001 -23"><span class='ocrx_word' id='word_1_195' title='bbox 568 3508 716 3570; x_wconf 91' lang='lat' dir='ltr'>illud</span> <span class='ocrx_word' id='word_1_196' title='bbox 746 3529 957 3572; x_wconf 87' lang='lat' dir='ltr'>saxum</span> <span class='ocrx_word' id='word_1_197' title='bbox 986 3511 1182 3585; x_wconf 88' lang='lat' dir='ltr'>volvo,</span> <span class='ocrx_word' id='word_1_198' title='bbox 1215 3512 1321 3573; x_wconf 90' lang='lat' dir='ltr'>sed</span> <span class='ocrx_word' id='word_1_199' title='bbox 1352 3534 1682 3591; x_wconf 73' lang='grc' dir='ltr'><strong><em>παρεργως,</em></strong></span> <span class='ocrx_word' id='word_1_200' title='bbox 1711 3530 1887 3573; x_wconf 87' lang='lat' dir='ltr'>secus</span> <span class='ocrx_word' id='word_1_201' title='bbox 1915 3510 2314 3590; x_wconf 88' lang='lat' dir='ltr'>theologiam:</span> <span class='ocrx_word' id='word_1_202' title='bbox 2365 3511 2672 3573; x_wconf 88' lang='lat' dir='ltr'>commode</span> <span class='ocrx_word' id='word_1_203' title='bbox 2707 3510 2953 3585; x_wconf 88' lang='lat' dir='ltr'>accidit,</span> <span class='ocrx_word' id='word_1_204' title='bbox 2985 3518 3058 3572; x_wconf 90' lang='lat' dir='ltr'>ut</span> <span class='ocrx_word' id='word_1_205' title='bbox 3083 3508 3291 3572; x_wconf 87' lang='lat' dir='ltr'>Grae-</span> 
     </span>
     <span class='ocr_line' id='line_1_23' title="bbox 572 3594 3295 3680; baseline 0.001 -21"><span class='ocrx_word' id='word_1_206' title='bbox 572 3596 720 3659; x_wconf 88' lang='lat' dir='ltr'>tium</span> <span class='ocrx_word' id='word_1_207' title='bbox 776 3599 1071 3673; x_wconf 84' lang='lat' dir='ltr'>venirem,</span> <span class='ocrx_word' id='word_1_208' title='bbox 1141 3608 1323 3680; x_wconf 87' lang='lat' dir='ltr'>atque</span> <span class='ocrx_word' id='word_1_209' title='bbox 1382 3600 1463 3662; x_wconf 90' lang='lat' dir='ltr'>ibi</span> <span class='ocrx_word' id='word_1_210' title='bbox 1512 3598 1778 3679; x_wconf 89' lang='lat' dir='ltr'>Georgio</span> <span class='ocrx_word' id='word_1_211' title='bbox 1829 3599 2044 3662; x_wconf 91' lang='lat' dir='ltr'>Stadio</span> <span class='ocrx_word' id='word_1_212' title='bbox 2090 3619 2151 3680; x_wconf 93' lang='lat' dir='ltr'>p.</span> <span class='ocrx_word' id='word_1_213' title='bbox 2197 3618 2277 3661; x_wconf 90' lang='lat' dir='ltr'>m.</span> <span class='ocrx_word' id='word_1_214' title='bbox 2306 3594 2393 3675; x_wconf 78' lang='lat'>²⁹)</span> <span class='ocrx_word' id='word_1_215' title='bbox 2453 3599 2866 3662; x_wconf 88' lang='lat' dir='ltr'>succederem:</span> <span class='ocrx_word' id='word_1_216' title='bbox 2951 3598 3050 3661; x_wconf 93' lang='lat' dir='ltr'>ubi</span> <span class='ocrx_word' id='word_1_217' title='bbox 3110 3598 3295 3661; x_wconf 85' lang='lat' dir='ltr'>officii</span> 
     </span>
     <span class='ocr_line' id='line_1_24' title="bbox 575 3682 3294 3768; baseline 0.001 -22"><span class='ocrx_word' id='word_1_218' title='bbox 575 3686 733 3747; x_wconf 89' lang='lat' dir='ltr'>ratio</span> <span class='ocrx_word' id='word_1_219' title='bbox 796 3682 895 3749; x_wconf 72' lang='lat' dir='ltr'>&#39;me</span> <span class='ocrx_word' id='word_1_220' title='bbox 963 3688 1189 3751; x_wconf 88' lang='lat' dir='ltr'>arctius</span> <span class='ocrx_word' id='word_1_221' title='bbox 1248 3688 1339 3750; x_wconf 90' lang='lat' dir='ltr'>his</span> <span class='ocrx_word' id='word_1_222' title='bbox 1406 3689 1625 3751; x_wconf 84' lang='lat' dir='ltr'>studiis</span> <span class='ocrx_word' id='word_1_223' title='bbox 1689 3688 2032 3751; x_wconf 86' lang='lat' dir='ltr'>obstrinxit.</span> <span class='ocrx_word' id='word_1_224' title='bbox 2132 3687 2224 3749; x_wconf 91' lang='lat' dir='ltr'>Ibi</span> <span class='ocrx_word' id='word_1_225' title='bbox 2289 3690 2349 3751; x_wconf 92' lang='lat' dir='ltr'>in</span> <span class='ocrx_word' id='word_1_226' title='bbox 2405 3688 2803 3768; x_wconf 87' lang='lat' dir='ltr'>explicatione</span> <span class='ocrx_word' id='word_1_227' title='bbox 2867 3687 3294 3767; x_wconf 88' lang='lat' dir='ltr'>principiorum</span> 
     </span>
     <span class='ocr_line' id='line_1_25' title="bbox 554 3775 3294 3858; baseline 0.001 -23"><span class='ocrx_word' id='word_1_228' title='bbox 554 3778 977 3839; x_wconf 87' lang='lat' dir='ltr'>-astronomiae</span> <span class='ocrx_word' id='word_1_229' title='bbox 1027 3796 1243 3857; x_wconf 87' lang='lat' dir='ltr'>magno</span> <span class='ocrx_word' id='word_1_230' title='bbox 1292 3777 1433 3838; x_wconf 90' lang='lat' dir='ltr'>mihi</span> <span class='ocrx_word' id='word_1_231' title='bbox 1482 3776 1611 3838; x_wconf 91' lang='lat' dir='ltr'>usui</span> <span class='ocrx_word' id='word_1_232' title='bbox 1660 3776 1902 3839; x_wconf 90' lang='lat' dir='ltr'>fuerunt</span> <span class='ocrx_word' id='word_1_233' title='bbox 1947 3775 2148 3839; x_wconf 88' lang='lat' dir='ltr'>omnia</span> <span class='ocrx_word' id='word_1_234' title='bbox 2193 3775 2329 3851; x_wconf 87' lang='lat' dir='ltr'>illa,</span> <span class='ocrx_word' id='word_1_235' title='bbox 2387 3796 2539 3858; x_wconf 89' lang='lat' dir='ltr'>quae</span> <span class='ocrx_word' id='word_1_236' title='bbox 2594 3785 2776 3838; x_wconf 88' lang='lat' dir='ltr'>antea</span> <span class='ocrx_word' id='word_1_237' title='bbox 2820 3778 2917 3837; x_wconf 88' lang='lat' dir='ltr'>vel</span> <span class='ocrx_word' id='word_1_238' title='bbox 2967 3797 3004 3837; x_wconf 91' lang='lat' dir='ltr'>a</span> <span class='ocrx_word' id='word_1_239' title='bbox 3049 3776 3294 3837; x_wconf 86' lang='lat' dir='ltr'>Maest-</span> 
     </span>
     <span class='ocr_line' id='line_1_26' title="bbox 573 3863 3296 3946; baseline 0 -22"><span class='ocrx_word' id='word_1_240' title='bbox 573 3863 693 3924; x_wconf 91' lang='lat' dir='ltr'>lino</span> <span class='ocrx_word' id='word_1_241' title='bbox 742 3866 1118 3940; x_wconf 87' lang='lat' dir='ltr'>audiveram,</span> <span class='ocrx_word' id='word_1_242' title='bbox 1172 3867 1265 3927; x_wconf 87' lang='lat' dir='ltr'>vel</span> <span class='ocrx_word' id='word_1_243' title='bbox 1296 3866 1427 3944; x_wconf 88' lang='lat' dir='ltr'>ipse</span> <span class='ocrx_word' id='word_1_244' title='bbox 1478 3865 1925 3929; x_wconf 85' lang='lat' dir='ltr'>affectaveram.</span> <span class='ocrx_word' id='word_1_245' title='bbox 2025 3864 2224 3945; x_wconf 90' lang='lat' dir='ltr'>Atque</span> <span class='ocrx_word' id='word_1_246' title='bbox 2253 3865 2406 3928; x_wconf 89' lang='lat' dir='ltr'>utin</span> <span class='ocrx_word' id='word_1_247' title='bbox 2437 3866 2698 3946; x_wconf 83' lang='lat' dir='ltr'>Virgilio</span> <span class='ocrx_word' id='word_1_248' title='bbox 2749 3866 2908 3927; x_wconf 85' lang='lat' dir='ltr'>fama</span> <span class='ocrx_word' id='word_1_249' title='bbox 2948 3864 3296 3926; x_wconf 87' lang='lat' dir='ltr'>mobilitate</span> 
     </span>
     <span class='ocr_line' id='line_1_27' title="bbox 570 3952 3290 4035; baseline 0.002 -25"><span class='ocrx_word' id='word_1_250' title='bbox 570 3952 738 4029; x_wconf 82' lang='lat' dir='ltr'>viget</span> <span class='ocrx_word' id='word_1_251' title='bbox 784 3954 1059 4035; x_wconf 89' lang='lat' dir='ltr'>viresque</span> <span class='ocrx_word' id='word_1_252' title='bbox 1107 3955 1362 4035; x_wconf 88' lang='lat' dir='ltr'>acquirit</span> <span class='ocrx_word' id='word_1_253' title='bbox 1408 3954 1636 4016; x_wconf 90' lang='lat' dir='ltr'>eundo:</span> <span class='ocrx_word' id='word_1_254' title='bbox 1698 3952 1785 4015; x_wconf 87' lang='lat' dir='ltr'>sic</span> <span class='ocrx_word' id='word_1_255' title='bbox 1834 3955 1981 4016; x_wconf 87' lang='lat' dir='ltr'>mihi</span> <span class='ocrx_word' id='word_1_256' title='bbox 2028 3955 2238 4016; x_wconf 85' lang='lat' dir='ltr'>harum</span> <span class='ocrx_word' id='word_1_257' title='bbox 2285 3973 2482 4017; x_wconf 88' lang='lat' dir='ltr'>rerum</span> <span class='ocrx_word' id='word_1_258' title='bbox 2529 3954 2786 4033; x_wconf 86' lang='lat' dir='ltr'>diligens</span> <span class='ocrx_word' id='word_1_259' title='bbox 2835 3953 3128 4035; x_wconf 84' lang='lat' dir='ltr'>cogitatio</span> <span class='ocrx_word' id='word_1_260' title='bbox 3177 3972 3290 4015; x_wconf 91' lang='lat' dir='ltr'>co-</span> 
     </span>
     <span class='ocr_line' id='line_1_28' title="bbox 571 4040 3296 4126; baseline 0 -24"><span class='ocrx_word' id='word_1_261' title='bbox 571 4041 885 4121; x_wconf 85' lang='lat' dir='ltr'>gitationis</span> <span class='ocrx_word' id='word_1_262' title='bbox 955 4044 1259 4105; x_wconf 86' lang='lat' dir='ltr'>ulterioris</span> <span class='ocrx_word' id='word_1_263' title='bbox 1326 4063 1513 4105; x_wconf 87' lang='lat' dir='ltr'>causa</span> <span class='ocrx_word' id='word_1_264' title='bbox 1570 4042 1703 4104; x_wconf 86' lang='lat' dir='ltr'>fuit.</span> <span class='ocrx_word' id='word_1_265' title='bbox 1815 4044 2024 4105; x_wconf 88' lang='lat' dir='ltr'>Donec</span> <span class='ocrx_word' id='word_1_266' title='bbox 2096 4043 2345 4106; x_wconf 87' lang='lat' dir='ltr'>tandem</span> <span class='ocrx_word' id='word_1_267' title='bbox 2404 4063 2558 4126; x_wconf 80' lang='lat' dir='ltr'>anno</span> <span class='ocrx_word' id='word_1_268' title='bbox 2631 4040 2826 4117; x_wconf 83' lang='lat'>1595,</span> <span class='ocrx_word' id='word_1_269' title='bbox 2897 4060 3027 4105; x_wconf 84' lang='lat' dir='ltr'>cum</span> <span class='ocrx_word' id='word_1_270' title='bbox 3103 4042 3296 4104; x_wconf 85' lang='lat' dir='ltr'>otium</span> 
     </span>
     <span class='ocr_line' id='line_1_29' title="bbox 573 4130 3294 4212; baseline 0.001 -21"><span class='ocrx_word' id='word_1_271' title='bbox 573 4152 611 4191; x_wconf 90' lang='lat' dir='ltr'>a</span> <span class='ocrx_word' id='word_1_272' title='bbox 650 4131 1007 4194; x_wconf 90' lang='lat' dir='ltr'>lectionibus</span> <span class='ocrx_word' id='word_1_273' title='bbox 1053 4151 1329 4211; x_wconf 90' lang='lat' dir='ltr'>cuperem</span> <span class='ocrx_word' id='word_1_274' title='bbox 1378 4133 1527 4193; x_wconf 91' lang='lat' dir='ltr'>bene</span> <span class='ocrx_word' id='word_1_275' title='bbox 1576 4138 1641 4193; x_wconf 86' lang='lat' dir='ltr'>et</span> <span class='ocrx_word' id='word_1_276' title='bbox 1686 4151 1761 4193; x_wconf 84' lang='lat' dir='ltr'>ex</span> <span class='ocrx_word' id='word_1_277' title='bbox 1809 4132 1987 4195; x_wconf 85' lang='lat' dir='ltr'>officii</span> <span class='ocrx_word' id='word_1_278' title='bbox 2035 4132 2268 4193; x_wconf 87' lang='lat' dir='ltr'>ratione</span> <span class='ocrx_word' id='word_1_279' title='bbox 2318 4131 2696 4212; x_wconf 85' lang='lat' dir='ltr'>transigere,</span> <span class='ocrx_word' id='word_1_280' title='bbox 2755 4139 2885 4194; x_wconf 91' lang='lat' dir='ltr'>toto</span> <span class='ocrx_word' id='word_1_281' title='bbox 2945 4130 3125 4193; x_wconf 89' lang='lat' dir='ltr'>animi</span> <span class='ocrx_word' id='word_1_282' title='bbox 3172 4131 3294 4193; x_wconf 90' lang='lat' dir='ltr'>im-</span> 
     </span>
     <span class='ocr_line' id='line_1_30' title="bbox 572 4220 1693 4299; baseline 0.002 -19"><span class='ocrx_word' id='word_1_283' title='bbox 572 4226 717 4299; x_wconf 90' lang='lat' dir='ltr'>petu</span> <span class='ocrx_word' id='word_1_284' title='bbox 767 4220 823 4281; x_wconf 90' lang='lat' dir='ltr'>in</span> <span class='ocrx_word' id='word_1_285' title='bbox 873 4221 1026 4283; x_wconf 88' lang='lat' dir='ltr'>hanc</span> <span class='ocrx_word' id='word_1_286' title='bbox 1073 4222 1387 4283; x_wconf 88' lang='lat' dir='ltr'>materiam</span> <span class='ocrx_word' id='word_1_287' title='bbox 1437 4220 1693 4282; x_wconf 90' lang='lat' dir='ltr'>incubui.</span> 
     </span>
    </p>

    <p class='ocr_par' dir='ltr' id='par_1_5' title="bbox 574 4306 3299 5015">
     <span class='ocr_line' id='line_1_31' title="bbox 750 4306 3292 4388; baseline -0.001 -18"><span class='ocrx_word' id='word_1_288' title='bbox 750 4310 831 4370; x_wconf 87' lang='lat' dir='ltr'>Et</span> <span class='ocrx_word' id='word_1_289' title='bbox 870 4310 989 4371; x_wconf 89' lang='lat' dir='ltr'>tria</span> <span class='ocrx_word' id='word_1_290' title='bbox 1015 4310 1391 4387; x_wconf 88' lang='lat' dir='ltr'>potissimum</span> <span class='ocrx_word' id='word_1_291' title='bbox 1425 4315 1630 4382; x_wconf 86' lang='lat' dir='ltr'>erant,</span> <span class='ocrx_word' id='word_1_292' title='bbox 1680 4326 1928 4388; x_wconf 89' lang='lat' dir='ltr'>quorum</span> <span class='ocrx_word' id='word_1_293' title='bbox 1957 4326 2069 4388; x_wconf 84' lang='lat' dir='ltr'>ego</span> <span class='ocrx_word' id='word_1_294' title='bbox 2099 4327 2345 4383; x_wconf 89' lang='lat' dir='ltr'>causas,</span> <span class='ocrx_word' id='word_1_295' title='bbox 2396 4327 2500 4370; x_wconf 88' lang='lat' dir='ltr'>cur</span> <span class='ocrx_word' id='word_1_296' title='bbox 2533 4308 2646 4383; x_wconf 89' lang='lat' dir='ltr'>ita,</span> <span class='ocrx_word' id='word_1_297' title='bbox 2699 4326 2812 4368; x_wconf 90' lang='lat' dir='ltr'>non</span> <span class='ocrx_word' id='word_1_298' title='bbox 2845 4306 3026 4369; x_wconf 86' lang='lat' dir='ltr'>aliter</span> <span class='ocrx_word' id='word_1_299' title='bbox 3062 4316 3292 4382; x_wconf 85' lang='lat' dir='ltr'>essent,</span> 
     </span>
     <span class='ocr_line' id='line_1_32' title="bbox 574 4392 3297 4478; baseline 0 -21"><span class='ocrx_word' id='word_1_300' title='bbox 574 4396 966 4474; x_wconf 88' lang='lat' dir='ltr'>pertinaciter</span> <span class='ocrx_word' id='word_1_301' title='bbox 1012 4399 1400 4478; x_wconf 84' lang='lat' dir='ltr'>quaerebam,</span> <span class='ocrx_word' id='word_1_302' title='bbox 1470 4416 1831 4469; x_wconf 76' lang='lat' dir='ltr'>numeruS,</span> <span class='ocrx_word' id='word_1_303' title='bbox 1879 4398 2278 4476; x_wconf 86' lang='lat' dir='ltr'>quantitas</span> <span class='ocrx_word' id='word_1_304' title='bbox 2329 4405 2393 4458; x_wconf 92' lang='lat' dir='ltr'>et</span> <span class='ocrx_word' id='word_1_305' title='bbox 2439 4402 2676 4459; x_wconf 79' lang='lat' dir='ltr'>m&#39;otus</span> <span class='ocrx_word' id='word_1_306' title='bbox 2726 4396 2972 4459; x_wconf 87' lang='lat' dir='ltr'>orbium.</span> <span class='ocrx_word' id='word_1_307' title='bbox 3059 4397 3144 4458; x_wconf 91' lang='lat' dir='ltr'>Ut</span> <span class='ocrx_word' id='word_1_308' title='bbox 3179 4392 3297 4458; x_wconf 76' lang='lat' dir='ltr'>h&#39;oc</span> 
     </span>
     <span class='ocr_line' id='line_1_33' title="bbox 576 4484 3298 4566; baseline 0.001 -21"><span class='ocrx_word' id='word_1_309' title='bbox 576 4485 858 4548; x_wconf 86' lang='lat' dir='ltr'>auderem</span> <span class='ocrx_word' id='word_1_310' title='bbox 930 4487 1130 4550; x_wconf 82' lang='lat' dir='ltr'>effecit</span> <span class='ocrx_word' id='word_1_311' title='bbox 1202 4488 1308 4548; x_wconf 91' lang='lat' dir='ltr'>illa</span> <span class='ocrx_word' id='word_1_312' title='bbox 1379 4486 1630 4565; x_wconf 88' lang='lat' dir='ltr'>pulchra</span> <span class='ocrx_word' id='word_1_313' title='bbox 1702 4485 2137 4566; x_wconf 89' lang='lat' dir='ltr'>quiescentium</span> <span class='ocrx_word' id='word_1_314' title='bbox 2209 4485 2546 4561; x_wconf 86' lang='lat' dir='ltr'>harmonia,</span> <span class='ocrx_word' id='word_1_315' title='bbox 2635 4484 2826 4561; x_wconf 85' lang='lat' dir='ltr'>Solis,</span> <span class='ocrx_word' id='word_1_316' title='bbox 2909 4486 3158 4547; x_wconf 86' lang='lat' dir='ltr'>fixarum</span> <span class='ocrx_word' id='word_1_317' title='bbox 3234 4494 3298 4547; x_wconf 88' lang='lat' dir='ltr'>et</span> 
     </span>
     <span class='ocr_line' id='line_1_34' title="bbox 577 4572 3295 4656; baseline 0.001 -24"><span class='ocrx_word' id='word_1_318' title='bbox 577 4572 911 4636; x_wconf 88' lang='lat' dir='ltr'>intermedii</span> <span class='ocrx_word' id='word_1_319' title='bbox 999 4596 1129 4637; x_wconf 90' lang='lat' dir='ltr'>cum</span> <span class='ocrx_word' id='word_1_320' title='bbox 1206 4576 1335 4636; x_wconf 91' lang='lat' dir='ltr'>Deo</span> <span class='ocrx_word' id='word_1_321' title='bbox 1412 4576 1632 4649; x_wconf 87' lang='lat' dir='ltr'>Patre,</span> <span class='ocrx_word' id='word_1_322' title='bbox 1724 4582 1787 4635; x_wconf 91' lang='lat' dir='ltr'>et</span> <span class='ocrx_word' id='word_1_323' title='bbox 1869 4574 2022 4635; x_wconf 86' lang='lat' dir='ltr'>Filio</span> <span class='ocrx_word' id='word_1_324' title='bbox 2107 4582 2168 4635; x_wconf 87' lang='lat' dir='ltr'>et</span> <span class='ocrx_word' id='word_1_325' title='bbox 2243 4574 2307 4636; x_wconf 91' lang='lat' dir='ltr'>S.</span> <span class='ocrx_word' id='word_1_326' title='bbox 2387 4575 2655 4656; x_wconf 85' lang='lat' dir='ltr'>Spiritu:</span> <span class='ocrx_word' id='word_1_327' title='bbox 2751 4593 2926 4654; x_wconf 88' lang='lat' dir='ltr'>quam</span> <span class='ocrx_word' id='word_1_328' title='bbox 3009 4572 3295 4636; x_wconf 86' lang='lat' dir='ltr'>similitu-</span> 
     </span>
     <span class='ocr_line' id='line_1_35' title="bbox 578 4661 3294 4743; baseline 0.001 -21"><span class='ocrx_word' id='word_1_329' title='bbox 578 4661 773 4723; x_wconf 90' lang='lat' dir='ltr'>dinem</span> <span class='ocrx_word' id='word_1_330' title='bbox 846 4683 959 4743; x_wconf 84' lang='lat' dir='ltr'>ego</span> <span class='ocrx_word' id='word_1_331' title='bbox 1036 4663 1091 4725; x_wconf 90' lang='lat' dir='ltr'>in</span> <span class='ocrx_word' id='word_1_332' title='bbox 1160 4662 1620 4742; x_wconf 87' lang='lat' dir='ltr'>cosmographia</span> <span class='ocrx_word' id='word_1_333' title='bbox 1691 4682 2023 4743; x_wconf 89' lang='lat' dir='ltr'>persequar</span> <span class='ocrx_word' id='word_1_334' title='bbox 2099 4665 2375 4742; x_wconf 89' lang='lat' dir='ltr'>amplius.</span> <span class='ocrx_word' id='word_1_335' title='bbox 2399 4662 2453 4739; x_wconf 63' lang='grc' dir='ltr'>(Ι)</span> <span class='ocrx_word' id='word_1_336' title='bbox 2547 4663 2699 4727; x_wconf 89' lang='lat' dir='ltr'>Cum</span> <span class='ocrx_word' id='word_1_337' title='bbox 2773 4663 2954 4743; x_wconf 89' lang='lat' dir='ltr'>igitur</span> <span class='ocrx_word' id='word_1_338' title='bbox 3020 4662 3106 4725; x_wconf 90' lang='lat' dir='ltr'>ita</span> <span class='ocrx_word' id='word_1_339' title='bbox 3179 4663 3294 4725; x_wconf 85' lang='lat' dir='ltr'>ha-</span> 
     </span>
     <span class='ocr_line' id='line_1_36' title="bbox 576 4750 3294 4835; baseline 0 -23"><span class='ocrx_word' id='word_1_340' title='bbox 576 4752 791 4812; x_wconf 84' lang='lat' dir='ltr'>berent</span> <span class='ocrx_word' id='word_1_341' title='bbox 837 4752 1235 4831; x_wconf 88' lang='lat' dir='ltr'>quiescentia,</span> <span class='ocrx_word' id='word_1_342' title='bbox 1306 4772 1420 4814; x_wconf 90' lang='lat' dir='ltr'>non</span> <span class='ocrx_word' id='word_1_343' title='bbox 1480 4750 1830 4814; x_wconf 87' lang='lat' dir='ltr'>dubitabam</span> <span class='ocrx_word' id='word_1_344' title='bbox 1887 4752 1960 4815; x_wconf 92' lang='lat' dir='ltr'>de</span> <span class='ocrx_word' id='word_1_345' title='bbox 2019 4752 2367 4828; x_wconf 88' lang='lat' dir='ltr'>mobilibus,</span> <span class='ocrx_word' id='word_1_346' title='bbox 2440 4753 2578 4835; x_wconf 90' lang='lat' dir='ltr'>quin</span> <span class='ocrx_word' id='word_1_347' title='bbox 2631 4770 2696 4814; x_wconf 89' lang='lat' dir='ltr'>se</span> <span class='ocrx_word' id='word_1_348' title='bbox 2751 4752 3102 4835; x_wconf 86' lang='lat' dir='ltr'>praebitura</span> <span class='ocrx_word' id='word_1_349' title='bbox 3147 4752 3294 4814; x_wconf 87' lang='lat' dir='ltr'>sint.</span> 
     </span>
     <span class='ocr_line' id='line_1_37' title="bbox 577 4838 3299 4921; baseline 0 -21"><span class='ocrx_word' id='word_1_350' title='bbox 577 4838 759 4900; x_wconf 87' lang='lat' dir='ltr'>Initio</span> <span class='ocrx_word' id='word_1_351' title='bbox 805 4859 929 4902; x_wconf 90' lang='lat' dir='ltr'>rem</span> <span class='ocrx_word' id='word_1_352' title='bbox 976 4843 1237 4904; x_wconf 87' lang='lat' dir='ltr'>numeris</span> <span class='ocrx_word' id='word_1_353' title='bbox 1284 4860 1611 4921; x_wconf 86' lang='lat' dir='ltr'>aggressus</span> <span class='ocrx_word' id='word_1_354' title='bbox 1660 4861 1822 4915; x_wconf 89' lang='lat' dir='ltr'>sum,</span> <span class='ocrx_word' id='word_1_355' title='bbox 1889 4849 1953 4902; x_wconf 89' lang='lat' dir='ltr'>et</span> <span class='ocrx_word' id='word_1_356' title='bbox 2007 4839 2422 4921; x_wconf 67' lang='lat' dir='ltr'>consideravi,</span> <span class='ocrx_word' id='word_1_357' title='bbox 2477 4850 2676 4905; x_wconf 89' lang='lat' dir='ltr'>utrum</span> <span class='ocrx_word' id='word_1_358' title='bbox 2733 4860 2885 4902; x_wconf 84' lang='lat' dir='ltr'>unus</span> <span class='ocrx_word' id='word_1_359' title='bbox 2931 4840 3094 4901; x_wconf 87' lang='lat' dir='ltr'>orbis</span> <span class='ocrx_word' id='word_1_360' title='bbox 3139 4840 3299 4902; x_wconf 84' lang='lat' dir='ltr'>alius</span> 
     </span>
     <span class='ocr_line' id='line_1_38' title="bbox 580 4927 3298 5015; baseline 0 -24"><span class='ocrx_word' id='word_1_361' title='bbox 580 4927 858 5008; x_wconf 89' lang='lat' dir='ltr'>duplum,</span> <span class='ocrx_word' id='word_1_362' title='bbox 928 4928 1205 5008; x_wconf 88' lang='lat' dir='ltr'>triplum,</span> <span class='ocrx_word' id='word_1_363' title='bbox 1248 4988 1257 4999; x_wconf 77' lang='grc'>,</span> <span class='ocrx_word' id='word_1_364' title='bbox 1297 4930 1726 5012; x_wconf 88' lang='lat' dir='ltr'>quadruplum,</span> <span class='ocrx_word' id='word_1_365' title='bbox 1803 4937 1910 4991; x_wconf 90' lang='lat' dir='ltr'>aut</span> <span class='ocrx_word' id='word_1_366' title='bbox 1983 4930 2122 5010; x_wconf 86' lang='lat' dir='ltr'>quid</span> <span class='ocrx_word' id='word_1_367' title='bbox 2198 4930 2445 4994; x_wconf 86' lang='lat' dir='ltr'>tandem</span> <span class='ocrx_word' id='word_1_368' title='bbox 2515 4931 2807 4993; x_wconf 81' lang='lat' dir='ltr'>baberet:</span> <span class='ocrx_word' id='word_1_369' title='bbox 2893 4936 3298 5015; x_wconf 86' lang='lat' dir='ltr'>quantumque</span> 
     </span>
    </p>
   </div>
  </div>
 </body>
</html>
