3634 5575
639 367 776 438 420
1747 369 1831 422 ne
1866 371 2223 424 Fundamenta·
2280 349 2287 356 ’

640 529 850 610 Vulgo
895 547 1040 592 vero
1087 527 1244 608 quod
1290 527 1442 590 haec
1487 537 1915 608 proponuntur,
1970 529 2029 590 in
2076 549 2191 612 quo
2238 531 2429 594 minor
2474 549 2617 610 spes
2662 531 2933 594 fructus:
2978 530 3041 594 id
3084 530 3139 594 si
3184 531 3343 614 quis-

641 619 806 699 piam
849 616 1269 698 reprehendit,
1335 636 1468 679 eum
1536 618 1716 680 velim
1763 619 2161 699 perpendere,
2230 619 2387 700 quod
2448 619 2571 682 alia
2616 619 2720 682 via
2778 621 2859 682 ad
2903 619 3177 683 literatos
3220 620 3346 682 hinc

645 706 786 768 inde
831 707 1154 769 latitantes
1199 723 1314 768 non
1361 706 1800 785 perveniamus,
1852 707 1971 770 uisi
2014 708 2118 769 via
2162 708 2422 786 publica.
2514 707 2714 794 Adde,
2768 710 2928 790 quod
2964 708 3061 770 hic
3105 709 3261 772 idem
3292 709 3347 770 in

643 795 912 858 curanda
957 793 1123 874 vulgi
1169 793 1518 857 curiositate
1565 796 1877 857 observari
1922 803 2155 876 potest,
2223 796 2381 877 quod
2427 797 2490 859 in
2536 799 2721 877 aegro
2769 817 2808 858 a
2852 797 3099 860 medicis
3146 799 3346 860 obser-

643 891 840 960 vatur,
887 891 956 945 ut
1002 883 1356 946 inordinatis
1405 893 1469 945 et
1511 883 1865 963 perniciosis
1902 883 2067 964 vulgi
2114 885 2430 947 desideriis
2479 886 2825 958 abutamur,
2874 887 2952 948 ad
2997 886 3345 966 ingerendas

599 981 618 990 ‘
643 974 784 1045 (ceu
829 972 1268 1034 medicamenta
1315 971 1548 1054 aliqua)
1615 974 2112 1044 commonitiones
2179 973 2507 1054 ejusmodi,
2576 974 2775 1055 specie
2838 975 3345 1057 prognosticorum

641 1062 915 1131 velatas,
979 1080 1130 1142 quae
1187 1061 1266 1122 ad
1313 1060 1468 1124 hunc
1513 1061 1696 1124 animi
1743 1063 2015 1126 morbum
2060 1061 2389 1126 tollendum
2438 1063 2699 1136 faciunt,
2766 1083 3036 1145 quaeque
3092 1065 3217 1127 alia
3257 1065 3349 1124 via

643 1150 918 1230 ingerere
965 1149 1070 1212 vix
1114 1169 1449 1229 possemus,
1545 1147 2069 1220 Quemadmodum
2131 1151 2316 1230 igitur
2376 1171 2492 1214 non
2550 1152 2686 1216 ideo
2734 1172 2867 1215 cum
2914 1171 3097 1233 aegro
3144 1153 3351 1217 delirat

639 1239 926 1313 medicus,
977 1239 1135 1318 quod
1181 1238 1492 1318 ingerendi
1539 1238 1965 1304 medicamenti
2011 1257 2201 1302 causa
2246 1239 2529 1302 deliranti
2576 1259 2759 1322 aegro
2806 1241 3009 1304 verbis
3056 1249 3121 1303 et
3160 1243 3347 1322 specie

641 1325 927 1390 simulata
990 1327 1400 1389 obsecundat:
1467 1327 1558 1390 ita
1623 1337 1687 1389 et
1745 1330 1821 1392 de
1886 1349 1981 1391 me
2046 1348 2223 1409 spero
2288 1338 2453 1392 recte
2522 1329 2854 1392 sentientes
2917 1330 3071 1393 nihil
3128 1331 3347 1394 sinistri

637 1415 1084 1496 suspicaturos,
1148 1416 1330 1495 quod'
1371 1417 1596 1496 optimo
1655 1417 1853 1480 animo
1912 1437 2047 1480 cum
2098 1419 2279 1498 vulgo
2336 1438 2535 1481 rerum
2580 1419 2913 1482 futurarum
2958 1427 3025 1481 et
3068 1438 3345 1483 novarum

643 1504 858 1584 cupido
921 1504 1158 1583 publice
1207 1505 1306 1574 de,
1330 1505 1545 1568 futuris
1592 1507 1823 1586 loquor.
1908 1507 2123 1587 Iniqua
2158 1507 2408 1586 judicia,
2460 1526 2613 1588 quae
2659 1507 2885 1570 nullum
2934 1509 3032 1570 vel
3062 1509 3345 1572 maximae

639 1591 966 1673 dignitatis
1013 1593 1244 1654 culmen
1293 1613 1408 1656 non
1455 1594 1798 1673 pervadunt
1841 1604 1907 1658 et
1964 1595 2361 1671 cavillantur,
2420 1595 2639 1658 nedum
2707 1605 2771 1659 ut
2828 1597 2980 1659 haec
3046 1597 3351 1660 humiliora

637 1681 798 1743 vitae
849 1681 1054 1742 munia
1099 1689 1164 1744 et
1208 1681 1480 1746 ludibriis
1527 1683 1708 1746 obvia
1751 1683 1991 1748 intacta
2034 1685 2412 1766 relinquant,
2464 1685 2751 1765 occipite,
2802 1694 2869 1749 ut
2908 1686 3009 1748 ille
3038 1687 3344 1768 praecipit,

635 1788 818 1832 caeco
865 1770 1178 1850 excipiam.

675 1899 680 1906 -
815 1858 1018 1921 Hasce
1063 1877 1206 1920 vero
1253 1877 1443 1929 meas,
1489 1859 1809 1922 Illustriss.
1860 1860 2133 1934 Domine,
2184 1861 2259 1922 de
2306 1879 2462 1923 anno
2512 1855 3175 1942 futurofmoditationes
3220 1881 3343 1926 cum

635 1945 1046 2028 disputatione
1091 1947 1492 2027 pulcherrima
1550 1949 1623 2010 de
1687 1947 1952 2010 siderum
2014 1949 2367 2024 influxibuS‚
2434 1951 2599 2012 Tuae
2655 1951 3033 2030 potissimum
3084 1951 3346 2015 Celsitu·

635 2037 762 2100 dini
807 2036 1028 2112 dicare,
1080 2037 1386 2100 strenulae
1432 2037 1584 2112 loco,
1632 2037 1835 2100 volui:
1884 2039 2041 2118 quod
2084 2056 2439 2118 persuasum
2484 2039 2760 2114 habeam,
2810 2039 2883 2103 G.
2916 2043 2987 2103 T.
3038 2049 3107 2104 et
3142 2042 3345 2104 litera-

637 2126 720 2186 tis
767 2125 1072 2200 omnibus,
1143 2132 1210 2186 et
1263 2125 1532 2205 inprimis
1580 2125 1790 2188 harum
1838 2125 2061 2188 artium
2106 2127 2435 2188 cultoribus
2480 2127 2752 2210 impense
2799 2131 3037 2192 favere:
3093 2130 3247 2212 quod
3288 2138 3349 2192 et

633 2213 837 2276 verbis
881 2214 1217 2292 luculenter
1263 2233 1329 2276 es
1377 2221 1662 2290 testatus,
1711 2215 1971 2293 primum
2014 2223 2257 2295 recepto
2286 2217 2345 2278 in
2378 2217 2705 2279 amicitiam
2734 2216 3215 2284 celebratissimo
3248 2219 3344 2280 illo

632 2310 698 2364 et
741 2303 1018 2382 generosi
1065 2303 1409 2366 stemmatis
1454 2304 1584 2364 viro
1633 2304 1918 2385 'chhone
1966 2305 2269 2378 Brahaeo,
2318 2305 2611 2384 phoenice
2649 2314 3168 2392 astronomorum:
3216 2308 3343 2370 dein

631 2409 706 2452 eo
752 2399 1006 2467 mortuo,
1055 2391 1200 2454 mihi
1248 2411 1480 2472 quoque
1529 2393 1939 2455 declaratione
1988 2393 2213 2456 doloris
2262 2400 2326 2454 et
2370 2394 2652 2457 desiderii
2688 2397 2779 2458 tui
2826 2397 2992 2460 edita
3046 2406 3117 2460 et
3155 2397 3347 2478 reipsa

629 2480 898 2561 qnotidie
945 2480 1230 2554 testaris:
1277 2482 1416 2543 dum
1463 2481 1522 2542 in
1571 2481 1712 2542 aula
1759 2488 1869 2542 tua
1914 2482 2102 2544 habes
2148 2481 2549 2544 clarissimum
2592 2483 2785 2547 virum
2820 2485 2901 2548 D.
2944 2487 3345 2549 Hermannum

631 2569 978 2644 Buldernm‚
1026 2568 1342 2640 medicum,
1391 2559 1829 2632 ma'thematum
1876 2571 2376 2646 amantissimum,
2426 2579 2491 2634 et
2535 2573 2595 2633 in
2626 2572 2739 2636 hoc
2772 2575 3105 2637 studiorum
3135 2591 3344 2656 genere

625 2655 1102 2740 polyhistorem:
1153 2676 1268 2739 qno
1315 2677 1452 2721 cum
1495 2659 1592 2721 his
1637 2659 1712 2720 de
1759 2660 1939 2721 rebus
1986 2659 2337 2740 quotidiana
2374 2659 2572 2740 agites
2601 2662 2920 2744 colloquia.
2959 2659 3048 2738 ¹¹)
3124 2663 3344 2742 Accipe

631 2745 839 2825 igitur,
889 2747 1299 2810 illustrissime
1327 2746 1603 2821 Domine,
1651 2748 2031 2829 conjecturas
2052 2749 2235 2811 hasce
2281 2749 2585 2831 physicas,
2634 2759 2699 2815 et
2734 2771 2865 2815 cum
2902 2752 3173 2834 politicis
3204 2771 3344 2815 cou-

615 2835 888 2916 jecturis,
940 2856 1092 2917 quas
1138 2835 1250 2899 tibi
1297 2844 1361 2897 et
1407 2837 1632 2901 ordinis
1679 2838 1946 2917 dignitas
1994 2845 2060 2900 et
2102 2838 2252 2918 reip.
2302 2840 2733 2919 contemplatio
2780 2842 3157 2923 suppeditat,
3198 2840 3363 2923 quas'

623 2924 982 2987 creberrime
1031 2926 1298 3005 appelle,
1348 2924 1572 2988 confer.
1667 2924 1798 2989 Soli
1836 2946 2091 3008 namque
2140 2928 2237 3007 qui
2286 2926 2527 3004 publica
2574 2950 2705 2993 cum
2761 2932 2996 2994 ratione
3055 2939 3339 3005 tractant,

625 3012 702 3073 de
747 3012 1122 3093 prognoseos
1167 3014 1344 3093 hujus
1391 3015 1634 3077 fortuna
1675 3016 2016 3103 rectissime
2054 3016 2446 3096 judicabunt:
2494 3018 2916 3100 philosophica
2942 3028 3007 3083 et
3032 3020 3343 3102 paradoxa

617 3100 876 3181 physica
953 3100 1370 3183 philosophiae
1443 3105 1821 3183 professores
1900 3104 2017 3167 sibi
2100 3122 2249 3167 sane
2330 3125 2597 3188 suaeque
2658 3128 2951 3173 censurae
3016 3109 3339 3173 vindicent.

621 3188 802 3264 Vale,
853 3191 1156 3270 longaeva
1201 3199 1264 3253 et
1309 3191 1474 3253 facili
1521 3200 1772 3255 senecta
1815 3212 1980 3270 usus,
2032 3200 2097 3255 et
2138 3194 2295 3256 hunc
2340 3194 2645 3259 ineuntem
2693 3217 2913 3261 annum
2956 3199 3340 3263 foelicissime

621 3278 970 3359 transigas:
1017 3298 1228 3361 meque
1277 3277 1349 3343 G.
1391 3280 1460 3343 T.
1511 3282 1993 3344 commendatum
2038 3282 2288 3346 habeas.

1473 3368 1545 3435 O.
1595 3372 1667 3433 T.
1716 3370 1991 3453 subjecte
2038 3371 2245 3435 colens

2108 3460 2203 3525 M.
2248 3461 2395 3527 Joh.
2438 3460 2717 3545 Kepler,
2762 3462 3255 3530 Mathematicus.

1794 3724 2057 3786 Thesis
2102 3727 2151 3787 I.

789 3807 1212 3871 Mathematici
1257 3809 1518 3872 officium
1561 3811 1741 3890 vulgo
1784 3821 2065 3891 putatur,
2112 3832 2313 3875 annua
2358 3812 2619 3877 scribere
2668 3814 3090 3897 Prognostica.
3185 3817 3329 3883 Cum

611 3912 756 3973 ergo
822 3896 898 3957 ad
965 3896 1294 3960 instantem
1360 3918 1578 3961 annum
1635 3920 1674 3961 a
1717 3908 1866 3962 nato
1906 3898 2153 3963 Christo
2200 3899 2521 3964 Salvatore
2576 3900 2747 3967 1602
2790 3906 3108 3969 statuerim
3132 3954 3151 3985 ,
3214 3926 3325 3969 non

607 3990 738 4045 tam
780 3984 1060 4065 publicae
1107 3985 1465 4061 curiositati,
1517 4006 1693 4068 quam
1742 3989 1939 4052 officio
1984 3990 2364 4069 philosophi,
2412 3992 2473 4053 in
2520 3992 2629 4055 illa
2670 3994 3085 4073 reprimenda,
3139 3996 3323 4059 satis-

609 4072 841 4135 facere:
889 4074 968 4136 ab
1013 4092 1086 4135 eo
1132 4075 1512 4154 potissimum
1559 4078 1865 4154 exordiar,
1935 4079 2093 4159 quod
2146 4078 2448 4142 tutissime
2505 4081 2622 4143 dici
2667 4090 2907 4161 potest:
2966 4086 3321 4165 prognosti-

608 4180 814 4225 corum
859 4162 973 4225 hoc
1019 4180 1176 4226 anno
1223 4172 1580 4245 proventum
1625 4166 1891 4229 futurum
1934 4166 2213 4243 uberem,
2262 4186 2395 4231 cum
2425 4178 2735 4233 crescente
2762 4170 2927 4251 vulgi
2974 4175 3321 4237 curiositate

611 4250 818 4331 plnres
863 4249 928 4313 in
957 4250 1090 4315 dies
1137 4252 1218 4315 ad
1261 4272 1572 4317 numerum
1617 4256 1915 4318 accedant
1958 4264 2258 4319 auctores.

1774 4343 2037 4406 Thesis
2084 4346 2167 4409 11.

773 4429 848 4492 In
909 4428 1033 4491 illis
1090 4428 1311 4492 libellis
1372 4430 1578 4511 aliqua
1623 4431 1925 4509 dicentur,
1948 4490 1955 4497 .
1976 4452 2129 4513 quae
2175 4434 2539 4514 probaturus
2582 4441 2685 4513 est
2728 4442 3009 4513 eventus,
3058 4438 3311 4518 plurima

595 4534 740 4579 vero
763 4562 780 4592 ,
845 4536 1000 4597 qnae
1053 4524 1290 4600 tempus
1347 4526 1411 4582 et
1466 4519 1841 4599 experientia
1883 4530 1954 4583 ut
1996 4541 2157 4585 vana
2202 4532 2266 4586 et
2308 4522 2481 4585 irrita
2526 4523 2850 4586 refutabit:
2900 4544 3147 4606 quorum
3190 4528 3309 4591 ista

593 4604 816 4679 ventis,
861 4606 971 4671 illa
1015 4608 1340 4672 memoriae
1387 4607 1762 4690 penitissime
1807 4610 2231 4685 inscribentur,
2276 4621 2347 4677 ut
2390 4611 2557 4691 vulgi
2602 4631 2735 4673 mos
2782 4621 2899 4678 est.

1751 4698 2015 4763 Thesis
2058 4701 2174 4763 III.

723 4824 742 4837 .
768 4780 1014 4845 Etenim
1061 4784 1256 4863 qualis
1299 4804 1504 4862 cansa,
1553 4785 1701 4850 talis
1747 4790 2021 4851 effeetus.
2086 4788 2402 4870 Astrologi
2438 4808 2581 4851 vero
2620 4810 2841 4853 causas
2886 4790 3299 4855 vaticiniorum

589 4888 836 4933 snorum
878 4872 1213 4953 respiciunt
1255 4875 1482 4957 partim
1509 4876 1766 4958 quidem
1809 4876 2115 4960 physicas,
2139 4880 2385 4961 partim
2428 4878 2729 4959 politicas,
2776 4886 2955 4963 parte
3001 4900 3141 4945 vero
3180 4898 3295 4963 po·-
