3634 5575
570 367 659 444 00
1768 373 2090 430 rma-um.

572 545 891 618 praestum
926 535 1129 618 potuit
1174 535 1514 618 egregium,
1574 537 1625 599 si
1672 555 1998 601 concursus
2041 538 2448 618 planetarum,
2499 557 2626 602 nem
2671 553 2808 604 cum
2841 541 2976 604 visu
3024 543 3300 606 admira-

570 626 747 688 bilem
796 627 1076 702 maxime,
1126 633 1253 687 tum
1300 627 1516 688 effectu
1561 627 2152 706 praestantissimam
2199 629 2258 690 in
2307 637 2526 691 natura
2573 629 2797 692 omisit.

748 713 875 778 Sed
910 715 1077 778 aliud
1124 714 1308 777 etiam
1356 723 1484 791 est,
1544 715 1703 795 quod
1762 715 1822 776 in
1871 736 1982 778 sua
2027 717 2309 779 machina
2355 716 2674 780 Uardanus
2722 719 2966 782 laudat:
3035 736 3298 800 „quam-

571 823 821 884 ‚,qnam‚
871 804 1095 884 inquit,
1154 823 1349 884 neque
1394 804 1663 890 pondera
1710 823 1902 885 neque
1949 806 2122 868 funes
2172 807 2394 869 artifex
2442 815 2650 868 noster
2693 807 3073 870 miscuerit.“
3163 807 3301 870 Hoc

558 893 691 972 jam
738 892 915 955 hodie
962 892 1109 956 nihil
1156 893 1397 966 mirum,
1448 911 1641 973 neque
1690 911 1803 972 ego
1853 893 2170 974 quicquam
2204 895 2414 956 horum
2441 895 2718 958 meditor.
2815 897 3040 958 Verum
3069 897 3296 960 audia-

568 1001 699 1044 mus
758 981 1099 1046 Can-danum
1160 982 1411 1044 formam
1468 1001 1613 1044 suae
1686 983 1984 1061 sphaerae
2047 983 2286 1063 penitus
2351 983 2838 1062 patefacientem.
2947 985 3094 1056 Ait,
3160 986 3298 1061 „sic

568 1079 839 1152 „aptam,
888 1079 957 1133 ut
1002 1091 1094 1146 ea,
1142 1070 1355 1150 quibus
1404 1078 1599 1132 motus
1646 1070 2120 1146 administratur,
2171 1072 2334 1154 intus
2381 1073 2644 1134 lateant:
2706 1073 2818 1152 ipsi
2861 1091 3003 1134 vero
3051 1093 3300 1137 errones

566 1181 645 1235 „e
692 1159 917 1222 tabulis
964 1179 1099 1221 cum
1156 1159 1513 1238 quibusdam
1560 1159 1797 1222 circulis
1829 1158 2236 1239 prominentes
2282 1160 2507 1242 absque
2553 1160 2980 1240 impedimento
3029 1163 3298 1242 spectari

565 1248 908 1331 „possint.“
966 1246 1103 1319 Quo
1150 1248 1325 1310 modo
1372 1248 1576 1310 nescio
1623 1267 1699 1309 an
1746 1248 2024 1312 obtineat
2068 1249 2126 1310 iu
2175 1269 2289 1312 sua
2333 1249 2617 1329 sphaera,
2677 1249 2834 1330 quod
2883 1249 3026 1312 mihi
3073 1269 3296 1314 neces-

564 1337 786 1400 sarium
842 1336 1101 1408 omissu,
1176 1337 1436 1398 maxime
1510 1355 1605 1398 me
1680 1346 1893 1410 vexat,
1979 1337 2207 1398 indices
2283 1337 2518 1400 scilicet
2583 1357 2696 1417 per
2769 1339 2995 1419 gradus
3059 1339 3296 1404 zodiaci

562 1436 890 1489 currentes.
980 1425 1141 1488 Nam
1191 1425 1308 1489 etsi
1356 1433 1677 1504 separatas
1724 1425 1898 1488 nobis
1943 1425 2227 1506 proponit
2271 1426 2536 1492 tabellas
2575 1427 2848 1505 singulas
2886 1446 2996 1506 pro
3025 1428 3296 1506 planetis

562 1515 849 1594 singulis,
898 1515 1269 1594 totidemque
1316 1514 1627 1586 zodiacos;
1676 1531 1865 1595 neque
1913 1515 1972 1576 in
2022 1534 2092 1576 eo
2139 1522 2304 1576 metu
2351 1523 2474 1590 est,
2543 1515 2938 1594 impedituros
2987 1535 3052 1578 se
3083 1525 3296 1580 mutuo

560 1605 790 1666 indices
838 1603 897 1665 in
944 1611 1151 1666 mutuo
1198 1621 1481 1666 occursu:
1535 1612 1735 1664 tamen
1784 1622 2034 1674 necesse
2082 1611 2208 1676 est,
2256 1614 2468 1664 centra
2515 1604 2918 1678 zodiacomm,
2969 1605 3026 1666 in
3075 1604 3298 1685 quibus

563 1693 729 1773 affigi
776 1692 999 1755 debent
1046 1692 1303 1764 indices,
1362 1710 1501 1754 esse
1548 1710 1683 1754 cum
1728 1691 1950 1754 circulo
2004 1692 2290 1771 planetae
2339 1691 2605 1754 mobilia.
2701 1691 2879 1762 Quod
2935 1694 3092 1755 enim
3139 1694 3300 1756 dicit
3381 1732 3393 1736 —

565 1781 912 1855 Cardenus,
962 1781 1147 1842 certis
1194 1781 1549 1860 quibusdam
1596 1780 1838 1844 circulis
1884 1798 2128 1843 errones
2173 1780 2537 1862 prominere,
2597 1780 2660 1842 id
2708 1782 3054 1844 necessario
3099 1782 3296 1844 intel-

566 1871 775 1951 ligitur
830 1870 905 1932 de
966 1869 1169 1949 planis
1226 1865 1637 1933 circularibus.
1727 1869 1892 1948 Ergo
1953 1868 2184 1932 indices
2239 1868 2300 1930 in
2345 1869 2526 1949 plano
2575 1869 2878 1946 circulari,
2947 1869 3104 1951 quod
3149 1890 3294 1934 cum

564 1960 815 2040 planeta
866 1958 1085 2020 mobile
1133 1967 1261 2032 est,
1331 1958 1497 2022 affixi
1543 1976 1659 2021 non
1708 1958 2056 2037 pendebunt
2101 1965 2456 2020 constanter
2503 1977 2580 2020 ex
2621 1967 2830 2022 centro
2875 1958 3111 2035 mundi,
3171 1960 3294 2022 nisi

564 2049 794 2112 tabella
848 2047 1159 2110 circularis
1208 2047 1491 2127 planetae
1540 2047 1876 2128 aequaliter
1932 2053 2244 2110 moveatur
2305 2047 2466 2109 circa
2512 2046 2690 2110 idem.
2783 2047 2910 2110 Sed
2971 2047 3136 2111 hisce
3181 2057 3294 2110 ut-

562 2156 791 2217 cunque
838 2136 1069 2198 occurri
1118 2137 1379 2199 fortasse
1425 2143 1665 2216 potest,
1725 2136 1805 2197 ad
1861 2136 2164 2198 minimum
2229 2143 2432 2197 tamen
2477 2135 2706 2198 indices
2765 2144 3014 2217 propter
3060 2145 3296 2200 motum

564 2225 901 2289 latitudinis
957 2225 1265 2288 zodiacum
1332 2225 1613 2288 deserent
1666 2225 1727 2286 in
1782 2224 1976 2288 latum
2023 2231 2339 2299 exeuntes,
2401 2231 2470 2287 et
2514 2225 2602 2286 sic
2659 2225 2806 2286 fient
2858 2225 3292 2306 propemodum

562 2315 835 2388 inutiles,
900 2331 1034 2376 cum
1080 2314 1277 2376 officio
1322 2319 1452 2374 suo'
1488 2313 1793 2375 indicandi
1841 2313 2068 2392 gradus
2119 2312 2355 2376 zodiaci
2409 2313 2648 2376 minime
2689 2314 3033 2394 fungantur.
3129 2312 3291 2378 Cre-

560 2404 815 2466 diderim
861 2421 975 2482 ego
1024 2421 1139 2464 non
1188 2393 1493 2464 adhibitos
1542 2401 1799 2476 indices,
1846 2403 1956 2464 sed
1994 2411 2364 2464 monstrasse
2416 2422 2482 2464 se
2527 2403 2698 2481 ipsos
2725 2403 3008 2482 planetas
3053 2402 3114 2464 in
3160 2403 3294 2464 suis

560 2493 827 2556 zodiacis
872 2491 1225 2555 immediate
1270 2491 1387 2552 sibi
1444 2490 1866 2570 suprapositis.
1963 2488 2100 2562 Quo
2161 2490 2355 2553 minus
2413 2510 2508 2552 me
2565 2509 2786 2570 angere
2846 2491 3064 2564 debet,
3129 2493 3290 2572 quod

560 2591 625 2644 et
670 2601 781 2662 ego
826 2581 888 2644 in
936 2581 1213 2642 machina
1260 2581 1437 2659 longe
1484 2578 1808 2642 difficiliori
1855 2598 2032 2642 careo
2081 2578 2394 2642 indicibus.
2487 2578 2610 2642 Sed
2656 2580 2874 2659 pedem
2907 2581 3290 2660 proferamus

560 2672 639 2732 ad
686 2670 993 2751 egregium
1043 2668 1308 2731 Cardanl
1356 2668 1787 2730 testimonium.
1899 2713 1930 2725 ..
3242 2702 3250 2711 ·

738 2759 877 2834 „Ex
922 2778 1067 2839 quo,
1119 2757 1339 2840 inquit,
1385 2756 1770 2821 manifestum
1818 2765 1943 2832 est,
1993 2756 2301 2839 antiquam
2331 2764 2694 2820 structuram
2730 2757 2906 2838 longe
2935 2758 3050 2821 hac
3077 2765 3292 2821 nostra

561 2848 961 2925 „nobiliorem
1021 2866 1157 2910 esse
1206 2868 1277 2909 ac
1332 2847 1761 2927 pulchriorem,
1816 2854 2088 2909 nostram
2145 2865 2288 2909 vero
2349 2846 2842 2910 diuturniorem.“
2933 2846 3128 2927 Atqui
3172 2866 3288 2928 ego

448 2940 460 2951 '
562 2938 845 3018 antiquos
904 2937 1049 2999 mihi
1104 2954 1372 3018 propono
1434 2936 1759 2999 imitandos
1815 2936 1874 2997 in
1923 2954 2056 2999 mea
2103 2937 2390 3016 sphaera,
2451 2954 2604 3016 quae
2651 2935 2806 2999 vitro
2865 2936 3132 3015 tegenda
3165 2944 3284 2998 est.

558 3028 659 3090 Ad
728 3026 884 3107 quod
949 3025 1369 3089 subministrat
1432 3024 1581 3087 mihi
1624 3024 1965 3099 consilium,
2033 3024 2122 3085 sic
2167 3042 2460 3105 pergens:
2528 3023 2749 3100 ..Quod
2797 3024 2851 3087 si
2907 3044 2982 3087 ex
3027 3024 3311 3093 materia..

558 3116 753 3191 „dura
800 3122 864 3176 et
900 3115 1217 3195 perspicua
1264 3115 1501 3190 flerent,
1554 3113 2050 3194 quemadmodum
2082 3113 2342 3175 diximus
2389 3114 2662 3192 superius
2711 3115 2786 3177 de
2825 3113 3136 3196 crystallo,
3185 3114 3282 3175 cui

558 3213 915 3284 „argentum
965 3202 1047 3265 sit
1092 3204 1444 3278 immistum,
1504 3210 1647 3266 tunc
1692 3210 1757 3263 et
1804 3202 2068 3265 naturali
2117 3201 2407 3265 rotundae
2457 3202 2686 3265 formae
2735 3210 2799 3263 et
2843 3202 3280 3266 constructioni

558 3292 865 3369 ,‚orbium,
930 3310 1049 3373 qua
1094 3311 1245 3355 unus
1296 3292 1473 3356 alteri
1528 3290 1880 3365 includitur,
1941 3297 2005 3352 et
2047 3290 2470 3371 perspicuitati
2535 3310 2606 3353 ac
2661 3290 3087 3372 pulchritudini
3147 3310 3282 3355 cum

558 3381 999 3456 „diuturnitate
1046 3382 1386 3443 consultum
1434 3380 1669 3445 esset.“
1750 3380 1965 3454 Addit,
2015 3386 2156 3443 tnnc
2197 3380 2370 3459 longe
2403 3380 2658 3460 majores
2685 3381 2816 3443 fieri
2845 3380 3062 3443 solita-s
3091 3380 3284 3443 moles

558 3468 732 3545 illas,
784 3488 963 3549 quam
1010 3488 1162 3551 quae
1204 3490 1277 3533 ex
1306 3469 1557 3533 metallo
1585 3486 1761 3531 nunc.
1857 3466 2034 3540 Quod
2063 3468 2116 3531 si
2154 3486 2360 3531 verum
2399 3476 2524 3544 est,
2571 3477 2854 3548 poterunt
2881 3487 3026 3549 ergo
3055 3468 3280 3531 etiam-

558 3578 695 3621 num
742 3559 945 3639 magni
992 3559 1153 3639 globi
1202 3559 1378 3623 vitrei
1426 3559 1583 3634 fieri,
1634 3565 1815 3637 atque
1863 3557 1977 3619 hac
2023 3557 2082 3618 in
2129 3564 2306 3638 parte
2354 3557 2582 3620 inutilis
2613 3566 2711 3620 est
2747 3577 2882 3620 mea
2912 3557 3278 3621 sollicitudo.

556 3648 625 3709 In
682 3647 1071 3729 sequentibus
1128 3648 1287 3711 omni
1344 3668 1439 3711 me
1494 3647 1671 3711 laude
1732 3645 2098 3709 inventionis
2159 3646 2412 3725 spoliat,
2481 3665 2614 3709 cum
2661 3647 2739 3709 ad
2805 3666 2938 3709 eam
3003 3646 3278 3722 formam,

556 3755 733 3817 quam
782 3756 895 3817 ego
943 3738 1229 3809 meditor,
1276 3738 1699 3799 concinnatam
1748 3734 2060 3798 existimat
2095 3735 2416 3815 sphaeram
2459 3736 2946 3799 Archimedeam.
3041 3734 3277 3811 „Orbi-

558 3826 743 3901 „bus,
790 3825 985 3907 inquit
1030 3828 1138 3898 (ex
1182 3826 1575 3906 conjectura?
1624 3844 1701 3887 an
1750 3826 1892 3905 quia
1926 3832 2196 3887 autorem
2223 3823 2410 3887 habet
2423 3825 2510 3899 ?)‚
2557 3844 2736 3888 unum
2775 3832 3013 3887 tantum
3049 3832 3282 3887 motum

556 3914 955 3989 „addiderat‚
1006 3934 1330 3996 omnesque
1378 3914 1540 3976 circa
1584 3914 1742 3977 idem
1790 3921 2064 3977 centrum
2110 3913 2482 3989 collocabat,
2531 3921 2601 3978 ut
2637 3912 2930 3995 Calippus
2977 3921 3044 3975 et
3068 3914 3280 3975 Eudo-

556 4023 745 4080 „xus‚
802 4004 997 4083 ipsam
1040 4022 1185 4067 vero
1230 4004 1477 4067 Terram
1496 4052 1511 4079 ,
1572 4003 1850 4083 exiguam
1889 4002 2271 4083 sphaerulam
2316 4002 2633 4082 multiplici
2679 4012 2845 4066 motu
2891 4003 3174 4082 agitabat
3215 4002 3280 4065 in

556 4092 825 4169 „medio,
876 4092 1109 4163 nescio,
1171 4094 1385 4173 quibus
1432 4093 1721 4155 artificiis.
1816 4093 1978 4155 Nam
2023 4092 2114 4153 sic
2162 4091 2538 4155 existimavit
2581 4093 2745 4155 orbis
2791 4100 3001 4171 partes
3047 4112 3116 4153 se
3162 4091 3280 4154 ha-

556 4183 769 4257 „bere,
818 4188 889 4245 ut
930 4182 991 4243 in
1040 4181 1245 4245 libello
1292 4182 1367 4245 de
1415 4200 1635 4245 arenae
1680 4199 1928 4245 numero
1957 4179 2280 4244 manifeste
2331 4186 2614 4243 testatur.
2711 4178 2909 4253 Quam
2938 4180 3280 4261 opinionem

556 4278 845 4345 „secutus
892 4278 985 4333 est
1034 4270 1328 4334 Nicolans
1367 4270 1736 4352 Cepernicus
1784 4278 1990 4333 aetate
2037 4277 2266 4331 nostra.
2361 4270 2458 4331 An
2508 4288 2650 4331 vero
2697 4271 2777 4333 ad
2825 4288 3112 4350 unguem,
3159 4288 3280 4331 non

558 4360 755 4433 „satis
802 4368 1070 4435 constat,
1138 4380 1271 4423 cum
1316 4360 1611 4423 incertum
1654 4358 1763 4434 sit,
1833 4350 1910 4421 ari
1957 4357 2354 4421 Archimedes
2401 4354 2610 4421 Lunae
2657 4360 2866 4434 orbes,
2925 4368 2999 4421 ut
3043 4358 3278 4439 Copor-

558 4447 799 4523 „nicus,
866 4468 999 4511 cum
1044 4449 1361 4512 elementis
1406 4448 1555 4528 ipsis
1604 4446 1989 4511 circumvolvi
2033 4447 2360 4509 voluerit.“
2451 4448 2622 4511 Haec
2669 4446 3010 4510 Cardenus.
3103 4447 3280 4518 Quae

558 4535 609 4599 si
656 4544 723 4599 tu
768 4538 1021 4616 legeris,
1088 4538 1301 4601 mirum
1346 4537 1461 4600 nisi
1508 4536 1775 4609 dubites,
1837 4556 1914 4599 an
1961 4554 2080 4599 non
2129 4554 2242 4616 ego
2288 4536 2578 4617 proximis
2626 4538 2821 4600 literis
2867 4537 3152 4617 pleraque
3201 4554 3280 4599 ex

558 4624 671 4687 hoc
718 4624 851 4688 loco
897 4628 1405 4707 transcripserim‚
1464 4626 1617 4689 adeo
1664 4626 2048 4689 convenimus
2103 4632 2169 4687 et
2211 4626 2272 4689 in
2321 4628 2584 4707 sphaera
2630 4624 3012 4689 Archimedis
3031 4670 3047 4699 ,
3107 4632 3172 4687 et
3217 4626 3276 4689 in

556 4714 805 4791 propria
844 4714 1205 4779 inventione.

522 4873 527 4878 ,
734 4802 821 4867 Et
864 4802 1017 4881 quia
1048 4803 1245 4885 incepi
1294 4806 1369 4867 ab
1418 4805 1531 4865 hac
1576 4802 1852 4877 materia,
1901 4802 2122 4865 addam
2171 4810 2234 4864 et
2279 4802 2462 4877 illud,
2523 4803 2678 4885 quod
2711 4802 2980 4882 proxime
3011 4809 3276 4867 testatus

556 4908 693 4955 sum
744 4908 839 4954 me
886 4890 945 4953 in
994 4910 1287 4977 suspenso
1334 4892 1697 4975 relinquere,
1748 4890 1987 4955 scilicet
2031 4890 2106 4953 de
2155 4892 2466 4975 multiplici
2510 4884 2678 4955 motu
2709 4892 2968 4958 Veneris
3003 4899 3070 4955 et
3103 4892 3270 4957 Mora-

1024 5175 1061 5205 ³-
