3634 5575
1580 321 1754 377 sentia
1782 322 1981 375 mm.
2811 394 2818 408 Ι
2993 292 3135 385 '263

409 488 639 549 Terra‘e
684 494 793 549 seu
838 505 1006 567 φορᾳ
1051 485 1319 565 ejusdem
1363 502 1473 564 per
1520 485 1612 546 sui
1658 482 1865 545 circuli
1911 480 2335 562 quadrantem,
2401 486 2684 543 manente
2749 496 2860 540 axe
2906 476 3133 542 Terrae

416 594 657 656 semper
712 574 827 636 sibi
873 574 991 653 ipsi
1050 574 1111 635 in
1158 574 1416 635 diversis
1464 573 1698 635 situbus
1751 570 2081 651 parallelo,
2149 568 2389 631 minime
2435 584 2579 630 vero
2637 574 2911 631 nutante:
2991 564 3135 629 'Nec

412 665 675 745 simplex
708 664 861 725 haec
906 662 1282 724 asseveratio
1330 682 1475 723 vera
1506 666 1634 735 'e‘st,
1679 662 1971 739 'angulum
2013 659 2168 719 hunc
2204 656 2448 720 van‘ari.
2537 656 2696 719 Nam
2728 655 2939 716 eadem
2968 674 3136 717 sem-

410 772 523 834 per
566 760 774 814 manet
818 752 951 815 axis
999 752 1225 812 Terrae
1273 751 1349 811 ad
1396 751 1641 832 planum
1687 748 2005 830 eclipticas
2051 746 2388 820 inclinatio,
2455 745 2584 807 sive
2631 747 2690 809 in
2739 743 3135 823 aequinoctiis

412 842 545 903 sive
609 840 672 901 in
719 841 1004 903 solstitiis
1052 841 1157 913 (de
1218 842 1579 913 mutatione,
1648 856 1801 919 quae
1867 844 2010 917 post
2070 834 2260 897 multa
2315 833 2522 896 secula
2581 850 2874 913 perquam
2919 831 3136 912 exigua

412 927 736 1007 contingit,
792 930 921 1009 jam
986 946 1105 989 non
1168 928 1439 1008 loquor),
1506 930 1613 991 sed
1677 947 1795 992 non
1855 942 2090 1003 semper
2146 921 2352 984 Solem
2415 920 2702 1001 respicit3
2767 920 3136 981 transfertur

412 1034 671 1096 namque
718 1016 925 1079 Tellus
970 1036 1103 1078 cum
1150 1034 1261 1079 sua
1304 1018 1721 1089 inclinatione,
1778 1034 1932 1096 quae
1977 1030 2213 1091 semper
2271 1011 2330 1073 in
2379 1010 2623 1072 easdem
2671 1008 2878 1070 mundi
2921 1016 3134 1087 partes

414 1105 635 1186 vergit.
728 1106 941 1187 Itaque
998 1104 1309 1170 inclinatio
1367 1108 1548 1182 11000,
1618 1106 1832 1168 eadem
1881 1104 2144 1165 ‘manens
2211 1118 2346 1160 00111
2399 1100 2581 1178 plano
2631 1097 2796 1177 ipso,
2861 1096 3134 1157 diversos

412 1203 617 1256 tamen
664 1195 919 1273 angulos
966 1212 1103 1256 cum
1148 1194 1403 1259 diversis
1456 1196 1622 1277 plani
1671 1193 1848 1257 lineis
1897 1188 2238 1262 constituit,
2307 1195 2377 1249 ut
2431 1206 2506 1247 ex
2565 1184 2937 1265 geometrica
2981 1184 3135 1247 soli-

412 1284 622 1345 dorum
668 1282 942 1345 doctrina
987 1289 1250 1347 constat.

590 1372 886 1453 Adeoque
942 1372 1041 1450 qui
1106 1380 1247 1453 apte
1306 1373 1420 1434 sibi
1482 1371 1744 1435 voluerit
1807 1363 2125 1447 imaginari
2189 1362 2442 1442 primum
2491 1370 2556 1423 et
2619 1360 2864 1422 tertium
2909 1359 3133 1422 Terrae

408 1466 637 1522 motum
684 1462 1005 1523 secundum
1048 1458 1455 1541 ‘Copernicum
1504 1460 1805 1540 (quamvis
1874 1453 2092 1517 tertius
2157 1451 2252 1512 hic
2307 1470 2416 1531 per
2461 1470 2526 1512 se
2576 1454 2775 1510 motus
2822 1467 2938 1508 non
2983 1449 3132 1522 est),

408 1550 462 1611 is
510 1548 841 1630 cylindrum
888 1550 1044 1611 binis
1088 1552 1288 1631 planis
1334 1549 1646 1629 parallelis
1694 1546 1932 1625 oblique
1981 1549 2147 1603 secet
2175 1540 2251 1601 ad
2284 1540 2564 1619 angulum
2598 1529 2762 1615 66¹l2
2787 1530 2841 1608 ⁰,
2891 1542 2956 1596 et
2986 1535 3128 1615 quia·

410 1640 521 1700 1100
566 1644 749 1717 110010
796 1656 1137 1701 communes
1184 1638 1485 1701 sectiones
1532 1658 1640 1701 seu
1684 1639 1866 1700 bases
1913 1632 2064 1693 fiant
2492 1671 2654 1725 ¹³1·ss-

410 1728 675 1807 ellipses,
716 1745 827 1806 per
854 1728 1059 1790 coroll.
1100 1722 1199 1791 16.
1230 1727 1335 1790 lib.
1367 1727 1415 1788 Ι.
1466 1724 1678 1790 Sereni
1708 1726 1781 1787 de
1810 1720 2065 1804 cylindri

408 1816 718 1877 sectione:
775 1816 964 1895 fingat
1008 1816 1061 1877 is
1109 1816 1377 1890 interim,
1439 1835 1575 1878 esse
1624 1814 1880 1877 circulos
1927 1828 2070 1890 per-

413 1904 625 1967 fectos.
684 1903 857 1976 Quae
887 1904 1070 1983 igitur
1100 1912 1196 1967 est
1234 1906 1295 1965 in
1327 1902 1808 1966 circumferentia
1836 1898 2072 1962 basium

409 1992 753 2072 superficies
784 1992 1001 2054 alicubi
1035 2001 1221 2066 recta,
1272 1992 1567 2054 inclinata
1597 1990 1837 2065 alicubi,
1885 1986 2072 2049 talem

408 2082 781 2160 superficiem
822 2081 955 2142 axis
986 2082 1208 2142 Terrae
1247 2080 1533 2143 inclinate
1574 2078 1929 2144 circumlata
1959 2076 2068 2135 de·-
2113 2118 2151 2177 c
3070 2094 3114 2151 B

408 2169 638 2231 scribit.
733 2166 868 2242 Ac,
918 2168 1031 2231 BD
1076 2169 1259 2231 bases
1306 2168 1585 2252 cylindri,
1638 2168 1758 2230 illa
1800 2164 2068 2237 inferior,

406 2258 559 2320 haec
626 2257 922 2339 superior,
999 2254 1109 2319 CD
1175 2256 1519 2337 superficies
1586 2254 1911 2337 aequealta
1975 2250 2077 2313 axi

410 2346 661 2417 Terrae,
719 2346 818 2407 hic
866 2353 963 2407 est
1016 2346 1311 2408 inclinata
1370 2353 1437 2407 ut
1484 2352 1549 2407 et
1593 2346 1652 2407 in
1700 2339 1845 2415 AB,
1907 2346 2082 2403 recta

404 2435 465 2496 111
510 2434 583 2509 Ε,
632 2436 702 2496 F.
779 2434 876 2495 Ita
924 2432 1054 2509 OD,
1113 2434 1229 2496 AB
1278 2434 1680 2497 solstitiorum
1734 2428 1873 2495 su'nt
1920 2430 2075 2501 loca,

406 2522 495 2598 Ε,
543 2524 595 2585 F
642 2523 1166 2603 aequinoctiorum.
1532 2530 1549 2545 ⁶

582 2612 714 2674 Nec
762 2611 1021 2673 feliciter
1046 2610 1243 2674 Ursus
1274 2606 1553 2673 Graecas
1586 2629 1764 2671 voces
1812 2608 2022 2689 tetigit
2067 2616 2316 2689 κυλισις,
2365 2622 2609 2694 damone,
2654 2622 2980 2696 potestque
3027 2617 3124 2679 vel

406 2700 520 2761 hoc
570 2701 697 2761 solo
749 2698 1025 2761 Graecae
1063 2700 1305 2779 linguae
1334 2699 1530 2778 perito
1582 2695 1983 2776 Gopernicum
2021 2704 2343 2767 obscurum
2373 2705 2643 2767 reddere.
2737 2703 2894 2779 Tibi,
2943 2703 3124 2779 Urse,

404 2789 622 2863 Terra,
672 2790 756 2851 uti
805 2789 1042 2869 quidem
1090 2789 1343 2863 statuis,
1393 2787 1453 2850 in
1492 2786 1745 2869 jactatis
1794 2810 1832 2849 a
1876 2794 1938 2849 10
1986 2784 2422 2874 hypothesibus
2470 2799 2728 2864 διηιται,
2779 2793 2839 2854 10
2887 2789 3122 2872 Copor-

405 2878 537 2940 nico
585 2878 747 2940 orbis
806 2877 905 2958 qui
952 2878 1203 2940 Terram
1248 2876 1444 2953 vehit,
1511 2876 1563 2937 si
1612 2877 1742 2956 quis
1787 2875 2114 2957 palpabilis
2163 2891 2356 2958 esset,
2417 2889 2668 2944 δενειται.
2762 2883 2830 2943 10
2877 2881 3124 2943 usitatis

406 2965 837 3050 hypothesibus
904 2985 1110 3028 omnes
1178 2965 1353 3028 orbes
1417 2972 1479 3027 et
1528 2965 1880 3027 nominatim
1937 2971 2190 3033 mundus
2248 2979 2414 3034 totus
2481 2978 2543 3032 et
2589 2969 2852 3050 sphaera
2898 2970 3129 3032 extima

404 3057 665 3124 δυειται,
732 3054 791 3116 10
860 3063 1034 3118 torno
1080 3055 1296 3134 globus
1354 3060 1583 3116 ὄινειται
1650 3055 2098 3134 quiescentibus
2152 3060 2308 3140 polis
2365 3069 2429 3122 et
2481 3065 2763 3120 manente
2812 3057 3018 3120 mobili
3063 3058 3124 3120 in

402 3162 511 3205 8110
559 3144 711 3206 1000.
808 3144 997 3206 Το110
1043 3163 1185 3205 vero
1234 3143 1291 3204 in
1326 3141 1680 3222 Copernico,
1731 3144 1781 3204 si
1830 3143 2020 3208 solum
2070 3167 2326 3210 annuum
2357 3157 2582 3210 motum
2611 3155 2874 3227 81100108,
2922 3154 3123 3208 mente

402 3250 695 3311 separans
742 3231 1032 3308 diurnum,
1080 3232 1434 3310 simpliciter
1479 3253 1874 3310 περιφερεται.
1970 3233 2078 3297 Sin
2126 3243 2192 3297 tu
2241 3237 2442 3312 dicas,
2494 3233 2828 3316 Copernico
2876 3235 3126 3298 Terram

402 3324 719 3394 διηισθαι,
782 3339 897 3383 000
948 3340 1059 3401 ego
1108 3321 1465 3382 intellexero
1535 3321 1607 3379 de
1664 3328 1830 3381 motu
1878 3342 2072 3385 annuo
2140 3325 2247 3385 sed
2307 3325 2380 3386 de
2429 3325 2668 3398 diurno,
2737 3342 2871 3384 curn
2927 3323 3004 3385 ab
3052 3341 3124 3385 eo

400 3417 599 3471 mente
648 3429 1001 3490 separamus
1049 3427 1326 3470 annuum.
1420 3405 1527 3470 Sin
1569 3415 1768 3469 autem
1813 3407 1981 3474 dicas
2010 3415 2404 3487 κυλινᾶοσθαι,
2442 3413 2574 3492 jam
2610 3419 2922 3492 utrumque
2953 3431 3123 3474 com-

399 3499 613 3577 plexus
662 3518 727 3560 es
774 3507 839 3560 et
882 3505 1111 3560 motum
1158 3497 1435 3559 diurnum
1482 3507 1545 3558 et
1592 3515 1869 3558 annuum.
1963 3499 2205 3562 Etenim
2251 3505 2500 3572 κυλισις,
2567 3501 2620 3560 si
2666 3499 2892 3574 008018,
2955 3519 3125 3562 com-

398 3588 635 3666 positus
680 3596 779 3649 est
822 3596 1019 3649 motus
1083 3605 1159 3648 ex
1186 3607 1371 3666 ’φορᾳ
1434 3593 1499 3648 01
1544 3589 1775 3661 demost.
1869 3585 1956 3648 Et
2011 3590 2332 3652 κυλινδεται
2398 3587 2612 3670 globus
2678 3587 2778 3648 ille
2835 3588 3122 3660 lusorum,
3172 3663 3176 3667 ῃ

402 3694 515 3754 quo
584 3673 660 3736 ad
710 3683 949 3737 stantes
1014 3694 1235 3739 cuneos
1292 3673 1648 3736 evertendos
1716 3674 2042 3738 collimant.
2131 3675 2262 3740 Nec
2327 3697 2420 3738 me
2469 3675 2728 3738 Hercule
2776 3675 3122 3738 concinnius

402 3771 499 3826 081
546 3764 883 3844 exemplum
930 3772 1127 3826 motus
1158 3763 1417 3826 Telluris
1466 3761 1800 3840 compositi,
1850 3785 2029 3845 quam
2076 3763 2128 3827 si
2176 3765 2306 3845 quis
2353 3762 2563 3844 fingat,
2612 3762 2854 3843 globum
2893 3764 3120 3826 Terrae

400 3853 595 3914 instar
640 3853 935 3934 ejusmodi
980 3853 1143 3932 globi
1194 3852 1395 3914 lusorii
1444 3852 1682 3932 obliquo
1732 3859 1934 3916 tamen
1985 3853 2082 3916 axi
2129 3854 2404 3934 provolvi
2445 3853 2508 3915 in
2555 3853 2843 3914 directam
2874 3850 3120 3920 lineam.

402 3941 507 4002 sed
550 3959 702 4021 quae
732 3959 846 4003 non
880 3942 961 4003 sit
990 3941 1048 4002 in
1078 3940 1258 4020 plano
1302 3960 1507 4004 verum
1552 3941 1614 4002 10
1669 3941 1884 4020 glob03
1931 3951 2001 4005 ut
2047 3943 2099 4004 si
2129 3943 2320 4006 Terra
2367 3943 2425 4004 in
2473 3940 2766 4022 superiori
2811 3940 3116 4004 schemate

397 4029 708 4110 superficie
736 4025 961 4093 EAFG
1007 4030 1465 4110 provolveretur
1496 4029 1593 4091 via
1620 4027 1828 4107 EGF3
1875 4038 1940 4093 et
1988 4031 2075 4094 sic
2122 4037 2250 4094 tres
2283 4029 2600 4112 Copernici
2647 4035 2844 4092 motus
2891 4029 2949 4090 in
2997 4047 3117 4091 una

399 4119 513 4181 hac
557 4118 972 4197 provolutione
1019 4119 1243 4180 insunt.

573 4205 869 4270 Perduxit
912 4204 1331 4290 hypothesium
1376 4204 1693 4268 historiam
1719 4208 1916 4271 Ursus
1961 4225 2148 4286 usque
2197 4207 2274 4270 ad
2313 4215 2588 4288 tempora
2618 4204 2868 4279 Christi,
2915 4203 3116 4288 quali-

401 4313 631 4376 cunque
679 4315 981 4360 successu.
1078 4293 1255 4366 Quod
1302 4295 1493 4357 sicubi
1540 4316 1577 4357 a
1622 4315 1807 4377 scopo
1857 4296 2106 4371 erravit,
2159 4315 2322 4359 error
2367 4297 2610 4358 crimine
2657 4303 2862 4357 tamen
2910 4311 3116 4355 carere
3157 4329 3162 4332 -

402 4384 590 4446 videri
636 4390 863 4464 potest.
958 4385 1079 4446 Per
1124 4383 1524 4462 ignorantiam
1573 4385 1727 4446 enim
1776 4403 1982 4448 010008
2045 4385 2440 4448 multifariam
2484 4385 2760 4448 labimur.
2853 4381 2946 4444 At
2983 4381 3144 4468 jam,

398 4473 497 4536 ubi
544 4474 621 4534 ad
668 4473 1055 4554 Apollonium
1100 4473 1436 4552 Pergaeum
1483 4474 1744 4548 devenit,
1796 4474 1948 4535 adeo
1995 4473 2144 4536 dura
2191 4475 2387 4537 fronte
2435 4480 2548 4547 est,
2600 4473 2868 4552 adeoque
2916 4489 3112 4550 nuga-

398 4561 703 4624 cissimam
763 4562 963 4624 sciens
1009 4562 1334 4640 volensque
1395 4569 1602 4623 narrat
1663 4561 1928 4624 fabulam
1951 4609 1967 4638 ,
2033 4569 2102 4625 ut
2155 4563 2421 4632 nescias,
2487 4561 2766 4624 rideasne
2811 4558 3114 4622 hominem

394 4651 601 4731 potius
648 4670 722 4711 an
781 4651 1085 4714 irascaris.
1182 4647 1667 4712 circumstantiis
1715 4650 1986 4713 omnibus
2033 4649 2439 4714 narrationem
2485 4669 2657 4712 suam
2699 4647 2972 4722 instruit,
3021 4656 3106 4720 ut,
3163 4643 3178 4650 “

398 4739 491 4801 cui
539 4739 613 4799 de
662 4757 725 4800 re
771 4739 907 4818 ipsa
950 4759 1065 4800 non
1116 4745 1259 4800 ante
1306 4743 1569 4812 constat,
1608 4739 1818 4818 jurare
1867 4739 2061 4810 ausit,
2111 4759 2227 4802 non
2277 4757 2412 4802 esse
2461 4737 2631 4801 nihili
2675 4757 2820 4814 rem,
2871 4756 2990 4818 qua
3034 4737 3108 4796 de

270 4870 283 4889 .
394 4827 677 4911 loquitur.
780 4825 920 4900 Qua
964 4828 1025 4890 in
1072 4847 1137 4890 re
1185 4847 1315 4891 cum
1348 4826 1731 4909 praecipuum
1760 4847 1980 4891 causae
2009 4849 2155 4892 suae
2184 4830 2620 4892 firmamentum
2665 4833 2874 4911 ponat,
2921 4843 3105 4904 prae-
