3634 5575
616 382 700 450 32
723 374 734 386 ’
1169 438 1178 451 ,
1800 380 2123 433 Prooemium.

614 543 926 617 titatibus,
975 562 1082 606 ceu
1129 562 1273 607 suae
1321 541 1570 623 origini:
1618 540 1694 602 ab
1739 540 1835 603 his
1882 561 1997 623 quo
2044 542 2277 623 longius
2324 542 2613 624 quidlibet
2656 543 2911 621 recedit,
2960 552 3135 607 tanto
3180 545 3327 624 plus

614 634 997 697 tenebrarum
1044 640 1109 694 et
1154 636 1418 697 errorum
1462 630 1692 693 existit.
1770 631 1973 693 Affert
2016 631 2175 694 enim
2218 650 2387 695 mens
2434 640 2643 696 nostra
2687 641 2903 715 suapte
2947 642 3167 697 natura
3214 652 3327 695 se-

615 742 748 787 cum
793 721 873 785 ad
919 721 1251 785 divinarum
1294 740 1490 785 rerum
1535 719 1738 781 studia
1781 721 2055 783 notiones
2116 740 2259 783 suas
2318 722 2377 783 in
2422 723 2906 804 praedicamento
2952 722 3326 804 quantitatis

617 817 960 874 extructas:
1025 809 1236 891 quibus
1283 811 1336 873 si
1383 809 1703 889 spolietur,
1749 808 1897 871 nihil
1945 809 2061 871 nisi
2108 810 2287 873 meris
2333 811 2753 890 negationibus
2800 811 3045 875 definire
3088 818 3323 891 potest.

615 902 770 963 Hinc
809 899 914 962 illa
943 896 1413 963 calvinistarum
1450 897 1679 970 ἐκςασις
1726 898 1804 958 ad
1850 915 2061 961 nomen
2107 900 2583 978 praesentiae
2630 900 2980 963 illocalis.
3044 901 3205 965 Nam
3256 907 3329 961 et

613 1010 734 1053 vox
782 989 1185 1072 (praesentia)
1234 996 1296 1051 et
1341 1008 1438 1051 res
1483 987 1794 1049 intellecta
1830 986 1940 1049 sub
1977 1006 2123 1049 voce
2172 988 2449 1051 desumta
2498 997 2596 1051 est
2639 1009 2715 1052 ex
2753 990 3090 1053 conditione
3136 988 3325 1069 hujus

615 1078 820 1163 seculi,
871 1079 1002 1141 loco
1047 1085 1111 1140 et
1153 1088 1420 1158 tempore
1467 1077 1824 1147 constantis,
1872 1076 2239 1158 digitumque
2285 1079 2382 1141 vel
2428 1077 2791 1141 cautissimis
2828 1079 2906 1141 ad
2946 1078 3325 1159 quantitates

617 1168 892 1231 intendit.
963 1167 1131 1228 Haec
1167 1174 1230 1228 et
1267 1166 1488 1229 similia
1523 1165 1575 1227 si
1615 1164 1867 1246 quilibet
1894 1159 2205 1227 occasione
2242 1186 2319 1229 ex
2362 1186 2495 1229 meo
2542 1168 2745 1252 libello
2792 1168 3070 1231 desumta
3115 1186 3327 1230 secum

614 1257 1042 1337 perpenderet;
1089 1255 1316 1335 opinor,
1365 1273 1479 1316 uno
1526 1254 1717 1333 gradu
1763 1255 2007 1334 propius
2046 1262 2443 1319 conventuras
2488 1266 2695 1336 partes
2742 1258 2802 1319 in
2849 1256 3137 1336 religione
3184 1257 3328 1319 dis-

615 1348 901 1407 sidentes,
994 1343 1119 1406 Sed
1165 1345 1324 1407 enim
1370 1362 1446 1405 ex
1489 1362 1696 1405 musca
1750 1344 1855 1405 flet
1912 1344 2023 1406 hoc
2068 1350 2248 1423 pacto
2299 1345 2549 1425 denique
2597 1346 2864 1427 elephas.
2956 1344 3089 1427 Ego
3136 1364 3329 1427 quam

614 1436 728 1498 sim
773 1436 884 1497 hoc
929 1434 1134 1519 nuntio
1181 1440 1506 1507 recreatus,
1556 1431 1752 1494 dicere
1799 1433 2023 1495 rectius
2068 1452 2181 1496 nou
2228 1452 2491 1513 possum,
2540 1454 2715 1516 quam
2764 1436 2819 1499 si
2860 1434 2974 1498 tibi
3018 1434 3327 1499 sollicitu-

615 1526 815 1587 diuem
859 1522 1060 1585 mariti
1103 1540 1210 1603 pro
1257 1522 1527 1603 pariente
1574 1537 1775 1596 uxore,
1827 1521 2223 1602 gaudiumque
2268 1542 2345 1584 ex
2384 1523 2635 1604 denique
2682 1532 2825 1587 nato
2870 1542 3053 1604 puero
3098 1542 3329 1605 ponam

615 1614 690 1675 ob
720 1614 944 1675 oculos.
1023 1610 1314 1683 Quamvis
1343 1610 1502 1671 haud
1530 1626 1740 1689 parum
1766 1629 1960 1672 meam
1996 1610 2394 1673 festivitatem
2430 1613 2793 1676 interturbat
2837 1631 3089 1688 remora,
3139 1630 3329 1694 quam

617 1720 783 1766 meus
830 1702 946 1763 iste
991 1710 1201 1780 partus
1249 1709 1351 1768 tuo
1399 1698 1623 1781 scripto
1671 1700 1911 1781 objecit,
1960 1699 2247 1781 simulque
2298 1702 2481 1763 totius
2517 1700 2797 1782 Europae
2838 1703 3333 1783 expectationem
3450 1748 3461 1753 -

617 1793 692 1852 de
739 1791 842 1855 illo
890 1790 1112 1853 diutius
1159 1788 1490 1869 suspendit.

794 1878 970 1951 Quod
1012 1880 1084 1940 de
1125 1877 1446 1941 offensione
1483 1884 1730 1939 senatus
1760 1875 2087 1938 academici
2117 1877 2398 1957 quereris,
2448 1879 2675 1957 opinor,
2726 1887 2787 1941 te
2833 1888 3035 1942 tamen
3084 1879 3331 1960 aliquos

618 1988 692 2030 ex
737 1968 840 2031 illo
887 1968 1227 2029 habiturum
1288 1985 1508 2047 aequos
1564 1976 1794 2028 tuorum
1858 1965 2128 2027 laborum
2182 1983 2479 2029 censores.
2573 1968 2862 2043 Memini,
2928 1986 3062 2030 cum
3108 1968 3185 2029 D.
3236 1968 3323 2031 D.

619 2057 1180 2140 superattendentes
1241 2055 1529 2137 superiori
1588 2062 1825 2117 aestate
1892 2072 1967 2115 ex
2028 2074 2122 2116 me
2180 2064 2571 2135 quaererent,
2642 2057 2855 2139 ecquid
2912 2058 2985 2119 de
3039 2056 3156 2119 isto
3212 2065 3327 2119 tuo

617 2147 842 2227 scripto
897 2146 1068 2207 fieret
1085 2165 1104 2221 ;
1160 2146 1520 2225 respondere
1574 2162 1710 2206 me:
1769 2142 1928 2225 quod
1972 2144 2243 2223 equidem
2288 2153 2525 2207 tantum
2580 2146 2804 2209 laboris
2850 2146 2962 2209 tibi
3010 2166 3211 2209 sumas
3256 2146 3327 2209 in

619 2254 754 2297 mea
814 2254 1029 2309 causa,
1096 2242 1165 2296 ut
1225 2233 1450 2315 partim
1501 2234 1717 2314 pudor,
1785 2231 2004 2311 partim
2058 2241 2252 2294 metus
2308 2252 2404 2297 me
2458 2234 2778 2314 prohibeat
2820 2236 2880 2297 in
2930 2243 3036 2299 tua
3076 2236 3331 2314 privata

619 2324 824 2388 studia
869 2323 1158 2386 curiosius
1206 2322 1518 2404 inquirere.
1612 2319 1746 2392 Quo
1793 2320 1881 2383 illi
1931 2322 2133 2383 audito
2178 2328 2495 2385 tacuerunt
2541 2331 2605 2385 et
2648 2325 2855 2405 procul
2901 2325 3077 2386 dubio
3126 2325 3327 2387 adhuc

616 2432 910 2477 memores
958 2420 1114 2475 sunt.
1205 2412 1346 2475 Non
1389 2412 1572 2493 igitur
1615 2418 1931 2490 tantopere
1978 2410 2089 2473 tibi
2135 2419 2373 2475 metuas
2418 2412 2495 2473 ab
2542 2414 2648 2474 illa
2694 2420 2941 2476 senatus
2988 2414 3325 2494 reprehen-

622 2504 818 2577 sione,
881 2520 1125 2583 eamque
1179 2509 1420 2581 praeter
1475 2498 1955 2563 adhortationem
2020 2500 2171 2561 nihil
2232 2500 2291 2561 in
2344 2520 2411 2564 se
2458 2503 2767 2565 continere
2810 2502 3065 2583 cogites.
3158 2500 3323 2575 Quin

621 2612 734 2675 ego
779 2599 884 2654 tuo
929 2592 1018 2654 illi
1063 2590 1332 2672 symbolo
1388 2589 1549 2651 aliud
1596 2605 1850 2669 oppono.
1946 2586 2231 2659 Quereris
2286 2596 2349 2651 te
2402 2592 2669 2654 consumi
2724 2591 2861 2654 aliis
2916 2591 3319 2655 inserviendo.

623 2687 714 2745 At
758 2682 940 2757 aliuS,
998 2680 1254 2759 regium,
1313 2678 1424 2753 ait,
1483 2677 1618 2740 aliis
1677 2675 2051 2739 inserviendo
2098 2679 2252 2740 male
2301 2678 2522 2741 audire.
2614 2678 2813 2743 Crede
2856 2680 3028 2757 mihi,
3086 2700 3165 2743 ex
3208 2682 3329 2743 hac

624 2770 1030 2835 consumtione
1077 2768 1188 2830 tibi
1235 2775 1482 2831 aeterna
1527 2767 1690 2829 fama
1734 2766 2037 2829 nascitur:
2088 2768 2252 2848 cujus
2283 2768 2515 2848 quidem
2547 2789 2639 2832 me
2669 2777 2839 2833 tanto
2885 2770 3329 2850 diligentiorem

623 2861 1068 2924 buccinatorem
1113 2877 1245 2920 esse
1295 2857 1604 2920 convenit:
1655 2864 1881 2936 quanto
1926 2864 1995 2917 tu
2038 2857 2171 2935 plus
2216 2857 2359 2920 mihi
2406 2878 2583 2939 quam
2628 2859 2785 2934 aliis,
2836 2869 3016 2942 atque
3063 2861 3217 2924 adeo
3266 2861 3327 2922 in

625 2951 735 3012 hoc
781 2969 927 3011 casu
970 2947 1081 3010 tibi
1125 2946 1240 3027 ipsi
1270 2945 1642 3008 benefecisti.
1719 2944 1811 3005 Ac
1857 2945 2057 3006 hercle
2102 2946 2323 3017 nescio,
2372 2967 2485 3028 quo
2522 2957 2703 3028 pacto
2750 2957 2811 3010 te
2856 2949 3049 3030 ipsum
3096 2950 3319 3012 multo-

624 3039 742 3101 ties
787 3037 1179 3122 beneficentia
1233 3043 1294 3097 et
1339 3036 1706 3097 humanitate
1751 3033 1976 3095 vincas.
2070 3033 2219 3098 Cum
2263 3035 2475 3116 ingens
2520 3038 2901 3117 praestiteris
2948 3039 3093 3101 mihi
3135 3039 3325 3101 bene-

624 3127 839 3203 ficium,
887 3145 1140 3188 excusas
1187 3133 1250 3188 te
1295 3123 1456 3198 mihi,
1506 3124 1663 3204 quod
1708 3122 1903 3202 majus
1948 3123 2094 3186 illud
2140 3143 2258 3186 non
2306 3125 2501 3201 fuerit,
2552 3127 2825 3208 quodque
2864 3135 2989 3190 tam
3023 3128 3123 3190 diu
3162 3128 3325 3190 dila-

625 3228 753 3281 tum
781 3216 865 3279 sit
893 3215 1257 3296 opusculum,
1305 3214 1542 3292 culpam
1586 3233 1623 3273 a
1669 3220 1728 3274 te
1771 3229 2061 3274 removes.
2130 3211 2321 3284 Quasi
2366 3222 2473 3277 aut
2516 3215 2667 3278 haec
2712 3217 2889 3297 culpa
2936 3217 3169 3293 fuisset,
3218 3225 3329 3279 aut

627 3326 740 3388 ego
785 3303 1215 3368 beneficentiae
1261 3311 1402 3365 tuae
1451 3301 1675 3364 arbiter
1721 3309 1901 3382 atque
1949 3300 2258 3381 legislator
2304 3303 2660 3379 existerem3
2708 3305 2944 3368 omnino
2992 3306 3167 3388 quasi
3212 3307 3327 3368 de-

626 3397 814 3459 bitum
843 3395 954 3456 hoc
993 3401 1178 3456 esset.
1244 3391 1528 3473 Agnosco
1576 3409 1720 3452 sane
1768 3397 1833 3450 et
1878 3391 2224 3453 reminiscor
2268 3393 2451 3454 verba
2496 3394 2781 3456 nonnulla
2806 3413 2978 3457 meae
3008 3395 3325 3474 epistolae,

630 3485 840 3566 quibus
887 3483 1122 3546 isthaec
1169 3481 1476 3545 excusatio
1523 3478 1885 3561 respondere
1940 3480 2193 3542 videtur.
2286 3479 2515 3544 Verum
2577 3482 2724 3545 illud
2788 3491 2850 3546 te
2915 3503 3161 3547 moneo:
3229 3485 3329 3566 qui

629 3572 880 3637 candido
909 3570 1120 3636 scribit
1155 3572 1369 3647 animo,
1419 3589 1552 3632 eum
1581 3569 1773 3633 multa
1818 3569 2219 3650 incogitanter
2262 3571 2521 3634 scribere
2561 3579 2624 3633 et
2661 3573 2887 3636 semina
2924 3573 3331 3654 suspicionum

629 3681 863 3739 serere;
911 3682 1020 3724 nec
1065 3669 1268 3724 tamen
1315 3660 1449 3724 ideo
1497 3677 1700 3722 earum
1744 3656 1956 3720 teneri.
2024 3657 2185 3720 Sane
2222 3658 2365 3721 mihi
2400 3679 2569 3722 mens
2615 3660 2759 3725 alibi
2805 3681 2923 3725 non
2968 3671 3100 3725 erat
3142 3681 3216 3724 eo
3262 3663 3327 3725 in

629 3755 760 3816 loco
781 3800 800 3827 ,
865 3771 1042 3832 quam
1099 3751 1162 3812 in
1203 3749 1511 3812 sumtibus
1566 3765 1748 3828 parce
1814 3744 2103 3808 faciendis
2169 3748 2425 3811 emtione
2478 3768 2802 3829 paucorum
2854 3752 3325 3833 exemplarium:

623 3851 804 3924 atque
853 3841 930 3904 ad
977 3840 1090 3903 hoc
1136 3839 1477 3902 institutum
1522 3837 1723 3899 omnia
1768 3835 1999 3916 reliqua
2043 3836 2357 3899 referenda
2402 3847 2562 3900 sunt.
2650 3837 2811 3910 Quid
2850 3841 3131 3921 quaeris?
3191 3840 3329 3921 Ego

623 3933 873 3995 totidem
923 3930 1116 3992 sentio
1164 3927 1458 4001 stimulos,
1509 3926 1741 4006 quoties
1789 3932 1855 3986 tu
1900 3925 1995 3986 vel
2043 3933 2277 4005 tempus
2324 3945 2597 4005 excusae,
2617 3961 2625 3977 ι
2647 3927 2744 3990 vel
2774 3937 3059 4010 quantum
3104 3930 3163 3992 in
3213 3949 3325 3991 ex-

625 4020 866 4085 cusione
920 4017 1298 4099 praestiteris
1323 4063 1338 4090 ,
1403 4035 1699 4080 recenses.
1796 4011 2015 4076 Obruis
2069 4033 2162 4076 me
2220 4033 2364 4078 sane
2421 4016 2598 4078 nimio
2656 4017 2775 4079 mei
2830 4019 3066 4082 studio:
3134 4037 3327 4101 neque

625 4111 856 4173 calamo
902 4109 965 4171 id
1011 4125 1265 4188 aequare
1313 4104 1566 4184 amplius
1613 4121 1876 4185 possum.
1950 4104 2081 4166 Nec
2126 4103 2317 4166 minus
2359 4115 2571 4185 gratae
2620 4124 2797 4187 quam
2842 4109 3141 4171 salutares
3186 4115 3330 4170 sunt

623 4200 1028 4280 intersparsae
1096 4195 1550 4258 admonitiones,
1643 4193 1744 4256 Ad
1800 4191 2035 4254 unicum
2092 4193 2164 4256 de
2224 4193 2409 4256 nimia
2462 4215 2598 4258 mea
2649 4194 2946 4259 brevitate
3012 4204 3079 4259 et
3140 4218 3329 4277 παρα·
3423 4203 3428 4208 ’

625 4290 838 4367 βασεσι
881 4286 1215 4367 respondeo
1263 4277 1322 4345 in
1369 4301 1615 4370 genere3
1662 4300 1777 4344 non
1828 4281 2183 4363 obloquendi
2230 4282 2451 4360 animo,
2500 4285 2608 4346 sed
2655 4295 2721 4347 ut
2768 4286 2977 4348 videas
3025 4287 3329 4350 fortunam

627 4396 839 4439 meam.
933 4376 1087 4439 Cum
1132 4373 1426 4436 neminem
1479 4373 1664 4434 sciam
1721 4371 1778 4432 in
1837 4371 1941 4433 illo
1997 4371 2328 4434 clarissimo
2386 4373 2603 4436 lumine
2662 4384 2900 4437 vestrae
2956 4375 3323 4451 academiae,

628 4467 727 4547 qui
772 4485 905 4528 mea
962 4467 1248 4546 dogmata
1303 4463 1452 4524 dat-a
1505 4463 1823 4542 impeteret
1878 4459 2099 4541 opera:
2167 4461 2440 4524 inventus
2504 4472 2602 4525 est
2665 4463 2722 4525 in
2787 4465 2900 4526 hac
2956 4464 3211 4528 obscura
3264 4473 3331 4528 et

629 4555 949 4617 tenebrosa
992 4553 1289 4630 barbarie,
1339 4552 1458 4633 qui,
1507 4570 1638 4614 cum
1681 4551 1818 4632 plus
1866 4548 2203 4630 intelligere
2250 4569 2367 4613 non
2412 4559 2642 4632 posset,
2693 4552 2883 4615 solum
2920 4553 3065 4616 illud
3094 4555 3331 4618 calum·

630 4645 778 4707 niari
826 4645 902 4706 ad
946 4661 1225 4722 proceres
1273 4661 1453 4704 ausus
1502 4651 1625 4716 est,
1675 4641 1960 4720 pleraque
2009 4659 2082 4700 ex
2130 4638 2460 4719 Copernico
2508 4642 2784 4704 desumta
2830 4650 2891 4704 et
2938 4642 3015 4722 ab
3061 4663 3132 4706 eo
3180 4652 3325 4707 ante

629 4735 848 4798 multos
895 4751 1083 4794 annos
1130 4732 1312 4795 dicta.
1386 4729 1548 4802 Quid
1594 4729 1818 4808 agam?
1881 4729 2093 4809 Neque
2130 4729 2495 4812 hypotheses
2530 4749 2700 4792 meae
2736 4741 2898 4806 sunt,
2948 4751 3139 4813 neque
3186 4753 3326 4796 cor-

627 4843 795 4906 pora.
872 4823 1130 4884 Tantum
1174 4841 1285 4902 ego
1333 4821 1527 4884 nexui.
1603 4819 1693 4881 At
1739 4819 1871 4898 quis
1920 4835 1994 4879 ex
2038 4817 2330 4898 imperitis
2377 4819 2585 4880 harum
2622 4839 2835 4898 rerum,
2884 4822 3132 4884 audieus
3168 4822 3328 4886 hanc

629 4912 989 4978 calumniam
1035 4929 1111 4972 ex
1154 4929 1246 4988 eo,
1295 4929 1469 4992 quem
1514 4887 1754 4971 doctum
1799 4915 2091 4984 autumat,
2141 4907 2253 4970 hoc
2298 4915 2480 4988 pacto
2526 4908 2761 4972 institui
2805 4917 3026 4992 potest,
3078 4919 3147 4974 ut
3192 4931 3328 4976 eum
