3634 5575
524 282 647 350 192
1435 282 1494 332 In
1531 280 1827 344 Mysterinm
1864 279 2331 346 Cosmographicnm

731 445 962 506 modum,
1001 449 1070 497 ut
1103 445 1170 497 de
1209 443 1434 496 cometis
1464 448 1680 511 septem
1722 442 1980 506 secundo,
2026 443 2093 495 de
2134 440 2167 496 5
2198 441 2442 510 planetis
2468 441 2655 495 tertio
2692 449 2840 496 tomo
2879 457 2941 495 se
2981 441 3256 496 dicturum

733 524 1085 596 polliceatur.
1168 526 1248 579 At
1292 524 1563 576 secundus
1609 539 1716 574 non
1763 522 1873 575 erit
1906 521 2230 584 vendibilis,
2266 537 2401 575 cum
2438 521 2558 590 jam
2604 522 2845 591 plurima
2888 535 3053 590 pars,
3098 521 3257 591 prior

737 622 810 658 sc.
847 604 1115 672 impressa
1142 611 1203 656 et
1227 619 1371 672 pene
1402 603 1662 656 absoluta
1691 601 1780 654 sit.
1842 603 1931 656 lta
1966 602 2314 671 exemplaria
2341 601 2559 655 interea
2585 601 2695 656 situ
2722 602 3002 672 peribunt.
3058 599 3257 671 Tycho

733 683 936 738 alicubi
966 683 1132 736 aliter
1159 683 1420 736 materias
1451 681 1684 744 ordinat,
1725 695 1954 750 nempe.

614 761 696 834 ,5)
739 764 1418 833 Progymnasmatum
1459 765 1610 815 Astr.
1643 767 1771 814 tom.
1809 761 1903 822 111,
1946 762 2013 812 de
2042 761 2167 814 aliis
2198 761 2232 814 6
2264 761 2505 815 cometis.
2562 763 2646 814 Ad
2676 763 2823 814 hunc
2850 761 3049 816 librum
3077 776 3259 830 appa·

733 845 965 900 randum
991 842 1266 895 sufficiens
1315 843 1477 895 adest
1521 841 1772 904 materia,
1814 842 1909 892 sed
1951 839 2185 894 formam
2210 840 2389 893 adhuc
2418 840 2627 895 nullam
2654 842 2845 895 habet.
2902 841 3027 901 Non
3054 842 3261 894 desunt

739 931 942 984 tamen,
975 921 1066 991 qui
1095 922 1322 975 formam
1351 921 1434 974 illi
1461 921 1741 983 inducant,
1774 920 1837 982 si,
1870 922 2011 990 quod
2041 937 2145 989 par
2174 927 2233 974 et
2254 920 2399 973 satis
2430 928 2533 984 est,
2566 928 2966 975 sustententur.

634 999 696 1069 6)
738 1001 1044 1056 Tabulae
1093 1001 1553 1070 Rodolpheae.
1630 999 1873 1054 Materia
1918 1001 1988 1054 ad
2034 1000 2135 1053 has
2184 1001 2539 1069 apparandas
2584 1003 2747 1062 adest
2790 999 3261 1054 sufficientissima

741 1099 890 1152 pars,
921 1097 1022 1133 nec
1049 1082 1282 1134 deerunt
1309 1081 1554 1150 ingenia,
1599 1079 1648 1132 si
1674 1079 2033 1133 Maecenates
2062 1081 2189 1143 sint,
2220 1086 2282 1132 et
2308 1081 2583 1150 exiguum·
2603 1080 2811 1151 aliquid
2840 1081 2895 1134 in
2923 1079 3087 1134 certis
3115 1095 3258 1149 pen-

740 1161 984 1216 sionibus
1015 1159 1208 1213 annuis
1239 1160 1294 1213 in
1323 1161 1468 1213 hunc
1497 1176 1654 1213 usum
1683 1168 1967 1230 erogetur.
2027 1159 2147 1212 Hoc
2190 1175 2327 1227 opus
2370 1160 2686 1230 primarium
2730 1166 2834 1224 est,
2880 1162 3021 1231 quod
3058 1159 3260 1214 merito

743 1237 1092 1310 (Rodolphus
1123 1235 1359 1306 Caesar)
1389 1241 1709 1310 Magnates,
1755 1239 2132 1308 Respublicae
2161 1247 2221 1292 et
2247 1241 2581 1294 Academiae
2607 1241 2798 1310 magni
2826 1241 3029 1305 facere,
3075 1247 3151 1302 et,
3193 1245 3267 1290 ut

740 1321 918 1374 lucem
945 1320 1154 1381 videat,
1191 1319 1326 1373 eniti
1357 1320 1576 1374 debent.
3052 1347 3061 1354 ·

639 1399 698 1468 7)
743 1401 1109 1454 Theatrum
1152 1400 1677 1452 astronomicum
1727 1399 1999 1452 rationem
2045 1398 2225 1452 reddit
2276 1399 2473 1451 calculi
2529 1399 2981 1469 ingeniosissimis
3038 1399 3260 1452 demon·
3326 1392 3329 1396 ’

743 1479 1122 1534 strationibus.
1173 1479 1364 1548 ltaque
1393 1479 1551 1548 quasi
1582 1479 1766 1532 altera
1792 1493 1926 1547 pars
1958 1496 2081 1532 esse
2112 1478 2293 1548 possit
2318 1478 2484 1547 hujus
2512 1478 2838 1548 principalis
2867 1479 3047 1549 operis
3078 1487 3263 1532 astro-

741 1559 957 1614 nomiae
999 1558 1369 1612 instauratae.

639 1636 704 1710 8)
747 1639 1018 1694 Volumen
1058 1638 1257 1709 ingens
1300 1637 1871 1692 Observationum
1913 1639 1983 1690 ad
2027 1654 2199 1692 annos
2243 1639 2359 1691 fere
2402 1638 2491 1702 40·
2518 1637 2967 1710 conscriptarum.
3038 1637 3096 1690 Id
3134 1637 3263 1690 loco

745 1726 831 1772 tot
860 1725 1239 1772 anteactorum
1269 1733 1533 1771 annorum
1575 1717 1985 1788 ephemeridum
2012 1735 2136 1771 esse
2164 1719 2357 1787 possit.
2415 1717 2615 1770 Posset
2649 1718 2739 1770 vel
2774 1717 2896 1786 jam
2933 1716 3122 1770 statim
3150 1715 3261 1768 edi.

748 1797 973 1852 Interim
1011 1796 1398 1851 custodiendae
1440 1796 1636 1851 merito
1683 1805 1814 1851 sunt
1860 1797 1969 1850 hae
2019 1798 2435 1851 observationes
2482 1798 2603 1849 loeo
2648 1797 2793 1868 regii
2826 1796 3082 1850 'thesauri
3124 1801 3186 1848 et
3226 1810 3284 1848 a—

747 1877 1104 1948 magnatibus
1134 1877 1323 1948 magni
1352 1875 1654 1940 faciendae,
1688 1878 1818 1946 quia
1848 1883 1979 1930 sunt
2004 1877 2382 1939 fundamenta,
2416 1877 2533 1931 sine
2563 1878 2759 1946 quibus
2788 1878 2981 1947 nequit
3007 1883 3260 1930 astrono-

744 1958 856 2011 mia
897 1954 1214 2011 instaurari.
1273 1956 1388 2009 Nec
1432 1974 1559 2026 spes
1603 1964 1706 2020 est,
1754 1973 2081 2027 quemquam
2118 1959 2253 2020 fore,
2301 1957 2390 2027 qui
2434 1957 2694 2010 certiores
2731 1971 2973 2027 unquam
3002 1956 3263 2009 observa?

753 2037 931 2092 tiones
961 2036 1292 2090 conscribat.
1349 2037 1457 2090 Est
1483 2055 1534 2090 n.
1563 2054 1653 2090 res
1685 2038 2091 2091 taediosissima
2118 2045 2179 2090 et
2205 2036 2424 2106 plurimi
2454 2036 2734 2106 temporis.

1349 2134 1457 2187 Ita
1497 2133 1723 2187 sentio
1765 2134 1841 2186 M.
1888 2135 2189 2188 Joannes
2230 2134 2577 2202 Keplerus
2617 2131 3177 2194 Mathematicus,

1652 2215 2042 2300 Astronomiae
2071 2213 2423 2283 Tychonicae
2453 2211 2900 2268 studiosissimus.

682 2403 774 2469 15)
813 2422 862 2471 p.
899 2401 985 2455 48.
1060 2404 1208 2455 Hanc
1255 2404 1502 2469 Tychonis
1553 2405 1814 2468 epistolam
1858 2406 2109 2467 subJunxit
2157 2403 2456 2454 Maestlinus
2508 2403 2767 2466 appendici
2815 2403 2881 2452 ad
2924 2402 3265 2458 Prodi-omum,

537 2481 664 2530 haec
700 2479 1052 2542 praemittens.
1111 2476 1209 2526 Pro
1247 2477 1621 2526 confirmatione
1657 2476 1822 2539 hujus,
1860 2490 1991 2540 quae
2028 2491 2089 2525 ex
2128 2475 2383 2539 Copernici
2418 2475 2769 2537 hypothesibus
2807 2473 3041 2538 sequitur,
3078 2472 3263 2536 longis-

539 2554 661 2600 sime
698 2550 978 2600 contrariae
1013 2549 1212 2598 usitatis
1248 2547 1598 2611 hypothesibus
1621 2549 1920 2597 sententiae
1956 2547 2093 2596 lubet
2124 2560 2400 2610 apponere,
2438 2559 2567 2610 quae
2608 2545 3048 2595 excellentissimus
3072 2541 3267 2592 Nobilis

538 2621 929 2672 Mathematicus
967 2618 1136 2681 Tycho
1173 2618 1366 2675 Brahe,
1405 2618 1611 2676 Dauus,
1651 2621 1751 2668 suis
1791 2619 2137 2681 experimentis
2175 2618 2478 2674 observavit,
2518 2618 2689 2680 quibus
2726 2623 2998 2682 tanquam
3003 2630 3035 2664 a
3070 2616 3264 2678 peritis-

543 2694 665 2742 simo
705 2691 895 2740 artifice
931 2689 1114 2739 habitis
1155 2689 1575 2739 observationibus
1613 2692 1782 2753 utique
1834 2690 1957 2738 fides
2009 2689 2234 2752 derogari
2270 2702 2370 2736 non
2406 2693 2585 2750 potest.
2659 2686 2709 2735 Is
2746 2687 2798 2736 in
2834 2686 3061 2751 Epistola
3096 2685 3162 2734 ad
3199 2685 3267 2734 D.

537 2763 814 2815 Peucerum
851 2775 982 2810 anno
1021 2757 1162 2812 1588
1199 2759 1323 2810 data
1355 2761 1429 2810 sic
1463 2761 1649 2810 scribit.
1727 2760 2003 2817 „Constitui
2040 2759 2309 2823 periculum
2348 2759 2539 2820 facere,
2592 2763 2839 2823 quaenam
2878 2771 3079 2815 earum,
3136 2769 3267 2821 quae

540 2836 784 2884 hactenus
821 2835 1056 2882 inventae
1093 2839 1238 2881 erant
1283 2830 1679 2895 (hypothesium,
1727 2831 2142 2881 Ptolemaicarum
2190 2847 2259 2880 sc.
2298 2832 2373 2879 vel
2412 2832 2737 2879 usitatarum:
2794 2830 2871 2879 vel
2924 2842 2957 2877 a
2995 2829 3268 2893 Copernico

541 2905 865 2955 traditarum:
913 2903 990 2952 vel
1041 2916 1208 2952 eorum
1255 2904 1336 2966 qui
1384 2903 1859 2952 homocentricorum
1894 2904 2185 2966 figmentum
2224 2902 2487 2951 commenti
2524 2896 2665 2961 sunt)
2711 2902 2908 2950 veritati
2942 2900 3139 2963 propius
3176 2915 3265 2949 ac·

541 2976 758 3027 cederet.
831 2973 986 3039 quue
1020 2989 1109 3037 per
1145 2973 1324 3023 Martis
1359 2975 1666 3037 potissimum
1701 2974 1899 3023 stellam
1934 2988 2014 3023 me
2051 2973 2293 3036 expiscari
2326 2986 2469 3037 posse
2507 2972 2815 3021 confidebam
2832 3008 2847 3029 ,
2886 2971 3083 3036 quando
3112 2972 3267 3021 nimi-

541 3062 650 3099 rum
687 3059 750 3095 ea
787 3043 1070 3107 acronycha
1105 3044 1290 3095 Terrae
1329 3046 1756 3109 appropinquaret.
1834 3044 1889 3093 Si
1922 3046 2054 3093 enim
2091 3045 2230 3093 nobis
2264 3044 2461 3107 propius
2499 3043 2763 3093 accederet
2779 3078 2792 3101 ,
2830 3056 2981 3107 quam
3018 3044 3122 3107 ipse
3161 3041 3267 3100 Sol,

543 3118 936 3181 Copernicanam
961 3116 1348 3179 speculationem
1374 3116 1690 3178 praevalere:
1727 3117 1802 3164 sin
1828 3117 2008 3174 minus,
2036 3130 2149 3165 cum
2175 3116 2483 3165 Ptolemaios
2504 3115 2667 3178 potius
2702 3114 2935 3163 standum
2973 3112 3266 3163 arbitrabar.

543 3188 864 3251 Tandemque
913 3200 1100 3251 magna
1151 3186 1412 3252 diligentia
1459 3201 1553 3236 nec
1603 3188 1764 3249 parvis
1815 3187 2085 3245 sumtibus,
2141 3188 2424 3251 conquisitis
2472 3188 2620 3235 variis
2670 3186 2866 3251 organis
2905 3185 3264 3243 astronomicis,

544 3262 717 3326 quibus
755 3258 968 3307 siderum
1003 3263 1166 3307 motus
1205 3258 1506 3315 centraliter,
1544 3273 1644 3305 non
1679 3258 1857 3307 saltem
1894 3260 1947 3307 in
1982 3260 2087 3320 ipso
2124 3258 2368 3321 scrupulo,
2404 3257 2491 3307 sed
2530 3258 2683 3307 etiam
2718 3258 2768 3305 in
2807 3260 2913 3317 eius
2950 3256 3155 3304 dimidia
3188 3254 3272 3304 vel

544 3337 724 3395 quarta
757 3335 900 3393 parte
953 3329 1192 3392 explorari
1244 3335 1379 3377 certo
1427 3334 1655 3393 possent,
1706 3328 1841 3378 hanc
1892 3329 2121 3378 subtilem
2168 3330 2611 3379 considerationem
2664 3328 2873 3393 aggredi
2908 3342 3006 3378 non
3043 3327 3270 3383 verebar,

543 3402 692 3465 idque
725 3401 1030 3463 potissimum
1067 3414 1200 3448 anno
1239 3398 1390 3456 1582,
1431 3414 1542 3449 cum
1561 3398 1698 3447 Mars
1735 3415 1921 3463 pernox
1955 3400 2118 3450 factus
2156 3398 2260 3449 Soli
2297 3407 2625 3463 opponeretur
2656 3400 2709 3447 in
2748 3412 2945 3467 pancro,
2985 3405 3036 3447 et
3069 3399 3275 3461 insuper

544 3487 634 3537 per
668 3473 869 3521 boream
904 3470 1220 3521 latitudinem
1257 3469 1508 3533 sublimior
1543 3470 1829 3535 quotidiano
1868 3472 2076 3520 circuitu
2110 3471 2412 3521 redderetur.
2475 3470 2672 3519 Habitis
2708 3470 2861 3534 igitur
2894 3478 3015 3518 tunc
3050 3468 3273 3533 pluribus

545 3544 793 3593 accuratis
830 3540 1283 3597 observationibus,
1323 3549 1428 3591 tam
1467 3544 1602 3591 circa
1637 3548 1824 3600 ortum,
1863 3556 2010 3606 quam
2048 3554 2305 3598 occasum,
2364 3544 2565 3605 ejusque
2600 3556 2689 3605 per
2721 3540 3049 3589 meridianum
3084 3542 3273 3589 nansi-

543 3620 679 3673 mm,
733 3612 1061 3697 deprehendi,
1107 3612 1323 3661 Martem
1369 3616 1608 3675 majorem
1645 3614 1839 3662 causari
1882 3613 2189 3685 parallaxin,
2247 3627 2393 3676 quam
2430 3614 2592 3675 ipsum
2629 3612 2822 3672 Solem,
2870 3612 3078 3675 ideoque
3116 3613 3273 3661 etiam

546 3649 708 3735 Terris
744 3685 1150 3748 propinquiorem,
1189 3699 1302 3733 cum
1329 3683 1636 3746 aeronychus
1675 3690 1768 3740 est.
1805 3684 1929 3741 fieri,
1969 3684 2270 3747 astipulante
2306 3698 2409 3732 una
2442 3691 2581 3732 motu
2616 3684 2767 3747 ipsius
2805 3683 2994 3741 diurno,
3034 3696 3146 3731 cum
3173 3682 3269 3730 Co-

545 3755 829 3821 pernicanis
857 3756 1018 3819 potius
1041 3756 1258 3803 numeris
1284 3756 1645 3811 consentiente,
1685 3770 1744 3804 eo
1781 3754 1914 3818 quod
1948 3756 2097 3819 paulo
2123 3756 2330 3805 celerius
2356 3761 2490 3803 certo
2518 3754 2705 3803 dierum
2738 3754 2995 3803 intervallo
3032 3755 3085 3801 in
3122 3760 3267 3801 ante-

547 3828 782 3877 cedentia
813 3826 1092 3889 repedaret,
1131 3839 1278 3889 quam
1318 3824 1726 3888 Alphonsinornm
1763 3826 2064 3875 concederet
2101 3840 2133 3875 a
2166 3824 2450 3875 Ptolemaeo
2488 3826 2707 3875 deducta
2740 3825 3087 3874 ratiocinatio:
3121 3824 3272 3889 idque

548 3898 608 3947 ob
643 3899 883 3947 minorem
921 3910 953 3945 a
980 3894 1142 3945 Terris
1178 3896 1484 3954 distantiam,
1523 3911 1650 3959 quae
1686 3904 1875 3945 motum
1910 3898 2059 3960 paulo
2097 3898 2411 3946 intentiorem
2448 3910 2687 3961 apparere
2724 3894 2987 3945 efficiebat.
3063 3894 3123 3945 Id
3158 3908 3274 3945 cum

546 3970 598 4019 in
625 3968 790 4018 Marte
825 3968 948 4017 satis
986 3966 1289 4029 exploratum
1325 3967 1575 4023 haberem,
1615 3974 1668 4017 et
1701 3969 1834 4017 idem
1872 3968 2025 4019 etiam
2068 3970 2119 4018 in
2146 3966 2343 4017 Venere
2389 3968 2647 4032 aliquoties
2687 3980 2720 4015 a
2752 3982 2833 4016 me
2870 3966 3085 4016 interdiu
3122 3972 3275 4031 atque

545 4042 598 4089 in
633 4041 738 4103 ipso
775 4038 1047 4089 meridiano
1085 4038 1416 4095 observatum,
1455 4045 1508 4088 et
1538 4042 1684 4102 juxta
1719 4053 1955 4088 occasum
1991 4039 2253 4089 collatione
2288 4040 2441 4096 facta,
2478 4040 2575 4087 imo
2614 4040 2766 4087 etiam
2796 4037 2899 4086 alia
2933 4039 3148 4102 quadam
3182 4038 3272 4101 'pe-

547 4111 722 4161 culiari
758 4111 952 4159 ratione
991 4122 1122 4157 anno
1162 4107 1300 4157 1587
1342 4111 1478 4159 circa
1513 4111 1643 4159 diem
1681 4107 1766 4158 2⁴.
1807 4110 1948 4159 Febr.
1988 4110 2184 4173 qnando
2230 4112 2362 4159 intra
2406 4124 2558 4159 unam
2603 4109 2681 4157 vel
2732 4109 2940 4157 alteram
2990 4108 3120 4157 diem
3166 4116 3273 4159 tam

545 4183 878 4246 vespertinam
913 4194 1062 4244 quam
1099 4182 1397 4229 matutinam
1437 4179 1591 4245 (quod
1629 4181 1756 4230 alias
1790 4182 2094 4230 rarissimum
2132 4178 2233 4241 est)
2270 4181 2393 4239 vidi,
2447 4186 2636 4229 motum
2674 4186 2999 4243 apparentem
3034 4194 3147 4229 cum
3184 4181 3271 4237 eis,

547 4267 675 4317 quae
712 4254 906 4301 ratione
940 4251 1250 4314 parallaxeos
1287 4252 1482 4309 fierent,
1521 4252 1816 4301 conferendo
1856 4253 2267 4315 compi-obessem,
2302 4253 2377 4301 ita
2410 4252 2539 4316 quod
2573 4251 2888 4301 Ptolemaicis
2920 4250 3274 4315 hypothesibus

545 4324 674 4373 haec
709 4325 880 4373 omnia
913 4323 1114 4371 minime
1151 4329 1508 4387 congruerent:
1545 4323 1847 4386 impellebar,
1886 4330 1944 4371 ut
1977 4323 2287 4386 postmodum
2322 4324 2483 4387 magis
2508 4324 2765 4388 magisque
2786 4321 3160 4385 Copernicanae
3195 4323 3271 4370 in-

545 4396 764 4445 ventioni
799 4394 952 4445 iidem
987 4394 1360 4443 attribuerem.“

692 4564 785 4630 16)
821 4584 868 4632 p.
909 4565 993 4619 56.
1056 4568 1386 4619 Praefationis
1422 4569 1568 4633 hujus
1605 4580 1796 4635 partem
1836 4570 2143 4621 exhibuimus
2178 4586 2294 4636 pag.
2323 4568 2407 4619 20.
2466 4571 2689 4634 Epistola
2718 4570 3273 4621 Achillis‘Gasseri

549 4636 753 4701 (medici
789 4639 1148 4697 Lindaviensis,
1188 4638 1223 4702 †
1259 4642 1520 4705 Augustae
1555 4640 1703 4692 Vind.
1744 4657 1791 4692 a.
1837 4640 2017 4705 1577).
2054 4643 2177 4693 data
2210 4642 2536 4693 Feldkirchae
2572 4642 2823 4693 Rhaetiae
2860 4657 2993 4693 anno
3031 4640 3172 4691 1540
3208 4644 3275 4693 ad

551 4710 612 4763 G.
650 4709 950 4775 Vogelinum
989 4710 1423 4761 constantiensem
1458 4712 1706 4762 medicum
1744 4714 2063 4763 commendat
2102 4713 2366 4773 „Rhetici“
2408 4713 2667 4778 epistolam
2704 4714 2769 4763 de
2804 4712 3101 4779 Copernico,
3136 4714 3275 4764 illum

546 4782 764 4837 invitans
781 4817 796 4841 ‚
835 4786 891 4832 ut
927 4796 1040 4833 eam
1074 4784 1206 4833 inter
1241 4784 1442 4857 amicos·
1464 4790 1517 4835 et
1552 4785 1855 4835 auctoritate
1892 4798 1987 4835 sua
2020 4793 2319 4851 propagaret
2355 4790 2407 4836 et
2443 4785 2827 4839 commendaret.
