3634 5575
1543 386 1720 433 ww·
1753 380 1951 433 Urm-
2978 384 3111 455 253

365 540 484 605 ΑΕ
529 548 852 622 aequator,
917 537 1034 603 OG
1079 540 1208 621 ejus
1255 540 1388 603 axis
1659 594 1670 605 ,
2164 538 2259 589 rte·
2292 536 2334 582 ¹·

367 640 432 692 et
483 630 629 712 poli.
729 628 850 690 HD
909 629 1212 703 zodiacus,
1279 628 1389 691 BF
2245 643 2258 664 ν·

366 720 496 798 ejus
543 718 678 781 axis
723 726 789 780 et
833 716 986 798 poli;
1049 717 1168 779 erit
1237 716 1386 779 lKL

365 808 590 887 primns
637 805 804 869 orbis
861 806 920 868 in
970 805 1206 869 theoria
1225 852 1234 861 .
1250 806 1381 867 Lu-

365 916 478 959 nae
506 895 828 958 secundum
845 894 1181 970 Eudoxum,
1208 894 1376 974 ejus-

365 1004 478 1066 que
531 984 656 1066 poli
709 984 772 1057 Ι,
853 982 935 1043 K.
1016 980 1202 1053 NOQ
1273 1000 1376 1043 se-

363 1072 618 1147 cundus,
683 1072 818 1152 ejus
859 1071 984 1150 poli
1024 1072 1114 1145 N,
1175 1068 1232 1132 O
1278 1070 1376 1131 af-

1477 1112 1515 1164 Β
2257 1073 2378 1147 Π

362 1164 463 1225 fixi
553 1162 742 1242 primo
821 1160 916 1221 ῙΚ
991 1159 1054 1221 in
1137 1158 1378 1259 punctis
1987 1073 2394 1266 ff-'

361 1250 432 1324 P,
462 1250 551 1313 M.
597 1248 758 1311 RST
799 1248 1038 1319 tertius,
1080 1248 1212 1329 ejus
1255 1247 1378 1328 poh
1915 1193 2046 1334 ’ρ
2087 1277 2094 1306 ῑ

362 1338 449 1415 Β,
497 1338 576 1413 Τ,
625 1336 792 1400 affixi
837 1336 1100 1399 secundo
1127 1338 1188 1399 in
1220 1354 1375 1416 pun·-
1425 1400 1460 1461 c
1886 1307 2220 1430 ’ἒξ

362 1430 478 1493 ctis
523 1426 607 1500 V,
653 1426 736 1489 X.

537 1515 747 1577 Habes
807 1511 1048 1575 Eudoxi
1117 1530 1378 1575 concen-

361 1606 568 1679 tricos,
616 1603 801 1677 Urse,
859 1603 918 1664 in
965 1602 1204 1663 theoria
1247 1602 1376 1663 Lu-

361 1712 498 1757 nae.
611 1692 644 1753 I
724 1710 879 1753 nunc
961 1696 1028 1751 et
1107 1698 1378 1753 veterum

361 1780 792 1845 astronomiam
837 1778 1094 1841 extolle!
1173 1779 1378 1840 Theo-

361 1872 454 1933 ria
528 1870 678 1931 haec
753 1888 868 1931 nou
943 1874 1190 1929 constat
1261 1866 1376 1929 nisi

359 1957 776 2031 concentricis,
825 1975 973 2019 sane
1019 1956 1162 2036 qnia
1205 1962 1376 2017 cete-

361 2068 464 2112 ras
491 2048 701 2109 Lunae
747 2045 1216 2125 inaequalitates
1243 2044 1374 2106 Eu-

361 2140 554 2199 doxus
597 2134 920 2215 ignoravit.

537 2224 728 2287 Porro
820 2240 1002 2303 quare
1089 2219 1378 2283 Eudoxus

364 2314 546 2376 etiam
589 2312 652 2375 in
699 2310 1022 2373 Theoriam
1067 2307 1230 2371 Solis
1279 2308 1622 2375 latitudinis
1661 2312 1947 2375 circulum
2004 2311 2426 2387 introduxerit,
2476 2312 2577 2375 diu
2624 2330 2855 2377 mecum
2902 2332 3096 2395 qnae-

363 2401 497 2464 sivi.
589 2400 748 2464 Nam
813 2397 930 2460 etsi
987 2397 1102 2459 hoc
1148 2397 1358 2475 procul
1425 2399 1604 2463 dnbio
1663 2409 1732 2463 et
1783 2402 1865 2462 D.
1924 2400 2131 2481 Tycho
2176 2400 2379 2462 Brahe
2444 2400 2663 2477 faciat,
2730 2402 2833 2482 qui
2896 2412 3099 2465 muta-

363 2491 590 2553 tionem
653 2488 917 2568 aliquam
994 2484 1336 2547 latitudinis
1399 2488 1652 2553 fixarum
1717 2489 2145 2569 deprehendit:
2219 2488 2333 2551 hoc
2404 2495 2607 2551 tamen
2682 2497 2811 2553 tam
2874 2491 3099 2564 subtile

361 2578 669 2658 negotium
735 2595 864 2637 nec·
907 2575 1024 2636 nisi
1081 2582 1228 2653 post
1291 2579 1480 2639 multa
1545 2578 1752 2641 secula
1817 2576 2183 2658 deprehendi
2254 2584 2491 2657 potest,
2570 2594 2681 2640 nec
2746 2578 2801 2640 si
2860 2578 3099 2643 Eudoxi

361 2679 633 2747 tempore
697 2664 1004 2745 potuisset
1071 2662 1470 2727 animadverti
1537 2665 1793 2730 Eudoxo
1852 2668 2073 2729 fuisset
2148 2665 2485 2746 cognitum,
2550 2666 2649 2747 qui
2706 2668 2897 2731 multo
2962 2668 3097 2729 evi-

361 2757 638 2820 dentiora
716 2750 1051 2834 praeteriit.
1161 2752 1594 2832 Interpretatio
1677 2774 1821 2819 vero
1886 2756 2163 2818 Fracas
2178 2764 2249 2819 to
2262 2754 2353 2818 rii
2416 2755 2611 2818 locum
2684 2772 2801 2818 non
2870 2756 3095 2820 habet:

363 2847 556 2921 „haec
603 2844 813 2924 igitur,
861 2841 1086 2923 inquit,
1151 2862 1190 2904 a
1245 2845 1512 2906 secunda
1562 2863 1672 2926 per
1717 2845 1951 2908 zodiaci
2024 2844 2459 2924 longitudinem
2502 2843 2864 2918 ducebatur,
2930 2853 3097 2909 motu

363 2943 568 2996 autem
625 2951 732 2994 suo
789 2931 1088 3000 faciebat,
1153 2938 1222 2992 ut
1275 2933 1460 2994 stella
1515 2953 1634 2997 non
1689 2934 1750 2996 in
1808 2935 2017 2996 eadem
2076 2932 2343 2996 maxima
2398 2931 2801 2996 declinatione
2858 2951 3099 3014 semper

363 3030 658 3096 maneret,
717 3020 828 3082 sed
873 3019 1050 3081 Luna
1093 3019 1270 3080 modo
1315 3019 1376 3081 in
1441 3041 1558 3085 uno
1607 3021 1778 3104 signo
1839 3023 2015 3086 modo
2066 3022 2127 3085 in
2174 3022 2295 3084 alio
2340 3021 2673 3098 videretur,
2740 3020 2853 3084 Sol
2898 3022 3095 3103 magis

361 3122 425 3175 et
469 3112 663 3173 minus
710 3107 1046 3171 declinaret
1091 3107 1167 3168 ab
1216 3109 1708 3189 aequinoctiali.“
1731 3106 1816 3184 ¹⁰)
1909 3109 2077 3182 Quid
2112 3111 2271 3172 enim
2321 3130 2471 3190 opus
2500 3117 2599 3173 est
2640 3129 2753 3191 pro
2800 3111 3097 3174 varianda

361 3201 532 3264 Solis‘
573 3196 974 3261 declinatione
1021 3214 1238 3258 novum
1285 3197 1566 3262 inducere
1613 3200 1925 3275 circulum,
1976 3217 2111 3261 cum
2156 3197 2217 3261 id
2266 3200 2527 3262 officium
2588 3199 2773 3261 tertio
2834 3199 2936 3281 qui
2982 3199 3095 3264 sub

361 3289 610 3360 zodiaco
657 3285 884 3348 incedit
943 3285 1025 3346 sit
1081 3286 1426 3365 proprium?
1515 3287 1602 3350 Et
1645 3288 1837 3350 verba
1880 3287 2072 3367 ipsius
2118 3305 2235 3350 non
2288 3295 2427 3375 sunt
2468 3287 2821 3350 astronomi.
2896 3289 3091 3366 Luna,

361 3377 574 3458 inquit,
621 3375 946 3438 secundum
991 3373 1288 3436 maximae
1337 3375 1766 3438 declinationis
1814 3376 1892 3438 ab
1942 3381 2267 3456 aequatore
2312 3384 2599 3455 punctum
2662 3395 2819 3438 nunc
2866 3377 2927 3438 iu
2974 3395 3093 3440 uno

363 3466 556 3547 signo,
604 3483 758 3526 nnnc
805 3463 864 3524 in
913 3461 1034 3524 alio
1080 3464 1452 3525 cernebatur.
1547 3463 1636 3527 At
1672 3465 1849 3526 Luna
1876 3463 2226 3526 Fracastori
2272 3464 2545 3544 nuspiam
2585 3463 2721 3544 plus
2752 3466 2829 3526 ab
2860 3484 3092 3546 aequa-

327 3563 494 3618 ·tore
541 3553 835 3626 declinat,
887 3569 1066 3631 quam
1117 3551 1176 3612 in
1227 3565 1319 3625 ee,
1379 3556 1448 3630 Z>
1467 3595 1484 3624 ‚
1547 3571 1664 3616 non
1729 3551 1923 3614 minus
1992 3569 2170 3632 qnam
2218 3550 2345 3614 Sol.
2438 3551 2729 3632 Adeoque
2776 3553 2907 3633 jam
2964 3554 3091 3616 fere

367 3641 802 3706 concludebam
849 3657 1102 3714 mecum,
1155 3639 1420 3702 voluisse
1468 3640 1782 3702 Eudoxum
1831 3646 2058 3702 motum
2089 3639 2352 3704 fortasse
2389 3640 2641 3702 fixarum
2672 3640 3091 3704 demonstrare

369 3751 480 3813 per
525 3729 848 3793 secundum
893 3725 1078 3797 NOQ
1137 3727 1449 3804 circulum,
1519 3729 1698 3791 aliter
1758 3727 2098 3790 revolutum
2154 3735 2213 3789 et
2272 3747 2453 3807 super
2510 3727 2646 3790 aliis
2700 3728 2892 3808 polis,
2954 3747 3090 3792 cum

363 3819 762 3884 occurrebant
815 3815 1168 3896 sequentia:
1233 3817 1338 3892 „in
1389 3818 1620 3899 majore
1667 3827 1871 3881 autem
1916 3815 2235 3878 latitudine
2284 3817 2569 3879 inflexum
2612 3834 2751 3878 esse
2798 3835 2965 3892 eum,
3026 3817 3089 3880 in

367 3927 484 3990 quo
531 3907 725 3979 Luna,
773 3924 952 3985 quam
998 3903 1060 3965 in
1109 3922 1225 3984 quo
1273 3905 1381 3968 Sol
1431 3907 1726 3968 feratur.“
1818 3904 2052 3977 Quibus
2099 3906 2300 3968 verbis
2362 3905 2555 3968 omnis
2600 3904 2780 3984 plane
2826 3904 3086 3968 diversi-

363 4007 463 4060 tas
507 3994 666 4057 inter
713 3993 876 4056 Solis
925 4000 990 4055 et
1035 3994 1246 4055 Lunae
1293 3995 1561 4056 theorias
1599 3995 1863 4070 tollitur,
1932 3995 2045 4056 hoc
2099 4013 2217 4056 uno
2274 4001 2557 4074 excepto,
2617 3994 2775 4074 quod
2820 3991 2942 4056 OV
2986 3994 3087 4057 vel

357 4085 484 4148 NX
527 4083 720 4146 minor
766 4082 850 4144 sit
891 4082 952 4143 in
998 4080 1172 4156 Sole,
1241 4101 1418 4162 quam
1475 4083 1532 4145 in
1580 4085 1774 4146 Luna.
1871 4083 2141 4145 Tandem
2188 4081 2428 4158 incidit,
2504 4082 2741 4146 Eudoxi
2786 4083 3085 4146 intentum
3216 4131 3231 4147 2

361 4193 480 4236 non
526 4181 651 4234 tam
699 4189 836 4234 esse
884 4169 1352 4232 astronomicum
1401 4191 1582 4252 quam
1613 4171 2125 4252 philosophicum.

537 4259 781 4323 Etenim
840 4267 902 4320 et
947 4259 1236 4321 Eudoxus
1283 4269 1664 4323 astronomus
1720 4261 1882 4323 inter
1926 4259 2317 4341 philosophos
2373 4264 2437 4320 et
2482 4257 2721 4339 quidem
2765 4257 3082 4341 Pythago-

359 4350 518 4412 ricos
563 4370 602 4410 a
646 4347 898 4411 Laertio
944 4356 1312 4410 recensetur.
1409 4347 1740 4413 Consilium
1785 4349 1972 4430 igitur
2016 4349 2129 4412 hoc
2177 4349 2365 4410 fuisse
2408 4347 2683 4422 Eudoxo,
2732 4347 2971 4428 qnando
3017 4355 3085 4410 ut

357 4437 580 4501 lumine
630 4438 732 4524 sic·
761 4437 1023 4498 motibus
1069 4437 1389 4517 plurimum
1417 4437 1524 4500 Sol
1572 4446 1635 4500 et
1661 4439 1837 4500 Luna
1865 4437 2102 4501 differre
2133 4437 2451 4498 videantur
2492 4456 2530 4498 a
2557 4435 2799 4511 ceteris,
2850 4453 3083 4517 aequa-

357 4527 596 4590 litatem
661 4525 1063 4589 omnimodam
1115 4525 1274 4587 inter
1329 4526 1648 4589 luminaria
1705 4527 2049 4602 instituere,
2118 4525 2365 4606 Solique
2420 4525 2497 4586 ad
2544 4525 2755 4586 Lunae
2812 4543 3083 4590 normam

356 4616 622 4680 tribuere
651 4614 1054 4689 latitudinem,
1105 4614 1213 4676 sed
1249 4613 1658 4676 insensibilem
1689 4621 1798 4678 aut
1836 4623 2001 4678 certe
2038 4614 2470 4677 insensibiliter
2495 4612 2873 4689 variabilem,
2924 4615 3083 4695 quod

355 4705 430 4768 iis
475 4705 640 4767 innui
686 4703 885 4765 verbis
932 4703 1240 4778 existimo,
1297 4701 1510 4782 quibus
1569 4705 1857 4784 majorem
1901 4705 2111 4766 Lunae
2172 4723 2353 4783 quam
2400 4700 2531 4764 Soli
2584 4700 2797 4765 tribuit
2860 4703 3089 4766 latita-1

357 4794 582 4858 dinem.
674 4793 846 4855 Haec
895 4792 1054 4854 enim
1093 4790 1432 4872 aequalitas
1480 4791 1816 4855 rationibus
1864 4793 1993 4873 ejus
2038 4789 2467 4873 philosophicis
2516 4791 2721 4854 forsan
2758 4791 3081 4855 admodum

355 4891 494 4946 erat
539 4888 968 4946 consentanea.
1058 4880 1190 4950 Nec
1251 4879 1521 4958 dubium,
1587 4880 1728 4964 quin
1785 4883 2041 4944 eandem
2084 4880 2163 4943 ob
2208 4897 2453 4943 causam
2506 4879 2663 4944 inter
2716 4888 2959 4944 ceteras
3014 4887 3081 4947 et
