3634 5575
1341 397 1350 402 -
1419 378 1481 430 ‹10
1515 379 1659 430 rebus
1697 377 2021 446 αωιοςιοιι.
2948 352 3087 447 359'

364 533 899 612 considerandum,
971 533 1267 600 distantia
1311 535 1734 617 significatoris
1782 557 1821 600 a
1865 533 2191 600 meridiano
2240 535 2532 618 quomodo
2581 539 2754 600 detur
2809 539 2867 600 in
2915 545 3074 602 tem-

362 624 672 706 poralibus
719 623 892 686 boris
940 645 1016 686 an
1067 627 1126 687 in
1175 626 1547 706 aequalibus,
1595 625 1657 689 h.
1709 646 1762 687 e.
1810 625 1871 688 in
1920 645 2045 688 asc.
2095 626 2305 688 recta?
2394 623 2479 688 Et
2523 625 2577 688 si
2622 627 2755 702 hoc,
2804 635 2872 689 ut
2896 627 3075 690 hodie

363 732 608 793 semper
651 714 740 787 fit,
792 720 934 774 tunc
983 713 1169 778 debes
1217 734 1292 776 ex
1340 715 1541 796 aliqua
1569 714 1780 777 tabula
1828 733 2149 794 excerpere
2195 715 2435 776 horaria
2462 722 2737 795 tempora
2766 717 3073 796 significa-

361 803 546 875 toris3
606 821 718 882 per
765 821 840 864 ea
895 801 1128 864 divides
1177 803 1576 866 differentiam
1643 823 1768 864 asc.
1817 811 2023 866 rectae
2080 803 2260 866 medii
2306 803 2457 866 coeli
2505 811 2571 864 et
2625 804 3071 884 significatoris,

359 889 562 970 prodit
607 909 892 952 numerus
939 891 1222 954 horarum
1271 891 1687 969 temporalium
1735 891 2181 970 significatoriS.
2270 891 2543 954 Habebis
2583 893 2695 953 hoc
2725 899 2904 972 pacto
2956 893 3073 955 duo

359 997 434 1039 ex
477 986 658 1058 parte
705 978 1172 1058 significatoris:
1235 1000 1360 1043 asc.
1409 989 1638 1042 rectam
1686 981 2071 1043 culminantis
2118 981 2323 1061 puncti
2371 988 2435 1042 et
2482 981 2833 1042 distantiam
2882 981 3075 1061 signi-

357 1067 710 1128 ficatorisa
755 1067 1086 1130 meridiano
1133 1069 1193 1130 in
1239 1067 1405 1131 horis
1453 1069 1877 1150 significatoris
1924 1071 2203 1150 propriis.
2299 1069 2557 1149 Oportet
2590 1089 2742 1131 nunc
2770 1071 2923 1132 talia
2953 1069 3073 1131 duo

359 1154 542 1218 etiam
591 1173 879 1236 quaerere
928 1175 1004 1217 ex
1049 1167 1223 1236 parte
1269 1157 1682 1237 promissoris,
1748 1156 1808 1218 id
1860 1165 1982 1231 est,
2042 1165 2281 1238 oportet
2327 1158 2492 1220 illum
2539 1157 2749 1220 eodem
2795 1159 3075 1222 horarum

355 1243 730 1324 propriarum
795 1263 1040 1306 numero
1109 1245 1378 1308 adhiberi
1445 1245 1598 1307 coeli
1659 1245 1893 1320 medio,
1973 1252 2037 1307 et
2109 1256 2251 1309 tunc
2319 1265 2602 1326 quaerere
2678 1247 2830 1308 coeli
2894 1246 3073 1309 medii

357 1351 485 1394 asc.
549 1341 808 1396 rectam.
914 1332 1020 1395 Sic
1074 1333 1260 1414 igitur
1316 1353 1492 1414 ages:
1566 1351 1821 1414 excerpe
1886 1335 2128 1398 horaria
2190 1341 2466 1415 tempora
2526 1335 2939 1415 promissoris3
3004 1355 3077 1397 ea

355 1419 694 1500 multiplica
751 1419 810 1482 in
879 1439 1182 1484 numerum
1247 1423 1553 1485 inventum
1608 1422 1887 1484 horarum
1934 1423 2352 1504 temporalium
2412 1423 2863 1502 significatoris‚
2929 1442 3075 1505 pro-

355 1510 599 1570 ductum
661 1511 830 1574 aufer
889 1511 966 1572 ab
1034 1529 1159 1573 asc.
1221 1520 1392 1574 recta
1435 1505 1856 1592 promissoris,
1927 1513 2131 1592 prodit
2196 1531 2318 1574 asc.
2384 1522 2556 1574 recta
2614 1511 2701 1572 M.
2772 1512 2875 1582 Ο..
2944 1531 3074 1574 cum

360 1597 695 1677 promissor
758 1607 852 1662 tot
923 1599 1043 1660 tuis
1117 1601 1548 1680 temporalibus
1611 1600 1776 1663 boris
1833 1601 2010 1664 abest
2076 1621 2113 1662 a
2172 1601 2257 1664 M.
2318 1597 2386 1662 O.
2405 1649 2420 1676 ,
2494 1607 2641 1680 quot
2706 1600 3077 1680 significator

358 1687 567 1748 itidem
613 1687 740 1748 suis
788 1685 1020 1750 aberat.
1117 1687 1448 1752 Subtracta
1493 1689 1677 1769 igitur
1707 1707 1832 1752 asc.
1885 1697 2055 1752 recta
2090 1691 2177 1752 Μ.
2221 1688 2292 1754 C.
2332 1706 2440 1768 pro
2490 1688 2895 1768 significatore
2927 1689 3075 1749 data

349 1773 427 1837 ab
476 1794 600 1836 asc.
634 1783 804 1837 recta
832 1777 918 1838 M.
951 1775 1027 1838 G.
1078 1771 1172 1838 hic
1209 1778 1457 1839 inventa
1486 1797 1595 1882 pro
1631 1779 2017 1860 promissore,
2066 1778 2433 1860 relinquetur
2461 1795 2735 1840 numerus
2765 1777 3074 1856 quaesitus

353 1863 644 1944 graduum
693 1863 1056 1926 directionis

526 1949 698 2014 Haec
759 1952 945 2032 igitur
1001 1961 1098 2016 est
1142 1953 1523 2016 Ptolemaica
1568 1956 1725 2018 ratio
1774 1953 2101 2036 dirigendi,
2172 1954 2245 2015 de
2294 1973 2413 2034 qua
2466 1959 2671 2015 tamen
2718 1950 3067 2026 notandum,

351 2040 508 2120 quod
539 2039 943 2108 Ptolemaeus
991 2062 1125 2104 eam
1173 2061 1291 2104 non
1337 2045 1610 2123 proferat
1655 2045 1832 2107 modo
1862 2041 2368 2128 Regiomontani3
2414 2061 2555 2103 nam
2603 2041 2793 2120 primo
2842 2039 3071 2100 fatetur

279 2145 290 2152 ·
353 2136 582 2210 aperte,
633 2147 769 2191 eam
817 2150 856 2191 a
900 2149 1084 2211 scopo
1131 2131 1399 2193 nonnihil
1447 2132 1791 2193 deflectere.
1888 2130 2042 2194 Cum
2088 2132 2247 2194 enim
2292 2129 2642 2210 principalis
2690 2135 2857 2189 esse't
2914 2127 3063 2189 Pto-

352 2217 583 2280 lemaeo
635 2237 854 2298 scopus
899 2218 1058 2280 idem
1106 2220 1206 2299 qui
1252 2225 1316 2280 et
1361 2219 1983 2308 Regiomqntano,i1t
2012 2239 2097 2282 sc.
2145 2217 2477 2300 promissor
2504 2217 2742 2280 veniret
2785 2217 2843 2277 in
2877 2216 3067 2295 signi-

351 2304 614 2367 ficatoris
654 2305 936 2368 circulum
982 2307 1337 2386 positionis,
1387 2307 1776 2370 Ptolemaeus
1827 2327 1941 2368 non
1974 2306 2148 2379 dicit,
2195 2307 2310 2368 hoc
2350 2305 2607 2368 obtineri
2635 2303 2913 2384 praecise
2960 2321 3070 2384 per

351 2393 530 2454 horas
581 2395 973 2474 temporales,
1043 2396 1151 2456 sed
1197 2397 1386 2459 utitur
1432 2412 1578 2458 voce
1631 2395 2167 2476 „propemodums‘
2234 2403 2294 2458 et
2339 2395 2401 2457 in
2450 2394 2745 2473 exemplis
2793 2391 3064 2454 ostendit

347 2481 834 2561 discrepantiam.
927 2483 1160 2546 Deinde
1208 2483 1587 2546 certitudinis
1638 2493 1701 2545 et
1739 2484 2077 2564 compendii
2117 2505 2299 2547 causa
2348 2484 2597 2563 ablegat
2626 2501 2735 2545 nos
2764 2480 2887 2542 ad
2869 2499 3067 2561 ipsum

348 2572 586 2632 modum
633 2569 1134 2651 Regiomontani,
1177 2571 1431 2652 jubenS‚
1481 2573 1542 2634 in
1591 2573 1958 2635 ascendente
2008 2573 2265 2653 dirigere
2315 2588 2424 2653 per
2469 2591 2594 2633 asc.
2646 2571 2954 2652 obliquas,
3004 2567 3062 2629 in

345 2659 433 2722 M.
485 2658 557 2723 C.
605 2678 712 2739 per
757 2665 980 2722 rectas.
1075 2659 1201 2722 Sed
1263 2661 1404 2740 quia
1462 2681 1568 2742 pro
1627 2661 1778 2724 locis
1842 2661 2215 2724 intermediis
2272 2679 2387 2722 non
2445 2659 2773 2722 exstabant
2820 2655 3065 2718 tabulae
3170 2705 3178 2715 .

348 2749 773 2823 directionum,
841 2747 976 2810 ideo
1040 2746 1424 2812 commendat
1481 2750 1654 2813 nobis
1701 2751 1816 2813 hoc
1862 2751 2309 2833 compendium,
2376 2757 2445 2811 ut
2506 2747 2833 2829 dirigamus
2879 2745 3065 2809 talem

345 2837 838 2917 significatorem,
909 2837 1008 2919 qui
1061 2838 1422 2901 intermedio
1472 2840 1606 2902 loco
1673 2840 1882 2915 fuerit,
1953 2851 2017 2904 et
2070 2859 2177 2920 per
2233 2846 2432 2901 rectas
2500 2846 2566 2899 et
2620 2856 2730 2918 per
2786 2836 3061 2916 obliquas

345 2942 501 2999 asc„
552 2934 616 2987 et
661 2925 1062 2988 differentiam
1112 2927 1420 3009 utriusque
1469 2928 1818 2991 directionis
1866 2928 2401 3009 proportionaliter
2448 2922 2818 3008 applicemus
2874 2925 3061 2986 bora-

346 3012 470 3075 riae
527 3014 854 3076 distantiae
912 3014 1340 3093 significatoris
1405 3038 1442 3078 a
1487 3014 1839 3081 meridiano.
1932 3017 2121 3099 Atqui
2183 3018 2259 3078 ad
2318 3017 2439 3077 ista
2502 3014 2728 3087 omnia,
2798 3020 2861 3075 et
2908 3030 3061 3093 quae

343 3101 654 3182 praecepit
698 3102 1085 3165 Ptolemaeus
1163 3112 1226 3165 et
1293 3124 1571 3185 quorsum
1628 3106 1852 3181 tendit,
1920 3106 2143 3169 rectius
2202 3104 2585 3185 pervenimus
2639 3119 2749 3182 per
2814 3100 3059 3165 tabulas

347 3190 742 3253 directionum
779 3189 1268 3269 Regiomontani‚
1318 3193 1416 3255 vel
1462 3193 1594 3274 ipso
1633 3193 1984 3256 Ptolemaeo
2032 3201 2217 3256 teste.
2311 3192 2481 3255 Haec
2528 3190 2715 3271 igitur
2763 3191 2836 3253 de
2882 3188 3058 3251 modo

348 3278 648 3359 dirigendi
675 3278 1072 3340 Ptolemaico.
1089 3274 1142 3354 ⁸)
2295 3300 2311 3313 ·

524 3366 666 3429 Jam
731 3366 888 3446 quod
952 3367 1254 3447 negotium
1323 3370 1543 3430 attinet
1615 3369 1949 3449 erigendi
2026 3370 2271 3431 domos
2344 3368 2767 3441 coelesteS,
2832 3364 3061 3429 Ptole-

348 3472 554 3518 maeus
611 3454 774 3517 nullo
829 3456 1009 3535 plane
1066 3475 1141 3516 ne
1199 3456 1442 3520 minimo
1501 3458 1741 3537 quidem
1785 3457 2033 3519 verbulo
2095 3456 2261 3518 illam
2323 3456 2420 3518 hic
2479 3455 2637 3516 inter
2702 3454 3062 3515 directiones

351 3544 619 3625 attingit.
715 3542 984 3623 Cumque
1049 3564 1180 3605 eam
1229 3565 1302 3605 ne
1361 3546 1599 3627 quidem
1655 3544 1797 3608 alibi
1846 3544 2147 3620 docuerit,
2216 3545 2330 3607 hoc
2377 3542 2769 3605 fortissimum
2818 3548 2914 3602 est
2960 3561 3064 3603 ar-

292 3644 302 3650 “
347 3640 721 3737 gumentum3
791 3632 922 3712 ejus
987 3654 1210 3703 ωπονς
1273 3635 1438 3696 nulla
1494 3634 1760 3713 indigere
1826 3633 2238 3713 inquisitione,
2306 3652 2377 3695 ac
2432 3630 2680 3713 proinde
2719 3629 2866 3692 nihil
2928 3648 3065 3691 esse

349 3722 540 3799 aliud,
599 3720 716 3783 nisi
766 3722 1256 3785 dodecatemoria
1285 3723 1527 3803 integra
1571 3723 1823 3785 zodiaci.
1916 3720 2021 3784 Sic
2077 3723 2271 3784 sensit
2316 3720 2711 3783 ReinholduS.
2789 3716 2967 3789 Quod
3013 3718 3065 3779 si

347 3812 644 3874 rationem
709 3809 975 3889 erigendi
1042 3812 1250 3872 domos
1309 3812 1546 3873 omnino
1605 3811 1784 3873 aliam
1834 3812 2001 3891 sequi
2058 3810 2341 3887 velimus,
2410 3808 2743 3871 derivatam
2790 3826 2865 3868 ex
2913 3808 3063 3869 doc-

347 3900 508 3963 trina
551 3898 926 3961 Ptolemaica
973 3898 1398 3974 directionum,
1477 3900 1714 3963 ridiculi
1765 3920 2005 3975 sumus,
2074 3900 2128 3961 si
2173 3919 2288 3961 non
2345 3898 2550 3979 potius
2594 3890 3064 3975 Regiomontani

348 3989 680 4069 perfectam
740 3988 1038 4049 rationem
1097 3989 1426 4069 sequimur,
1497 4008 1675 4070 quam
1720 3988 2110 4051 Ptolemaeus
2168 3988 2298 4069 ipse
2346 3985 2819 4055 commendavit,
2888 4002 3065 4064 quam

345 4076 682 4139 Ptolemaei
728 4076 1018 4139 vicariam
1067 4077 1499 4155 imperfectam,
1551 4098 1669 4158 qua
1713 4078 2061 4141 necessario
2110 4085 2428 4139 contentus
2468 4074 2583 4136 fuit
2626 4080 2873 4154 propter
2901 4072 3063 4134 indi-

349 4166 615 4243 gentiam
681 4164 984 4238 melioris,
1052 4173 1117 4227 et
1171 4184 1346 4247 quam
1406 4168 1534 4245 ipse
1593 4167 1984 4229 Ptolemaeus
2050 4167 2279 4228 fatetur
2336 4164 2771 4244 imperfectam.
2882 4160 3063 4223 Adde

349 4255 506 4334 quod
554 4253 821 4317 Cardani
869 4252 1047 4331 ratio,
1098 4273 1275 4336 quam
1323 4254 1696 4317 Reinholdus
1744 4253 2001 4318 ascribit
2044 4253 2395 4317 Alchabitio
2446 4260 2509 4314 et
2553 4250 2772 4314 Joanni
2824 4249 2898 4311 de
2939 4247 3064 4311 Sa-

348 4344 556 4419 xonia,
624 4361 742 4403 non
795 4348 895 4405 est
939 4351 1354 4405 consentanea
1399 4344 1809 4407 Ptolemaicae
1858 4343 2212 4418 directioni,
2279 4341 2419 4424 quia
2467 4338 2782 4404 Uardanus
2849 4338 3067 4400 iisdem

353 4432 786 4513 temporalibus
835 4430 995 4492 horis
1053 4431 1212 4493 binis
1261 4425 1579 4512 distinguit
1633 4433 1955 4495 domicilia.
2050 4430 2142 4495 At
2183 4428 2519 4492 Ptolemaei
2569 4428 2816 4491 directio
2876 4434 3062 4488 natu-

346 4538 478 4582 ram
524 4529 784 4600 spectat‚
834 4519 975 4581 aliis
1023 4520 1170 4583 locis
1217 4522 1448 4585 zodiaci
1497 4520 1651 4583 alias
1699 4523 2065 4602 temporales
2112 4521 2315 4593 horas,
2366 4520 2575 4600 cuique
2608 4537 2769 4589 suas,
2820 4534 3061 4577 accom-

347 4609 631 4683 modans;
680 4610 836 4689 quod
865 4606 1140 4670 imitatur
1166 4608 1402 4688 quidem
1432 4608 1643 4672 tabula
1669 4608 1924 4689 Magini,
1960 4610 2066 4673 sed
2097 4608 2373 4688 ingressu
2402 4606 2763 4669 inartificiali
2796 4612 2859 4669 et
2886 4605 3063 4666 iden-

348 4699 534 4760 tidem
574 4696 944 4777 corrigendo,
996 4697 1112 4759 etsi
1141 4696 1326 4760 horae
1355 4697 1498 4760 illae
1527 4718 1642 4760 non
1675 4707 1815 4760 sunt
1844 4700 2024 4778 plane
2056 4697 2264 4777 cuique
2303 4716 2448 4758 suae
2496 4696 2554 4757 in
2604 4712 2712 4757 suo
2740 4692 3062 4774 positionis

348 4786 587 4862 circulo,
623 4786 730 4848 sed
761 4792 994 4847 tautum
1039 4786 1098 4847 in
1138 4787 1434 4848 communi
1464 4787 1792 4849 horizonte.
1868 4786 2023 4849 Hinc
2052 4787 2138 4861 fit,
2187 4792 2255 4847 ut
2285 4782 2565 4848 Cardano
2594 4782 2737 4847 XII.
2773 4788 2836 4846 et
2862 4784 2911 4847 1.
2949 4781 3063 4843 do-

351 4888 484 4940 mus
547 4877 780 4939 oriente
851 4875 1052 4936 cancri
1119 4874 1413 4958 principio
1461 4876 1611 4939 fiant
1654 4875 2212 4957 inaequalissimae‚
2282 4874 2423 4954 quia
2467 4891 2651 4953 supra
2691 4872 3063 4935 horizontem
