3634 5575
1381 389 1694 456 mse·-
1731 391 2035 444 οοιῆοιειιιι·
2926 393 3057 465 aas

345 545 502 608 Nam
549 552 794 624 praeter
839 544 1118 625 antiquos
1157 552 1442 624 aspectus
1487 561 1566 609 ex
1607 547 1780 610 noris
1824 548 2063 612 accedit
2106 549 2375 629 quintilis
2423 549 2671 615 Saturni
2710 560 2774 616 et
2816 553 3056 617 Martis.

335 633 638 715 Sequitur.
677 633 1016 696 amoeni-tas
1060 633 1628 784 pulcherrimaTeLim
1671 636 2141 788 huzexetIatione.
2231 639 2381 702 Fine
2426 641 2695 710 tonitrua
2722 649 2787 707 et
2814 643 3055 757 imbres.

1575 742 1728 786 0010

522 808 676 872 Cum
722 829 908 873 causa
951 810 1310 874 universalis
1357 829 1644 876 annorum
1687 813 2107 894 dispositionis
2152 815 2489 894 ignoretur,
2546 819 2635 880 ita
2694 819 2773 880 de
2820 785 3057 884 aestate

333 899 490 962 -rnibi
535 899 916 962 scribendum
963 908 1086 975 est,
1145 918 1218 962 ac
1283 900 1336 961 si
1383 919 1572 963 annus
1627 901 1758 980 ipse
1811 921 1921 964 seu
1968 903 2155 966 Terra
2200 903 2313 967 hoc
2360 923 2514 968 anno
2574 909 2656 970 sit
2702 907 2903 971 futura
2946 926 3057 969 suo

343 997 532 1053 statu.
625 988 840 1068 Itaque
887 987 940 1049 si
988 989 1371 1068 conjecturae
1419 990 1825 1070 astrologicae
1888 991 2052 1055 circa
2104 992 2471 1056 individuum
2550 995 2611 1058 in
2674 1002 2851 1058 tauta
2906 1015 3055 1058 cau-

341 1095 542 1140 sarum
605 1077 980 1156 ignoratione
1061 1078 1351 1140 fallantur
1371 1125 1388 1152 ,
1455 1079 1634 1145 venia
1695 1080 1911 1158 dignas
1966 1087 2134 1160 puto.
2243 1082 2382 1144 Non
2438 1083 2593 1144 enim
2650 1103 3057 1164 supervacuae

339 1165 459 1228 dici
505 1175 792 1246 possunt,
861 1185 1014 1246 quae
1079 1165 1138 1226 in
1203 1167 1462 1230 materia
1520 1167 1818 1232 maximae
1868 1168 2025 1232 citra
2064 1171 2536 1234 controversiam
2582 1172 2867 1236 utilitatis
2912 1190 3055 1236 ver-

337 1263 583 1328 santur3
649 1254 704 1318 si
767 1256 1006 1334 quando
1029 1301 1046 1328 ,
1111 1273 1264 1336 quae
1327 1256 1524 1320 adhuc
1589 1257 1784 1320 latent
1804 1303 1821 1331 ,
1888 1257 1949 1318 in
2014 1259 2207 1321 lucem
2258 1259 2498 1340 penitus
2564 1261 3051 1340 producerentur,
3158 1311 3170 1324 ,

337 1343 550 1424 Itaque
595 1343 762 1404 Junii
805 1343 1160 1423 principium
1207 1343 1500 1406 fervidum
1547 1353 1612 1410 et
1657 1364 1935 1408 serenum
1972 1347 2211 1425 judico;
2266 1355 2409 1427 post
2452 1349 2841 1428 plenilunium
2885 1351 3051 1429 peri-

337 1433 582 1498 culosas
628 1432 1086 1507 commotiones,
1137 1432 1594 1508 inundationes,
1651 1442 1714 1496 et
1759 1433 2012 1498 fulmina
2054 1436 2287 1498 crebra.
2379 1435 2449 1498 Si
2494 1437 2796 1516 generalis
2842 1438 3051 1518 dispo—

331 1521 480 1582 sitio
540 1521 764 1582 Terrae
831 1521 908 1583 ad
973 1520 1314 1584 siccitatem
1377 1521 1700 1585 inclinaret
1718 1571 1735 1597 ‚
1801 1523 1949 1586 nihil
2016 1531 2183 1586 esset
2234 1524 2502 1604 periculi.
2600 1525 2831 1591 Contra
2876 1525 2929 1588 si
2976 1528 3055 1593 ad

335 1609 785 1671 humiditatem:
835 1629 953 1672 uon
999 1618 1178 1672 erunt
1221 1609 1490 1686 fulmina,
1537 1611 1648 1674 sed
1694 1612 2013 1676 continuae
2058 1619 2125 1674 et
2168 1613 2427 1692 frigidae
2472 1615 2731 1694 pluviae.
2824 1615 3057 1678 Ultima

335 1698 634 1760 medietas
681 1698 980 1760 continuis
1027 1700 1209 1779 quasi
1235 1699 1614 1764 stationibus
1659 1699 1722 1761 in
1767 1717 1911 1764 suos
1958 1708 2243 1783 aspectus
2290 1710 2385 1763 est
2432 1702 2775 1769 distributa.
2862 1701 3052 1768 Com—

331 1786 628 1850 motiones
675 1795 872 1850 erunt.
963 1786 1312 1850 Verisimile
1377 1796 1652 1866 putarem
1707 1789 1784 1850 ob
1850 1789 2075 1854 multas
2142 1788 2531 1855 humiditates
2578 1792 3053 1872 frigidiusculum

331 1877 597 1937 futurum
639 1893 939 1951 mensem,
999 1875 1116 1938 nisi
1171 1875 1268 1938 hic
1320 1877 1450 1956 jam
1481 1884 1662 1940 totus
1709 1897 1903 1942 annus
1946 1873 2134 1944 160¹.
2182 1879 2327 1943 talis
2375 1879 2612 1942 fuisset.
2704 1879 2817 1942 Sin
2862 1899 3052 1944 annus

333 1963 763 2027 universaliter
805 1965 886 2026 ad
931 1965 1271 2028 siccitatem
1319 1965 1658 2041 inclinetur,
1711 1986 1786 2028 ea
1830 1968 1941 2029 1100
1988 1985 2193 2032 mense
2242 1975 2415 2030 tanto
2462 1969 2653 2048 major
2698 1971 2836 2033 erit.

1425 2054 1696 2118 Thesis
1741 2055 1943 2117 LVIL

436 2189 446 2201 .
505 2139 704 2205 Julius
751 2141 962 2204 eodem
1005 2141 1068 2202 in
1115 2161 1300 2222 censu
1345 2151 1464 2215 est,
1493 2143 1706 2205 eadem
1735 2143 2157 2223 ambiguitate.
2212 2145 2373 2206 Nam
2418 2140 2499 2208 18
2528 2152 2813 2225 aspectus
2842 2145 3049 2208 habet.

329 2227 484 2292 Cum
531 2230 690 2292 enim
737 2231 1060 2310 quotannis
1115 2228 1240 2294 150
1285 2231 1528 2294 circiter
1572 2232 1697 2294 sint
1741 2240 2027 2312 aspectus
2046 2280 2063 2306 ‚
2138 2232 2182 2294 ii
2236 2232 2351 2294 1100
2404 2251 2563 2295 anno
2616 2234 2837 2313 potiori
2876 2244 3049 2313 parte

327 2318 390 2379 in
445 2325 742 2380 semestre
797 2319 1096 2381 aestivum
1151 2321 1622 2384 accumulantur.
1732 2321 1885 2383 Dies
1949 2321 2001 2384 1.
2061 2318 2121 2384 2.
2172 2320 2233 2384 5.
2286 2317 2327 2384 6
2388 2321 2749 2397 mediocres,
2816 2325 3049 2386 ventosi

325 2422 462 2468 cum
505 2407 816 2469 imbribus.
891 2407 1042 2470 Dies
1088 2405 1150 2471 8.
1199 2409 1438 2488 pluvius
1483 2416 1550 2471 et
1594 2408 1879 2488 frigidus:
1926 2410 2169 2472 flatuosi
2216 2401 2278 2474 9.
2334 2409 2433 2475 11.
2507 2411 2599 2472 At
2650 2408 2751 2474 12.
2806 2408 2905 2475 13.
2946 2409 3047 2476 14.

325 2494 692 2558 infestantur
737 2497 800 2572 0‘
813 2497 856 2573 ζὲ
879 2495 962 2573 ῼ,
1025 2515 1178 2577 quae
1225 2497 1338 2558 1100
1385 2516 1542 2576 anno
1591 2507 1869 2578 quartum
1922 2497 2199 2563 iteratur.
2294 2499 2723 2579 Tempestates
2766 2518 3044 2580 magnae.
3146 2546 3155 2560 .

323 2583 474 2645 Dies
524 2582 624 2648 18.
681 2582 782 2648 19.
833 2582 940 2648 21.
989 2587 1182 2662 mixti,
1231 2585 1436 2648 futura
1483 2586 1750 2649 tonitrua
1793 2595 1861 2648 et
1906 2586 2152 2650 imbres.
2210 2586 2307 2650 Ex
2354 2605 2425 2650 eo
2456 2588 2760 2652 serenitas
2788 2597 2853 2652 et
2880 2590 3047 2667 calor

322 2689 598 2782 magnus,
645 2675 1112 2754 congrediuntur
1157 2673 1316 2736 enim
1361 2675 1626 2755 Augusti
1666 2675 1960 2755 principio
2006 2675 2249 2755 Jupiter
2294 2683 2359 2738 et
2402 2677 2591 2740 Mars.
2659 2709 2673 2722 κ

501 2851 772 2913 Tandem
845 2852 1052 2933 aliqua
1115 2851 1394 2934 Angusto
1409 2764 1674 2935 ’1111110ἳὲ118
1719 2763 2035 2919 {tvffion
2126 2854 2243 2917 Die
2302 2851 2363 2917 5.
2408 2854 2651 2935 pluviae
2707 2861 2775 2915 et
2825 2854 2921 2917 die
2978 2851 3039 2921 9.

321 2936 504 3001 Circa
555 2937 656 3001 15.
703 2940 960 3021 frigidae
1021 2942 1260 3023 pluviae
1307 2961 1444 3015 cum
1493 2942 1837 3009 tonitribus.
1928 2944 2083 3007 Post
2126 2943 2237 3007 hos
2284 2952 2522 3018 aestus,
2572 2952 2636 3007 et
2690 2938 2789 3007 19.
2837 2943 3043 3006 valida

323 3029 668 3091 commotio.

1442 3120 1662 3183 Thesi
1679 3139 1710 3180 s
1756 3119 1923 3181 LIX.

401 3274 408 3281 ,
497 3205 862 3287 September
921 3207 1092 3269 initio
1159 3224 1268 3269 suo
1317 3214 1484 3271 statu
1529 3216 1656 3270 est:
1719 3208 1778 3271 d.
1835 3208 1933 3271 11.
1982 3208 2252 3287 pluviae,
2302 3208 2592 3271 nebulae:
2642 3207 2773 3272 dies
2826 3204 2927 3269 15.
2976 3216 3041 3269 et

327 3294 429 3359 17.
477 3295 762 3358 humecti.
853 3296 946 3357 At
990 3295 1088 3358 die
1135 3293 1240 3358 20.
1293 3297 1354 3371 ό
1362 3292 1466 3376 156
1514 3296 1744 3358 infesta*
1783 3303 1884 3357 est
1927 3297 2269 3360 admodum.
2347 3297 2545 3377 Tepor
2583 3298 2637 3361 si
2680 3295 3035 3377 praecessit,

312 3385 440 3464 jam
497 3383 776 3447 horridae
837 3392 1238 3464 tempestates
1306 3392 1502 3447 erunt.
1591 3386 1686 3447 At
1741 3385 1794 3445 si
1848 3382 2123 3447 humidus
2181 3387 2547 3464 generaliter
2600 3404 2791 3447 annus
2848 3393 3036 3459 esset,

313 3472 556 3553 pluviae
603 3472 718 3535 hos
763 3473 908 3535 dies.
942 3473 1252 3535 confertae
1299 3474 1658 3538 obtenturas
1707 3481 1919 3536 essent
1962 3492 2095 3535 cum
2125 3472 2367 3552 frigore.
2434 3474 2503 3535 In
2524 3473 2753 3553 'genere
2782 3474 3034 3536 nebulae

315 3562 628 3642 plurimae.
720 3562 872 3625 Dies
917 3564 1104 3625 etiam
1148 3559 1256 3627 27.
1305 3562 1556 3625 nebulas
1602 3564 1744 3625 ciet.
1840 3560 2087 3625 Caeteri
2130 3570 2377 3626 manent
2420 3581 2529 3628 0110
2576 3570 2767 3625 statu.
3044 3572 3052 3585 ·

1452 3652 1598 3713 The
1613 3652 1719 3713 sis
1765 3651 1904 3713 Lx.

495 3737 758 3810 Quintus
819 3738 1106 3803 Octobris
1181 3740 1432 3819 frigidas
1496 3740 1734 3820 pluvias
1807 3740 2015 3803 habet.
2106 3738 2199 3799 De
2260 3746 2464 3801 cetero
2524 3738 2747 3807 mensis
2808 3738 2905 3799 hic
2962 3758 3033 3801 eo

316 3834 484 3891 statu
539 3828 692 3903 erit,
759 3846 942 3909 quem*
996 3828 1266 3893 admittit
1327 3826 1688 3909 September
1740 3828 2125 3893 antecedens.
2218 3827 2381 3891 Nam
2425 3837 2493 3890 ut
2546 3845 2729 3906 saepe
2786 3827 3029 3901 dictum,

315 3917 564 3980 multum
635 3917 892 3980 interest
912 3964 929 3990 ‚
995 3920 1234 3999 qualem
1289 3918 1512 3980 Terrae
1577 3918 2073 3983 constitutionem
2124 3916 2351 3979 mensis
2416 3916 2669 3997 quilibet
2741 3914 3028 3979 inveniat.

315 4006 470 4069 Dies
513 4003 574 4070 3.
625 4002 688 4070 9.
738 4004 846 4069 27.
895 4006 1124 4069 habent
1165 4006 1424 4069 nimbos.
1496 4008 1648 4071 Dies
1695 4005 1802 4071 28.
1854 4004 1961 4071 29.
2009 4005 2207 4069 ventis
2252 4011 2641 4084 perstrepunt
2686 4012 2751 4065 et
2792 4005 3027 4084 pluvia,

315 4095 426 4157 sed
471 4096 734 4159 calorem
779 4103 926 4175 puto
991 4104 1412 4177 superaturum
1421 4116 1441 4172 3
1507 4098 1624 4160 etsi
1688 4096 1927 4177 quidem
1988 4102 2305 4157 ventorum
2368 4094 2739 4175 quorundam
2815 4101 3033 4156 natura
3168 4172 3173 4177 .
3243 4086 3249 4091 ’

315 4202 392 4247 ex
437 4183 782 4265 regionibus
829 4186 954 4247 suis
1002 4183 1412 4265 frigidissima.

1433 4273 1699 4335 Thesis
1745 4273 1911 4335 LXI.

487 4359 698 4423 Etiam
739 4360 1084 4425 November
1131 4372 1228 4425 est
1271 4352 1331 4423 in
1379 4383 1492 4427 sua
1535 4362 1971 4435 mediocritate,
2002 4360 2421 4439 grandinosus,
2461 4366 2529 4421 et
2562 4359 2799 4423 acribus
2827 4356 3029 4419 ventis

311 4448 552 4511 infestis
598 4450 860 4532 quintus.
955 4447 1388 4521 Quindecimus
1453 4452 1804 4515 inconstans
1868 4458 1935 4511 et
1990 4450 2229 4529 tepidus
2284 4450 2360 4513 ob
2416 4449 2701 4515 sextilem
2743 4446 2919 4509 Jovis
2965 4454 3031 4527 et

311 4538 574 4601 Veneris
647 4539 763 4602 hoc
827 4538 970 4601 anni
1022 4546 1315 4620 tempore.
1407 4540 1556 4603 Dies
1619 4538 1720 4603 18.
1775 4540 2015 4619 pluvias
2060 4538 2277 4600 habet:
2346 4538 2438 4600 sin
2497 4554 2769 4599 serenum
2826 4534 3025 4609 fuerit,

309 4628 568 4707 primum
614 4630 774 4709 gelu.
865 4630 960 4692 At
1001 4628 1149 4691 mibi
1191 4628 1452 4691 nondum
1497 4628 1801 4691 credibilis
1848 4628 2077 4709 hyems.
2171 4626 2337 4691 Nam
2380 4628 2496 4692 flue
2530 4626 2754 4689 mensis
2790 4623 3041 4705 Jupiter

309 4716 501 4779 Marti
555 4725 621 4780 et
681 4718 912 4781 Veneri
983 4716 1388 4799 configuratus
1455 4718 1586 4781 dies
1651 4718 1978 4781 etiamnum
2030 4716 2307 4796 tepidos
2338 4715 2609 4807 exbibet,
2676 4721 2741 4777 et
2792 4712 3035 4777 nimbos

311 4822 444 4869 011111
489 4806 730 4881 ventis3
777 4806 880 4888 qui
923 4826 1034 4890 per
1077 4806 1360 4871 accidens
1407 4807 1599 4888 frigus
1645 4804 1869 4871 alicubi
1914 4806 2161 4874 facient.

415 4908 596 4961 amoti
621 4911 762 4961 orm
785 4912 820 4955 1·
2292 4978 2301 4985 Ι
2532 4906 2605 4961 28
