3634 5575
616 286 749 358 262
1040 366 1043 369 ἢ
1706 290 1951 355 Apologia
1984 289 2234 353 Tychonis

618 450 779 513 Solis
818 450 895 511 ad
942 450 1151 523 Lunae
1195 448 1663 529 proportionem,
1713 467 1866 529 quae
1911 456 2012 513 est
2055 445 2097 513 9
2131 468 2148 511 ε
2187 446 2250 526 1,
2299 449 2730 533 Aristarchum
2754 470 2918 529 vero,
2967 454 3071 534 qui
3101 452 3342 518 ‚eadem

616 558 750 601 cum
794 538 1069 600 Philolao
1114 536 1407 618 principia
1452 538 1851 617 sequebatur,
1899 538 2112 609 aliam,
2159 556 2252 601 sc.
2303 539 2428 601 fere
2475 557 2627 620 quas
2675 549 2776 603 est
2817 542 2976 605 inter
3022 540 3099 605 21
3157 550 3224 605 et
3275 540 3338 605 1.

618 627 887 700 Quorum
932 627 1077 689 illud
1126 628 1301 705 longe
1351 632 1447 687 est
1494 648 1531 687 a
1574 627 1837 689 veritate
1885 626 2176 702 alienum,
2223 626 2336 689 hoc
2383 627 2438 689 ei
2483 630 2838 708 proximum.
2931 632 3148 709 Itaque
3176 643 3340 709 'earn

620 716 869 797 quisque
916 715 1200 794 privatim
1255 715 1673 795 hypothesium
1736 714 2036 777 rationem
2083 722 2182 777 est
2235 724 2506 791 secutus,
2575 736 2754 797 quam
2799 720 2897 783 vel
2953 718 3342 799 praeceptori

621 824 745 885 suo„
779 812 1091 883 acceptam
1139 804 1310 877 tulit,
1377 805 1473 865 vel
1522 803 1789 884 physicis
1838 803 2174 865 rationibus
2223 812 2692 869 censentaneam
2739 808 3002 880 censuit,
3067 808 3165 869 vel
3223 807 3339 869 de-

620 892 1159 955 monstrationibus
1206 892 1331 953 suis
1379 890 1757 971 aptissimam
1808 900 2092 973 expertus
2139 902 2264 953 est:
2317 893 2482 955 nulla
2524 914 2688 971 vero,
2735 896 2826 957 ita
2851 904 2932 959 ,ut
2956 896 3154 959 Ursus
3182 896 3338 969 vult,

618 981 853 1062 publice
899 980 1155 1043 invaluit
1200 988 1307 1041 aut
1352 981 1684 1043 solenniter
1728 981 2075 1043 introducta
2119 980 2236 1043 fuit
2281 982 2702 1063 hypothesium
2737 985 2960 1047 forma.

798 1070 1059 1149 Jamque
1131 1068 1375 1131 tandem
1425 1069 1500 1131 ad
1568 1069 1866 1131 celebrem
1923 1068 2092 1131 illum
2135 1068 2656 1134 Aristarchum
2715 1071 3032 1138 Samium
3091 1078 3340 1149 tempo-

620 1178 753 1221 rum
796 1158 943 1221 ordo
988 1176 1099 1219 nos
1148 1158 1417 1233 deducit,
1467 1158 1637 1237 cujus
1684 1176 1836 1237 quas
1881 1164 2158 1221 recenset
2202 1158 2602 1221 Archimedes
2649 1160 3049 1242 hypotheses,
3095 1159 3340 1239 Pytha—

619 1265 971 1327 goraeorum
1020 1253 1082 1307 et
1126 1246 1385 1308 Philolai
1434 1264 1665 1327 qnoque
1713 1246 1902 1307 fuisse
1951 1254 2093 1307 ante
2142 1246 2486 1318 Platonem,
2524 1248 2655 1326 jam
2702 1256 2805 1311 sat
2849 1249 3022 1312 nobis
3069 1254 3338 1311 constat.

618 1334 1122 1399 Accommodavit
1164 1333 1267 1395 ille
1317 1335 1553 1415 quidem
1600 1352 1936 1396 sermonem
2003 1354 2174 1396 suum
2223 1334 2875 1412 demonstrationibus,
2941 1344 3006 1399 et
3051 1334 3342 1399 circulum

621 1444 735 1505 quo
783 1424 971 1487 Terra
1025 1422 1287 1484 volvitur
1346 1424 1498 1486 dixit
1562 1444 1695 1485 eam
1760 1423 1983 1486 habere
2053 1423 2497 1502 proportionem
2545 1426 2626 1486 ad
2669 1426 2856 1499 fixas,
2923 1444 3102 1505 quam
3151 1424 3344 1485 habet

620 1522 890 1575 centrum
953 1512 1029 1573 ad
1096 1512 1653 1575 circumferentiam.
1749 1510 1926 1582 Quod
1993 1512 2302 1590 explicans
2368 1512 2768 1577 Archimedes
2829 1514 3046 1575 iisdem
3109 1530 3339 1592 prope-

616 1601 855 1663 modum
898 1600 1102 1662 verbis
1148 1600 1357 1676 utitur,
1406 1600 1617 1682 quibus
1664 1619 1852 1680 supra
1879 1600 2288 1682 pythagoraei
2335 1620 2509 1663 suam
2547 1603 2706 1682 apud
2734 1603 3134 1665 Aristotelem
3161 1620 3340 1663 men-

614 1700 739 1754 tem
794 1689 1280 1769 explicaverant:
1350 1691 1504 1770 quod
1562 1690 2002 1770 deprehendet,
2071 1688 2170 1768 qui
2235 1689 2506 1751 conferre
2572 1698 2824 1771 utraque
2871 1676 3056 1754 volet.
3148 1690 3340 1769 quue

616 1787 713 1843 est
758 1779 917 1859 quod
962 1786 1135 1841 tanto
1184 1779 1377 1857 magis
1426 1779 1766 1852 confirmat,
1835 1778 1992 1858 quod
2039 1796 2221 1857 supra
2266 1779 2509 1858 saepius
2555 1778 2842 1843 iteratum
2889 1786 3020 1853 est,
3089 1779 3339 1845 easdem

615 1868 885 1948 utrisque
932 1876 997 1929 et
1038 1867 1481 1948 Pythagoraeis
1529 1875 1593 1928 et
1635 1867 1998 1930 Aristarcho
2045 1866 2234 1929 fuisse
2283 1867 2669 1948 hypotheses.
2769 1866 3061 1939 Quamvis
3108 1866 3338 1931 Archi-

522 1979 527 1993 ·
612 1957 807 2021 medis
856 1957 930 2017 de
976 1955 1321 2019 Aristarchi
1385 1975 1565 2017 sensu
1610 1957 1960 2036 conjectura
2022 1954 2292 2017 nonnihil
2347 1956 2644 2036 impingit.
2736 1957 2892 2019 Vult
2935 1956 3342 2019 Archimedes

516 2054 522 2058 '
616 2047 705 2110 'sic
750 2044 1206 2124 intelligendum
1242 2043 1681 2118 Aristarchum,
1732 2063 1886 2124 quae
1933 2043 2014 2105 sit
2059 2044 2367 2123 proportio
2406 2046 2630 2107 Terrae
2677 2045 2756 2107 ad
2801 2045 3122 2135 sphaeram
3153 2043 3340 2120 Solis,

619 2134 871 2196 eandem
932 2152 1066 2195 esse
1114 2133 1409 2212 sphaerae
1457 2131 1621 2196 Solis
1668 2134 1809 2205 (seu
1853 2134 2110 2205 Terrae)
2174 2133 2252 2195 ad
2299 2133 2619 2212 sphaeram
2664 2124 2936 2197 fixarum.
3030 2133 3156 2197 At
3186 2133 3342 2195 haec

620 2224 813 2285 adhuc
860 2221 1167 2302 proportio
1214 2241 1329 2283 non
1370 2222 1595 2285 sufficit
1620 2221 1967 2285 Aristarchi
1996 2220 2631 2284 demonstrationibus.
2721 2222 2883 2285 Nam
2929 2220 3018 2283 ita
3063 2230 3162 2283 est
3191 2239 3341 2283 sen-

620 2312 789 2373 sibus
838 2309 1391 2390 comprehensibilis
1420 2311 1643 2373 Terrae
1690 2311 1767 2373 ad
1814 2310 2136 2389 sphaeram
2165 2307 2331 2373 Solis
2367 2310 2694 2391 proportio,
2744 2318 2812 2373 ut
2845 2310 3186 2390 parallaxin
3217 2308 3341 2372 So-

616 2400 693 2461 lis
756 2399 1114 2461 minutorum
1171 2399 1403 2479 aliquot
1458 2400 1703 2463 efficiat.
1816 2399 2094 2460 Totidem
2150 2398 2334 2477 igitur
2389 2398 2750 2461 minutorum
2801 2398 3136 2479 parallaxis
3183 2398 3346 2459 inter

617 2490 773 2551 fixas
822 2494 887 2549 et
932 2486 1253 2565 sphaeram
1301 2506 1419 2567 qua
1458 2488 1663 2551 Tellus
1710 2486 1975 2549 volvitur
2019 2486 2438 2549 intercederet.
2529 2488 2622 2549 At
2657 2487 3050 2565 Aristarchus
3091 2505 3343 2559 ‚omnem

618 2578 801 2657 plane
848 2595 1093 2637 sensum
1159 2576 1456 2653 excludit,
1524 2578 1663 2639 dum
1718 2576 2015 2639 infinitam
2070 2576 2268 2655 quoad
2325 2594 2568 2638 sensum
2628 2574 3076 2655 proportionem
3143 2575 3341 2636 intro-

622 2664 806 2729 ducit.
904 2662 1030 2747 Sed
1096 2665 1246 2725 haec
1294 2664 1510 2726 obiter.
1602 2666 1738 2727 Non
1788 2671 1888 2727 est
1949 2671 2152 2727 autem
2198 2663 2460 2744 impunis
2512 2664 2793 2727 habenda
2839 2664 2981 2729 Ursi
3042 2662 3342 2726 dubitatio

620 2755 693 2816 de
742 2759 949 2815 aetate
1014 2772 1134 2834 qua
1190 2752 1409 2816 claruit
1456 2753 1883 2826 Aristarchus,
1951 2772 2052 2829 ne,
2113 2752 2222 2833 -qui
2287 2752 2488 2816 sciunt
2531 2752 2754 2818 Ursum
2817 2754 3004 2818 etiam
3067 2751 3342 2816 historiis

618 2861 867 2922 operam
913 2841 1174 2916 dedisse,
1224 2861 1358 2903 cum
1402 2843 1534 2922 ipso
1582 2842 1737 2908 citra
1782 2860 2026 2905 causam
2073 2841 2466 2904 dubitandum
2511 2842 2627 2904 sibi
2667 2842 3036 2907 existiment.
3119 2839 3340 2914 Dubio,

620 2933 884 3011 inquam,
936 2930 1125 2992 Ursus
1175 2931 1599 2994 Aristarchum
1644 2932 1833 2994 refert
1879 2931 2007 2993 sive
2055 2931 2165 2992 sub
2210 2930 2627 2995 Ptolemaeum
2673 2930 3160 3009 Philadelphum,
3207 2929 3344 2991 sive

620 3018 731 3082 sub
780 3018 1263 3080 Philometorem.
1360 3019 1770 3082 Intolerabilis
1816 3019 2198 3094 incertitud0,
2229 3037 2382 3080 .cum
2428 3018 2488 3080 hi
2536 3017 2578 3082 2
2617 3037 2792 3097 reges
2846 3017 2972 3082 100
3018 3019 3192 3080 annis
3239 3018 3340 3080 in-

622 3107 817 3169 vicem
878 3105 1123 3168 distent.
1201 3108 1323 3169 -At
1389 3108 1585 3171 facilis
1658 3109 1829 3171 labor
1892 3109 2046 3170 hanc
2109 3107 2547 3170 dubitationem
2624 3107 2896 3170 tollendi.
2999 3105 3342 3188 Syracusas

624 3194 998 3276 expugnavit
1044 3196 1390 3270 Marcellus,
1442 3198 1651 3259 consul
1696 3197 2026 3270 Romanus,
2076 3215 2253 3258 anno.
2281 3193 2340 3260 9.
2393 3197 2726 3259 Ptolemaei
2768 3195 3218 3275 Philopatoris:
3267 3214 3346 3256 ea

622 3284 684 3347 in
751 3285 1191 3363 expugnatione
1255 3285 1653 3347 Archimedes
1728 3285 2082 3351 interfectus
2150 3293 2262 3348 est.
2374 3284 2635 3365 Scripsit
2695 3286 2880 3365 igitur
2944 3284 3210 3347 libellum
3263 3285 3342 3346 de

622 3392 843 3436 arenae
890 3392 1164 3449 numere,
1227 3373 1287 3434 in
1338 3393 1452 3454 quo
1500 3374 1573 3436 de
1621 3374 1965 3438 Aristarchi
2010 3373 2444 3456 hypothesibus
2511 3382 2750 3448 narrat,
2817 3382 2959 3436 ante
3008 3370 3068 3436 9.
3118 3392 3344 3436 annum
3381 3369 3394 3376 ”

624 3460 1032 3540 Philopatoris
1046 3481 1064 3536 3
1114 3470 1177 3524 et
1223 3462 1379 3524 forte
1424 3463 1534 3524 sub
1582 3463 1756 3525 finem
1803 3462 2036 3542 imperii
2081 3463 2434 3542 EuergetiS,
2491 3481 2666 3548 quem
2709 3463 2980 3543 proxime
3025 3460 3344 3525 Philadel-

624 3551 779 3630 phus
827 3551 1177 3612 antecessit.
1273 3552 1360 3612 At
1377 3551 1763 3631 „Philopatori
1791 3551 2159 3632 Epiphanes,
2208 3561 2273 3613 et
2319 3551 2454 3614 huic
2501 3553 2737 3614 demum
2784 3551 3154 3614 Philometor
3199 3569 3345 3610 suc-

496 3669 501 3671 ·
576 3642 584 3648 '
622 3639 829 3702 cessit.
922 3640 1023 3701 Ita
1050 3639 1375 3714 conficitur,
1423 3638 1864 3716 Aristarchum,
1913 3642 2080 3721 cujus
2111 3640 2296 3704 libros
2323 3641 2723 3704 Archimedes
2761 3640 2932 3719 legit,
2981 3640 3092 3700 sub
3122 3637 3340 3701 Phila-

626 3728 843 3808 delpho
872 3728 1186 3800 claruisse,
1225 3747 1337 3790 nec
1368 3728 1495 3790 ulla
1524 3748 1711 3790 causa
1756 3729 1831 3790 de
1857 3728 2262 3792 Philometore
2308 3729 2676 3809 suspicandi.
2751 3729 2960 3795 Habet
2985 3727 3344 3790 historicam

624 3816 1136 3880 confirmationem
1162 3816 1513 3878 historicus:
1564 3819 1775 3880 audiat
1812 3819 2277 3880 astronomicam
2307 3826 2710 3880 astronomus.
2792 3816 3164 3880 Observavit
3187 3815 3344 3877 Ari-

624 3905 903 3968 starchus
970 3905 1267 3966 aestivale
1334 3904 1659 3968 solstitium
1731 3914 1975 3968 auctore
2038 3907 2416 3986 Hipparcho,
2485 3916 2552 3968 ut
2614 3907 2775 3970 Ptol.
2843 3907 2948 3968 111.
3021 3904 3076 3968 1.
3133 3907 3344 3980 refert,

626 4011 781 4056 anno
805 3991 936 4058 -50.
986 3991 1213 4072 primae
1256 3993 1489 4098 periodi
1536 3993 1892 4075 Callipicae.
1985 3997 2048 4060 Is
2097 3995 2210 4058 fuit
2255 4015 2444 4059 annus
2493 3993 2554 4058 6.
2601 3995 3006 4075 Philadelphi.

808 4082 927 4145 Tot
986 4082 1319 4146 nominibus
1384 4084 1443 4145 in
1502 4083 1753 4147 historia
1809 4103 1922 4146 sua
1984 4085 2316 4166 impingens
2372 4085 2564 4147 Ursus
2627 4084 2849 4147 malum
2907 4084 3152 4162 insuper
3213 4082 3350 4162 agit

622 4172 1015 4251 interpretem
1061 4171 1403 4234 Aristarchi
1450 4180 1513 4234 et
1560 4171 1916 4253 Gopernici,
1967 4182 2031 4236 et
2073 4175 2433 4256 imputatam
2479 4173 2614 4236 aliis
2657 4172 2718 4234 in
2769 4171 3104 4254 Gopernico
3149 4172 3338 4234 intel-

626 4261 870 4340 ligendo
935 4261 1291 4324 tarditatem
1345 4261 1405 4322 in
1454 4281 1519 4322 se
1566 4263 1890 4327 manifeste
1945 4264 2266 4326 transfert.
2336 4264 2500 4339 dum,
2570 4282 2744 4343 qnam
2791 4261 3163 4342 Cepernicus
3209 4260 3346 4324 axis

626 4349 907 4412 Terreni
902 4349 1053 4430 (qui
1086 4349 1184 4412 axi
1222 4349 1679 4453 aequinoctialis
1710 4352 2066 4429 respondet)
2115 4352 2565 4414 inclinationem
2612 4354 2692 4416 ad
2735 4353 2983 4433 planum
3025 4350 3344 4430 eclipticas

630 4439 884 4513 statuit,
934 4439 1091 4500 hanc
1140 4439 1240 4500 ille
1288 4438 1663 4502 nutationem
1708 4441 1868 4502 inter
1912 4440 2224 4519 planetas,
2283 4441 2361 4504 ad
2405 4441 2602 4504 instar
2645 4441 2819 4506 navis
2867 4441 2926 4504 in
2970 4439 3152 4513 mari,
3215 4440 3346 4520 jam

627 4525 686 4587 in
740 4545 1015 4606 proram,
1056 4527 1183 4606 jam
1230 4528 1290 4589 in
1336 4524 1583 4608 puppim
1628 4528 2054 4604 incumbentis,
2121 4530 2577 4610 interpretatur.
2668 4529 2758 4592 At
2821 4537 2952 4592 toto
2999 4528 3169 4592 coelo
3217 4527 3347 4591 Co-

632 4615 953 4691 pernicano
1001 4616 1275 4678 aberrat.‘
1358 4616 1515 4678 Nam
1564 4618 1679 4679 etsi
1730 4617 1862 4680 axis
1892 4617 2116 4682 Terrae
2163 4619 2220 4680 in
2257 4618 2544 4682 solstitiis
2589 4618 2826 4682 inclinis
2857 4626 2954 4681 est
2999 4619 3080 4680 ad
3123 4617 3346 4680 lineam

632 4722 663 4764 e
712 4699 859 4766 Sole
904 4704 977 4766 in·
1012 4713 1282 4767 centrum
1314 4706 1535 4768 Terrae
1584 4708 1847 4779 ductam,
1895 4707 1953 4769 in
2003 4706 2396 4788 aequinoctiis
2431 4727 2576 4772 vero
2622 4717 2820 4772 rectos
2865 4725 2998 4770 cum
3044 4727 3118 4774 ea
3163 4707 3351 4776 efficit

633 4791 923 4872 angulos:
990 4811 1107 4854 non
1166 4803 1371 4858 tamen
1416 4794 1477 4856 id
1524 4795 1593 4858 fit
1638 4804 1866 4885 annutu
1909 4797 2008 4858 vel
2062 4797 2288 4864 abnutu
2308 4845 2326 4874 „
2395 4797 2502 4858 sed
2559 4798 2629 4862 fit
2689 4796 3090 4864 translatione
3153 4797 3346 4866 centri
