3634 5575
1547 398 1714 461 caput
1746 397 1909 449 xvn.
2978 397 3099 468 153

379 550 762 613 nihilominus
809 571 924 632 ego
971 571 1088 615 non
1137 555 1348 618 dubito
1369 604 1386 631 ‚
1455 557 1593 636 quin
1654 563 1895 621 creator
1942 557 2019 618 ad
2064 557 2293 636 figurae
2339 557 2511 636 hujus
2556 557 2993 638 praescriptum
3038 559 3099 619 in

379 637 642 700 motibus
689 640 989 703 Mercurio
1037 643 1372 706 tribuendis
1417 645 1773 725 respexerit.
1870 641 2007 714 Quo
2054 643 2312 706 divinior
2356 645 2551 724 magis
2598 646 2910 726 magisque
2957 646 3101 708 mihi

377 733 441 786 et
486 729 860 790 astronomia
905 737 970 790 et
1017 729 1338 809 Copernici
1382 733 1612 812 placita
1659 742 1722 794 et
1768 733 1919 794 haec
1966 731 2103 812 ipsa
2149 731 2189 803 5
2238 751 2493 814 corpora
2538 733 2834 796 videntur.

554 809 872 884 Quaerant
917 816 1038 892 alii,
1089 819 1189 898 qni
1235 820 1553 894 voluerint,
1601 828 1937 881 ceterarum
1977 815 2160 880 etiam
2200 821 2723 883 eccentricitatum
2759 841 2979 884 causas
3026 841 3101 884 ex

379 902 503 965 suis
553 921 820 984 quasque
867 907 1239 985 corporibus,
1309 904 1460 969 Cum
1510 907 1667 970 enim
1713 926 1905 987 neque
1952 906 2069 968 hae
2116 908 2591 973 exorbitationes
2629 931 2667 970 a
2693 909 2827 972 Deo
2874 921 3102 972 temere

375 999 445 1052 ot
485 990 616 1052 s‘me
663 1011 852 1054 causa
903 1001 1116 1056 tantae
1171 995 1426 1076 singulis
1479 996 1746 1076 planetis
1809 996 2083 1058 indultae
2146 997 2311 1058 sint:
2376 1005 2495 1058 non
2540 995 2943 1078 *desperanda
3006 1008 3104 1060 est

377 1096 568 1161 noque
613 1080 826 1144 barum
869 1101 1188 1146 causarum
1233 1085 1646 1164 investigatio.
1677 1087 1734 1158 ⁶)

549 1167 758 1244 Porro,
805 1178 878 1232 ut
909 1173 1177 1235 varietas
1205 1173 1488 1236 Mercurii
1529 1175 1605 1235 ad
1655 1171 1983 1235 octaedron
2030 1172 2537 1245 accommodetur,
2585 1173 2675 1236 sic
2722 1175 2822 1253 agi
2868 1184 3099 1254 posset.

375 1251 728 1320 Smneretur
767 1262 1078 1340 proportio
1127 1271 1388 1324 eccentr.
1440 1266 1483 1340 ζὲ
1529 1261 1607 1324 ad
1655 1260 2011 1324 distantiam
2060 1259 2319 1322 mediam
2378 1281 2416 1322 a
2462 1256 2545 1336 Θ
2606 1279 2716 1341 pro
2778 1270 2975 1336 certa,
3036 1273 3105 1328 ut

373 1347 514 1426 quia
556 1347 618 1410 iu
667 1345 1002 1427 Cepernico
1059 1351 1356 1412 distantia
1409 1351 1602 1423 (sicut
1643 1351 1816 1413 vides
1860 1349 1923 1410 in
1972 1349 2283 1410 schemate
2332 1345 2418 1410 23
2466 1355 2529 1410 et
2574 1346 2693 1423 24)
2750 1351 3103 1430 longissima

374 1444 472 1496 est
513 1431 686 1510 488,
751 1437 1114 1500 brevissima
1157 1436 1326 1515 231,
1390 1439 1592 1502 media
1645 1439 1831 1518 igitur
1876 1437 1993 1500 erit
2040 1433 2173 1500 360
2194 1483 2211 1510 ‚
2276 1445 2341 1497 et
2394 1437 2707 1499 crassities
2767 1445 2900 1500 tota
2946 1437 3099 1504 257.

375 1514 544 1586 Haec
581 1524 710 1602 jam
757 1527 1076 1588 crassities
1121 1528 1526 1608 corrigeretur
1581 1527 2149 1608 proportionaliter,
2216 1533 2284 1586 ut
2340 1525 2481 1604 quia
2524 1526 2783 1588 circulus
2830 1528 3101 1590 octaedri

411 1631 481 1676 ru
525 1609 694 1689 488,
739 1633 984 1678 numero
1035 1615 1356 1695 Copernici
1381 1663 1400 1688 ,
1457 1617 1715 1696 largitur
1759 1635 1877 1676 non
1924 1615 2059 1695 plus
2105 1609 2264 1687 474,
2327 1631 2471 1692 ergo
2516 1615 2830 1678 crassities
2878 1617 2995 1678 erit
3040 1617 3097 1678 in

413 1720 486 1762 ac
541 1703 930 1783 proportione
977 1703 1114 1768 250
1133 1753 1148 1778 ,
1217 1712 1280 1767 et
1339 1705 1541 1768 media
1592 1713 1865 1766 correcta
1921 1702 2216 1764 distantia
2272 1697 2422 1765 349.
2518 1703 2659 1764 Jam
2712 1704 2853 1765 vide
2874 1753 2893 1779 ,
2960 1705 3103 1785 quid

372 1790 534 1852 &bia
579 1791 640 1852 in
687 1793 979 1854 octaedro
1025 1794 1334 1868 admittat,
1381 1795 1618 1858 scilicet
1657 1790 1808 1856 387.
1884 1791 2245 1853 Differentia
2289 1791 2473 1869 igitur
2518 1791 2677 1853 inter
2718 1788 2867 1867 387,
2918 1793 3097 1855 altis·-

371 1879 586 1941 simam
631 1879 793 1942 orbis
839 1890 908 1942 et
952 1878 1082 1945 349
1137 1884 1436 1957 mediam,
1501 1891 1597 1944 est
1645 1877 1768 1953 38,
1836 1890 1899 1944 et
1961 1881 2203 1959 duplum
2252 1877 2375 1954 76,
2441 1880 2755 1942 crassities
2810 1881 2973 1944 orbis
3020 1883 3099 1944 ad

369 1968 610 2029 modum
655 1977 1028 2046 ceterorum,
1089 1971 1282 2051 major
1329 1972 1569 2050 quidem
1619 1970 1812 2032 adbuc
1862 1987 2039 2050 quam
2085 1969 2344 2030 Veneris
2368 2015 2385 2042 ,
2442 1968 2551 2029 sed
2596 1977 2801 2030 tamen
2848 1989 2965 2030 non
3011 1971 3101 2032 ita

371 2055 668 2118 immanis.
753 2057 1015 2139 Reliqua
1061 2060 1400 2121 differentia
1441 2060 1604 2121 inter
1651 2059 2013 2120 altissimam
2060 2055 2221 2118 orbis
2278 2055 2406 2122 387
2456 2063 2519 2118 et
2564 2057 2927 2120 altissimam
2974 2059 3097 2120 cir-

369 2145 487 2208 culi
531 2139 696 2220 474,
756 2165 910 2226 quae
957 2156 1059 2209 est
1101 2146 1217 2223 87,
1277 2149 1534 2211 debetur
1587 2146 1877 2228 peculiari
1924 2145 2353 2208 exorbitationi
2402 2145 2706 2208 Mercurii.
2798 2145 2931 2208 Hoc
2982 2145 3095 2210 dm·

365 2253 618 2315 χωρημα
659 2251 736 2296 au
785 2235 1202 2316 abjiciendum,
1253 2257 1327 2298 an
1375 2235 1816 2300 conciliandum
1864 2253 1997 2296 cum
2042 2230 2323 2310 ὑποθηφ
2372 2235 2564 2296 forma
2610 2241 2877 2297 motuum
2921 2235 2985 2296 in
3032 2237 3092 2313 ζὲ,

367 2341 442 2384 an
501 2340 662 2385 nova
713 2333 980 2386 motuum
1037 2327 1196 2388 ratio
1261 2325 1688 2388 constituenda
1706 2373 1721 2399 ‚
1789 2323 2177 2387 considerent
2240 2323 2525 2384 artifices.
2618 2323 2749 2384 Nec
2796 2322 2955 2384 enim
3002 2323 3095 2388 ita

366 2411 518 2474 bene
545 2412 848 2493 explorati
872 2422 1016 2475 sunt
1043 2433 1276 2477 errores
1304 2416 1484 2496 hujus
1521 2413 1756 2488 sideris,
1808 2421 1877 2475 ut
1920 2412 2052 2490 ejus
2094 2411 2261 2472 orbis
2308 2410 2683 2473 correctione
2720 2430 2837 2474 non
2888 2420 3088 2491 egeat.

1059 2591 1148 2654 IN
1199 2588 1482 2654 CAPUT
1523 2588 1919 2653 DECIMUM
1966 2585 2401 2650 SEPTIMUM

1422 2711 1652 2762 NOTAE
1689 2707 2045 2761 merolus,

528 2816 591 2891 a)
637 2820 816 2884 Quale
878 2820 952 2875 sit
993 2820 1156 2883 illud,
1219 2824 1360 2893 quod
1423 2820 1661 2877 artifices
1719 2809 2080 2893 peculiariter
2141 2822 2461 2877 adscribunt
2512 2822 2809 2889 Mercurio,
2885 2824 3089 2881 rectius

366 2906 525 2973 petes
596 2890 688 2955 ex.
727 2898 1051 2956 Ptolemaeo
1112 2900 1256 2973 ipso,
1329 2919 1508 2971 exque
1569 2901 1865 2955 Purbachii
1924 2908 1981 2955 et
2038 2901 2322 2955 Maestlini
2382 2902 2687 2957 Theoricis:
2724 2896 2799 2973 ⁸⁸)
2859 2904 3089 2976 denique

369 2983 632 3051 quomodo
681 2980 1013 3051 Copernicus
1074 2982 1208 3035 illud
1270 2982 1472 3052 duplici
1527 2982 1621 3035 via
1683 2981 1837 3052 (quia
1894 2980 1996 3035 sibi
2056 2980 2175 3051 ipse
2236 2998 2343 3035 non
2386 2975 2686 3051 satisfecit)
2747 2984 2802 3037 in
2862 2985 3089 3039 formam

368 3076 586 3115 suarum
626 3062 1018 3131 hypothesium
1059 3062 1441 3124 transtulerit,
1507 3080 1566 3115 se
1608 3061 1785 3131 ipsum
1826 3069 2017 3116 tamen
2071 3062 2403 3125 confuderit,
2467 3062 2593 3132 plus
2656 3062 2861 3135 aliquid
2924 3081 3091 3134 prae—

368 3146 524 3195 stans
601 3138 726 3211 (per
783 3158 910 3194 suos
969 3148 1151 3196 motus
1219 3141 1670 3213 triangulationis
1743 3140 1981 3211 alicujus
2052 3138 2329 3213 aemulos)
2390 3158 2555 3211 quam
2624 3160 2699 3197 ex
2766 3144 3089 3199 Ptolemaeo

368 3219 472 3273 sibi
525 3228 894 3291 proposuerat
949 3221 1385 3291 exprimendum:
1449 3223 1502 3275 id
1555 3228 1734 3275 totum
1785 3238 1889 3275 nec
1928 3223 2069 3276 adeo
2118 3220 2487 3275 necessarium
2537 3230 2627 3275 est
2665 3224 2771 3277 hoc
2824 3225 2947 3278 loco
2988 3240 3087 3279 ex-

365 3300 588 3371 plicari,
649 3316 770 3355 mm
819 3301 896 3356 sit
945 3303 1012 3357 de
1068 3301 1417 3371 opinionibus.
1456 3302 1756 3364 bominum,
1815 3318 1923 3357 non
1965 3303 2033 3355 de
2072 3302 2312 3355 veritate
2352 3318 2559 3363 rerum;
2621 3308 2682 3359 et
2721 3304 2767 3357 si
2810 3305 2937 3374 quid
2978 3304 3087 3359 uti·

367 3380 498 3439 liter
539 3381 646 3436 dici
683 3386 902 3450 potest,
963 3381 1168 3437 rectius
1213 3382 1474 3439 aliorsum
1515 3380 1782 3450 rejicitur.
1868 3382 1931 3435 In
1972 3398 2035 3435 re
2074 3381 2235 3445 enim,
2278 3382 2385 3437 hoc
2425 3388 2539 3446 eat,
2598 3385 2741 3452 quod
2779 3380 3085 3439 Mercurius

367 3461 509 3515 facit
549 3478 822 3517 enormem
879 3461 1348 3517 accentu-icitatem
1402 3462 1592 3517 circuli
1633 3460 1718 3515 sui
1778 3476 1815 3514 a
1854 3458 2011 3525 Sole,
2074 3478 2233 3531 quem
2273 3461 2535 3515 circulum
2574 3461 2929 3518 Ptolemaeus
2970 3466 3085 3535 epi-

367 3542 608 3613 cyclum,
653 3557 762 3621 ego
805 3540 1168 3623 eccentricum
1208 3543 1353 3607 dico,
1399 3543 1650 3615 quodque
1689 3540 1746 3594 in
1788 3540 1887 3595 illo
1930 3539 2099 3595 etiam
2140 3540 2444 3595 eccentrico
2486 3547 2737 3596 movetur
2776 3543 3085 3615 inaequali-

365 3628 468 3685 ter,
513 3624 584 3675 ad
623 3620 1034 3690 proportionem
1074 3622 1521 3676 eccentricitatiS.
1604 3620 1696 3675 Ex
1738 3620 1825 3673 his
1866 3618 2149 3689 principiis
2192 3626 2251 3672 et
2290 3638 2365 3673 ex
2403 3619 2817 3675 eccentricitate
2847 3623 3085 3677 Telluris

366 3703 631 3772 quomodo
693 3702 933 3755 conflata
991 3700 1065 3755 sit
1120 3702 1425 3777 phantasia
1467 3700 1568 3755 illa
1608 3700 1840 3769 duplicis
1903 3698 1959 3753 in
1999 3699 2271 3753 Mercurio
2330 3698 2611 3771 perigaei,
2675 3707 2733 3755 et
2784 3702 2863 3755 sic
2904 3708 3083 3756 motus

366 3782 523 3852 quasi
565 3780 957 3853 triangularis:
1019 3780 1073 3835 id
1115 3781 1490 3851 explicabitur
1529 3780 1584 3833 in
1627 3778 2095 3834 demonstratione
2138 3786 2381 3832 motuum
2423 3778 2711 3843 Mercurii;
2774 3799 2874 3834 nec
2913 3782 3083 3853 plane

361 3868 658 3931 praetereo
701 3874 966 3914 summam
1005 3860 1088 3914 rei
1129 3861 1185 3914 in
1227 3861 1378 3931 Epit.
1421 3865 1573 3915 Astr.
1617 3859 1715 3913 lib.
1757 3860 1853 3913 Vl.
1937 3858 2152 3913 Sufficit
2191 3859 2296 3913 hoc
2338 3858 2457 3911 loco
2500 3858 2635 3912 illud
2676 3876 2921 3924 monere,
2973 3878 3083 3915 non

357 3956 492 3993 -esse
551 3940 720 4009 hujus
781 3940 1196 4010 singularitatis
1237 3940 1582 3995 Mercurialis
1627 3954 1853 3993 causam
1895 3938 2138 4009 aliquam
2202 3938 2618 4007 archetypicam
2680 3958 2754 3994 ex
2796 3942 3077 4003 octaedro,

363 4036 540 4091 eoque
580 4020 786 4074 falsam
824 4019 988 4089 hujus
1031 4020 1230 4091 capitis
1271 4020 1640 4091 hypothesin:
1694 4018 2149 4088 jucundissimam
2206 4024 2393 4073 tamen
2434 4020 2872 4077 recordationem
2914 4020 3079 4088 hujus

361 4099 797 4171 epichirematis,
855 4107 924 4154 ut
961 4107 1262 4173 appareat,
1315 4100 1512 4171 quibus
1553 4099 1910 4171 ignorantiae
1949 4099 2219 4171 gradibus
2267 4100 2334 4153 ad
2378 4100 2749 4155 astronomiae
2790 4100 3080 4155 scientiam

363 4186 425 4238 et
463 4180 914 4237 constitutionem
955 4180 1310 4237 ascenderim.

521 4258 582 4329 b)
625 4261 818 4331 Neque
855 4260 964 4315 hoc
1003 4260 1354 4331 undiquaque
1393 4260 1474 4313 sic
1514 4259 1715 4313 habet:
1777 4258 2005 4313 Saturni
2044 4258 2259 4329 quidem
2302 4275 2439 4315 vera
2479 4259 2862 4313 eccentricitus
2904 4258 3083 4329 major

362 4346 451 4395 est
487 4339 720 4405 Joviali,
761 4340 915 4394 Jovis
954 4357 1087 4394 vero
1127 4342 1302 4395 multo
1343 4340 1517 4395 minor
1556 4338 1808 4393 Martiali
1847 4338 2109 4393 inferiori.

521 4418 572 4487 c)
615 4422 789 4475 Nemo
849 4419 1067 4485 extitit,
1131 4420 1222 4491 qui
1266 4425 1576 4493 quaereret.
1663 4418 1928 4480 Quaerite
1989 4426 2047 4471 et
2106 4418 2417 4473 invenietis.
2504 4416 2789 4480 Quaesivi,
2852 4424 2913 4471 et
2952 4436 3079 4473 ecce

363 4499 563 4567 inveni,
607 4499 702 4555 lib.
747 4500 814 4555 V.
857 4500 1334 4564 Harmonicorum,
1381 4514 1576 4553 causas
1617 4498 2149 4567 praestantissimas.
2233 4500 2389 4551 Adeo
2434 4497 2635 4551 bonum
2676 4504 2734 4551 et
2772 4498 2937 4551 fidum
2978 4498 3083 4552 hoc

363 4588 526 4633 omen
567 4580 708 4635 fuit:
763 4580 912 4635 Non
953 4582 1356 4651 desperare:
1413 4581 1551 4632 adeo
1592 4578 1811 4648 pollens
1856 4585 1916 4632 et
1953 4594 2275 4649 praegnans
2319 4576 2544 4631 axioma
2593 4576 2682 4630 hic
2722 4585 3079 4648 usurpatum:

362 4658 566 4715 Nihil
607 4676 644 4715 a
682 4658 829 4715 Deo
869 4666 1136 4715 temere
1179 4660 1659 4715 constitutum.

1548 4886 1893 4900 -——-

2537 5013 2658 5065 ¹1*
