3634 5575
1497 386 1690 443 wahan
1709 380 1906 439 Unum·
2736 387 2747 397 ’
2934 382 3074 449 2³71:

338 538 478 617 quin
525 537 588 600 in
633 556 806 599 snum
851 555 1002 617 opus
1049 556 1166 602 eos.
1201 540 1582 606 transferret.
1671 540 1895 619 Itaque,
1944 540 2017 599 de
2058 542 2269 615 eorum„
2308 540 2621 609 sententia
2660 538 2869 605 Solem
2912 562 3063 607 cen-

336 635 498 688 trum
553 625 699 687 fecit
759 627 990 689 orbium
1050 626 1306 689 Veneris
1363 636 1428 687 et
1481 626 1788 692 Mercurii.
1902 626 2027 689 Sed
2081 628 2303 701 Ursus,
2370 626 2475 708 qui
2530 628 2717 693 Mart.
2770 628 3060 710 Capellae

336 713 640 793 dogmatis
686 714 969 777 notitiam
1017 715 1118 777 uni
1164 713 1496 794 Copernico
1543 724 1861 795 acceptam
1910 716 2055 791 fert,
2126 724 2465 779 ceterorum
2513 718 2879 783 mentionem
2924 721 3063 783 nul-

339 804 458 864 lam
504 801 674 872 facit,
719 802 1090 865 Mattianum
1119 803 1374 882 primum
1413 812 1720 867 auctorem
1751 803 2136 867 existimans:
2186 823 2407 885 magno
2438 804 2809 868 incommodo
2839 827 3062 871 causae

335 911 504 953 suae.
599 888 902 961 Quantum
961 892 1122 953 enim
1177 892 1428 953 fecisset
1473 894 1552 955 ad
1599 892 1895 973 speciem,
1946 911 2123 971 quam
2170 891 2227 953 in
2276 893 2621 955 auctoribus
2682 904 2747 956 et
2792 896 3060 977 antiqui-

335 988 468 1041 tate
515 978 715 1043 studio
763 980 1084 1060 qnaesivit,
1131 980 1181 1042 si
1226 980 1534 1043 Martiano
1582 980 1977 1057 Macrobium,
2026 981 2078 1041 si
2107 980 2421 1042 Macrobio
2448 981 2727 1058 Plinium,
2774 984 2825 1045 si
2864 985 3059 1049 Plinio
3132 1007 3146 1013 ··

335 1068 678 1131 Vitruvium
737 1070 1206 1148 anteposuisset.
1297 1070 1457 1131 Nam
1513 1079 1578 1131 et
1631 1069 1726 1131 hic
1792 1069 1853 1129 in
1911 1068 2331 1131 astronomicis
2387 1069 2589 1131 Plinio
2646 1071 2707 1133 in
2767 1076 3057 1153 praedam

334 1157 541 1232 cessit,
590 1164 658 1219 ut
686 1156 916 1219 Plinius
945 1158 1272 1221 Martiano.
1369 1156 1528 1229 Quin
1557 1158 1676 1219 imo
1709 1177 1781 1219 ne
1816 1158 2129 1219 Vitruvius
2173 1157 2407 1237 quidem
2458 1167 2667 1220 auctor
2714 1170 2813 1221 est
2847 1171 3055 1225 astro-

333 1246 694 1307 nomicorum
750 1245 1126 1324 dogmatum,
1189 1265 1342 1326 quae
1389 1255 1666 1309 recenset
1717 1245 1778 1307 in
1826 1264 2006 1326 opere
2064 1265 2191 1307 suo.
2287 1244 2446 1316 Quid
2504 1247 2663 1323 enim
2722 1249 3053 1315 architecto

331 1354 466 1397 cum
511 1335 922 1395 astronomia?
1009 1335 1148 1395 Non
1196 1336 1328 1413 agit
1374 1343 1782 1397 astronomum
1830 1354 1904 1397 ex
1940 1334 2213 1413 professo
2244 1334 2581 1409 Vitruvius,
2630 1337 2737 1397 sed
2768 1338 2850 1399 ad⁴
2876 1353 3043 1401 conr-

331 1422 776 1483 mendationem
832 1431 896 1483 et
943 1423 1386 1502 jucunditatem
1441 1423 1640 1503 operis
1695 1422 2013 1485 occasione
2062 1429 2313 1501 captata
2367 1440 2499 1485 cum
2560 1423 2685 1485 alia
2730 1444 2871 1487 rara
2927 1436 3053 1489 tum

333 1509 738 1573 astronomica
785 1512 1024 1572 aliunde
1068 1511 1266 1591 petita
1312 1511 1721 1591 interspergit.
1812 1511 2159 1573 Macrobius
2196 1529 2337 1571 vero
2384 1517 2449 1572 et
2494 1520 2667 1575 vetus
2712 1514 2789 1573 ad
2818 1515 3053 1577 Bedam

331 1599 794 1661 commentarius
841 1599 996 1661 hanc
1044 1600 1378 1679 opinionem
1425 1599 1543 1679 ipsi
1576 1598 1818 1661 Platoni
1866 1599 2097 1675 tribuit,
2151 1611 2449 1678 utcunque
2487 1618 2623 1661 eam
2666 1600 3051 1665 successores

331 1688 458 1767 ejus
504 1686 805 1749 Platonici
852 1689 1348 1766 quemadmodum
1413 1688 1540 1750 alia
1574 1687 1781 1750 'multa
1840 1688 2235 1767 corruperint.
2328 1688 2457 1749 lmo
2503 1689 2663 1751 idem
2706 1690 3055 1755 Macrobius

333 1776 580 1838 eandem
627 1775 1018 1839 traditionem
1063 1776 1142 1837 ad
1189 1776 1354 1855 ipsos
1402 1776 1744 1857 Aegyptios
1791 1778 2001 1849 refert,
2047 1784 2113 1837 ut
2158 1775 2249 1839 ita
2290 1794 2443 1856 pene
2492 1796 2627 1839 cum
2668 1778 2805 1859 ipsa
2849 1788 3053 1843 astro-

329 1864 530 1925 nomia
587 1871 736 1925 nata
791 1864 996 1927 fuerit.
1087 1866 1262 1925 Hanc
1319 1864 1526 1944 itaque
1581 1866 1871 1945 praedam
1916 1865 2110 1928 Ursus
2156 1884 2189 1925 e
2248 1864 2401 1929 rictu
2458 1866 2689 1941 amisit,
2758 1868 2897 1931 dum
2953 1869 3055 1931 vix

327 1960 649 2031 conspecto
697 1954 879 2013 Mart.
933 1950 1220 2031 Capellae
1285 1954 1520 2015 nomine
1577 1954 1635 2016 in
1685 1952 2039 2034 Copernico,
2105 1954 2165 2015 in
2214 1953 2325 2015 hoc
2370 1972 2551 2015 unum
2616 1954 2885 2019 intentus
2933 1967 3051 2033 est,

327 2060 398 2103 ne
445 2040 680 2121 quidem
714 2038 1032 2119 Copernici
1079 2042 1506 2104 indicationem
1554 2043 1921 2122 expendens.
2016 2039 2381 2112 Quaesisset
2418 2042 2573 2103 enim
2620 2044 2856 2121 saltem,
2908 2046 3045 2125 qui-

327 2149 466 2191 nam
514 2137 719 2191 essent
763 2129 852 2191 illi
899 2129 1003 2193 alii
1049 2130 1422 2205 Latinorum,
1467 2149 1614 2209 quos
1663 2130 1825 2193 idem
1872 2149 2005 2193 cum
2034 2130 2339 2193 Martiano
2392 2131 2865 2213 „percalluisse“
2918 2132 3045 2195 Co-

323 2219 600 2298 pernicus
645 2218 938 2292 affirmat3
965 2219 1330 2297 quaesisset
1361 2218 1676 2299 cuiusnam
1723 2238 1754 2279 e
1787 2218 2029 2282 Latinis
2067 2218 2411 2281 auctoribus
2442 2228 2652 2281 essent
2686 2220 2793 2283 illa
2824 2222 3044 2285 verba:

331 2325 696 2381 „conversas
744 2306 1032 2369 absidas“
1083 2326 1236 2387 quae
1287 2306 1656 2385 Copernicus
1707 2326 1739 2368 e
1791 2306 1991 2369 Plinio
2036 2305 2475 2385 transscripsit.

500 2394 717 2458 Placet
761 2414 902 2459 vero
950 2396 1024 2457 de
1072 2396 1186 2459 hac
1234 2396 1394 2457 circa
1421 2396 1724 2458 Venerem
1773 2404 1839 2458 et
1864 2394 2223 2458 Mercurium
2252 2394 2575 2475 hypothesi
2620 2394 3043 2460 verbatrans-

327 2482 604 2558 scribere,
656 2491 726 2543 ut
770 2503 920 2563 quae
960 2484 1092 2562 jam
1141 2484 1266 2545 dixi
1312 2484 1642 2548 luculenter
1689 2491 2047 2563 appareant.
2143 2481 2433 2561 Capellae
2467 2482 2657 2545 verba
2701 2482 3045 2550 clara-suut

328 2592 414 2644 εις
448 2572 550 2635 lib.
602 2572 807 2633 VIH.:
871 2572 1058 2647 „Tria
1103 2572 1247 2635 item
1293 2592 1370 2634 ex
1415 2571 1506 2633 his
1553 2591 1686 2635 cum
1733 2571 1877 2635 Sole
1923 2572 2215 2651 Lunaque
2262 2571 2465 2633 orbem
2513 2571 2739 2635 Terrae
2782 2569 3041 2638 circum-

327 2668 488 2735 eunt,
536 2660 586 2733 ῼ
633 2678 776 2723 vero
815 2669 878 2722 et
925 2662 967 2738 {5
1013 2680 1127 2722 non
1175 2660 1446 2725 ambiunt
1490 2660 1799 2725 Terram.“
1875 2660 1978 2742 ,Et
2004 2659 2213 2739 paucis
2261 2658 2634 2739 interjectis:
2688 2678 2865 2735 „nam
2898 2662 3043 2725 licet
3104 2698 3109 2703 ·

326 2756 493 2813 ortus
539 2768 902 2830 occasusque
951 2750 1332 2829 quotidianos
1379 2750 1730 2826 ostendant,
1779 2756 1985 2812 tamen
2032 2767 2237 2811 eorum
2281 2748 2487 2812 circuli
2535 2748 2755 2814 Terras
2803 2749 3041 2814 omnino

325 2857 448 2912 non,
487 2839 782 2913 ambiunt,
847 2838 954 2900 sed
1001 2839 1166 2901 circa
1211 2839 1416 2902 Solem
1476 2839 1704 2900 laxiore
1755 2838 1987 2903 ambitu
2046 2838 2429 2900 circulantur.
2522 2837 2795 2919 Denique
2843 2838 3040 2904 circu-
3123 2877 3127 2882 ·

326 2927 512 2989 lorum
570 2945 812 2995 suorum
867 2935 1112 2993 centron
1169 2929 1232 2990 in
1279 2926 1420 2990 Sole
1480 2929 1885 3002 constituunt,
1955 2927 2042 2988 ita
2108 2934 2175 2988 ut
2222 2945 2404 3006 supra
2448 2927 2643 3008 ipsum
2698 2927 3041 3006 aliquando,

324 3015 480 3076 infra
522 3016 870 3095 plerumque
925 3015 1378 3095 propinquiores
1427 3015 1628 3077 Terris
1687 3017 2018 3080 ferantur.“
2114 3015 2281 3076 Infra
2327 3033 2499 3090 vero,
2565 3034 2699 3080 cum
2751 3016 2917 3096 prius
2966 3017 3061 3083 de.

327 3103 496 3171 Luna
543 3112 606 3167 et
649 3101 794 3166 Sole
841 3104 1178 3183 mutuisque
1235 3105 1294 3166 in
1341 3123 1477 3168 sese
1525 3116 1588 3166 et
1636 3104 1694 3166 in
1743 3104 1933 3166 Terra
1977 3104 2292 3166 affectibus
2354 3103 2611 3183 egisset,
2662 3104 2889 3167 ordinis
2934 3125 3039 3166 ra-

322 3192 486 3254 tione
535 3193 613 3252 ad
659 3211 764 3253 eos
809 3193 1112 3271 pervenit,
1179 3193 1322 3272 „qui
1367 3192 1530 3256 circa
1575 3191 1782 3256 Solem
1840 3193 2261 3273 peragratione
2309 3193 2613 3255 mundana
2655 3194 3037 3270 volvuntur,“

327 3279 377 3354 ῼ
426 3290 490 3342 et
517 3284 592 3358 ἒξ,
643 3299 888 3360 quorum
938 3281 1232 3355 „circulos
1263 3281 1564 3360 epicyclos
1595 3301 1750 3356 esse,
1802 3280 2229 3362 superioribus,
2278 3281 2383 3351 ait,
2430 3281 2860 3354 memorasse‚“
2910 3282 2951 3344 i.
2984 3301 3039 3346 e.

329 3387 486 3444 „non
537 3369 694 3433 intra
741 3369 1030 3431 ambitum
1075 3369 1376 3450 proprium
1423 3369 1851 3432 rotunditatem
1890 3369 2149 3432 Telluris
2198 3369 2522 3443 includere,
2570 3370 2675 3432 sed
2725 3370 2799 3432 de
2848 3371 3039 3434 latere

325 3456 548 3519 Terrae
614 3459 1047 3538 quodammodo
1115 3457 1540 3520 circumduci.“
1645 3458 1711 3520 In
1787 3475 1902 3538 quo
1970 3457 2234 3545 epuicyclo
2303 3458 2597 3536 quomodo
2663 3467 3039 3534 moveantur,-

322 3545 484 3608 infra
541 3545 602 3607 in
651 3546 890 3608 Venere
949 3545 1221 3608 declarat
1265 3545 1358 3608 his
1406 3544 1638 3608 verbis:
1705 3544 1810 3620 „in
1860 3564 1969 3606 suo
2024 3545 2229 3625 posita
2274 3544 2494 3607 circulo
2543 3564 2673 3608 eum
2720 3545 2891 3608 varia
2938 3547 3036 3608 di-

323 3635 616 3697 versitate
665 3634 1022 3710 circumdat,
1086 3634 1226 3714 quia
1271 3633 1594 3714 aliquando
1651 3652 1783 3696 eum
1830 3632 2216 3706 transcurrit,
2284 3633 2605 3712 aliquando
2652 3634 3039 3713 subsequitur

321 3741 434 3784 nec
479 3723 952 3804 comprehendit,
1003 3725 1322 3803 aliquando
1372 3723 1762 3804 superfertur,
1809 3739 2229 3802 nonnunquam
2260 3721 2604 3801 subjacet.“
2651 3722 2821 3790 Haec
2850 3723 3041 3788 verba

322 3819 385 3874 et
431 3811 773 3874 sententiae
823 3813 1116 3892 quomodo
1166 3812 1486 3891 desumpta
1532 3811 1656 3872 sint
1701 3829 1778 3872 ex
1822 3810 1959 3872 aliis
1996 3809 2133 3889 jam
2176 3810 2437 3890 patebit.

498 3900 682 3962 Plinii
727 3919 898 3962 mens
942 3901 1000 3962 in
1050 3900 1328 3980 ambiguo
1376 3909 1474 3962 est
1520 3919 1654 3962 cum
1697 3900 2013 3962 verborum
2052 3898 2420 3965 obscuritate
2470 3907 2597 3964 tum
2645 3899 3040 3979 interpretum

319 3989 380 4050 in
428 3989 542 4050 hoc
587 3988 829 4068 negotio
866 3988 1252 4052 auctoritate.
1348 3989 1572 4052 Valido
1600 3988 1891 4070 probatur
1937 3994 2291 4068 argumento
2337 4006 2413 4048 ex
2440 4005 2575 4066 cap.
2608 3986 2783 4052 VIII.
2814 3987 2923 4052 lib..
2952 3987 3037 4053 11.

322 4076 613 4158 Capellae
675 4085 934 4141 mentem
981 4077 1176 4139 Plinio
1232 4097 1348 4138 non
1412 4077 1596 4139 fuisse
1653 4085 2055 4158 perspectam.
2148 4075 2238 4136 Eo
2294 4095 2506 4156 nempe
2573 4075 2705 4139 loco
2771 4095 2905 4142 cum
2964 4095 3040 4138 ex

317 4167 595 4245 professo
641 4167 934 4246 sphaeras
983 4165 1317 4238 ordinaret,
1371 4166 1574 4240 „infra
1619 4163 1843 4240 Solem,
1892 4165 2102 4246 inquit,
2152 4163 2343 4225 ambit
2368 4163 2581 4244 ingens
2612 4163 2778 4228 sidus
2818 4165 3036 4246 appel-

321 4256 512 4317 latum
543 4253 869 4316 VeneriS.“
958 4253 1045 4315 Et
1103 4253 1283 4334 paulo
1329 4261 1474 4332 post
1517 4254 1895 4332 „Proximum
1945 4252 2169 4314 Veneri
2216 4251 2381 4314 sidus
2428 4253 2708 4316 Mercurii
2753 4254 3035 4318 inferiore

319 4343 541 4406 circulo
589 4341 842 4404 fertur.“

498 4431 904 4494 Retinuerunt
947 4430 1098 4491 haec
1145 4427 1332 4490 verba
1380 4428 1803 4504 Collimitium,
1861 4427 2229 4507 Zieglerum,
2279 4427 2617 4510 Mycillum,
2674 4426 3035 4508 interpretes

317 4520 498 4582 Plinii
545 4538 664 4582 non
711 4518 1026 4592 immerit0,
1079 4536 1192 4597 quo
1239 4515 1435 4579 minus
1481 4517 1756 4592 inferius,
1805 4535 1940 4578 cum
1987 4517 2047 4578 in
2077 4517 2280 4596 specie
2318 4515 2550 4580 Plinius
2581 4516 2654 4577 de
2686 4515 2927 4580 Venere
2974 4525 3039 4579 et

319 4608 616 4672 Mercurio
674 4608 862 4668 verba
918 4607 1092 4681 facit,
1159 4605 1217 4666 in
1264 4605 1460 4668 Plinio
1521 4603 1837 4684 Capellam
1896 4623 2224 4685 agnoscere
2280 4605 2525 4666 vellent.
2620 4595 2779 4666 Sunt
2833 4613 3035 4668 autem

319 4697 470 4758 haec
519 4717 604 4772 ex·
630 4714 762 4776 cap.
812 4696 1059 4758 XVII.:
1128 4692 1438 4770 „Primum
1485 4693 1668 4772 igitur
1715 4693 1984 4763 dicatur,
2032 4712 2136 4764 cur
2181 4691 2245 4753 hi
2288 4693 2404 4754 duo
2452 4710 2749 4778 nunquam
2796 4693 3033 4773 longius

321 4805 362 4846 a
407 4785 551 4846 Sole
587 4785 954 4859 abscedant,
1002 4801 1184 4862 saepe
1231 4781 1312 4844 ad
1348 4780 1554 4844 Solem
1597 4779 2009 4860 reciprocent?
2101 4779 2445 4842 Conversas
2472 4779 2703 4845 habent
2746 4789 3033 4862 utraeque

320 4874 569 4940 absidas
617 4881 684 4936 nt
712 4872 890 4976 ‘iufra
933 4871 1142 4938 Solem
1186 4869 1368 4948 sitae,
1414 4877 1765 4952 tantumque
1812 4869 2055 4957 circulis
2100 4886 2305 4932 earum
2352 4869 2560 4934 subter
2606 4877 2703 4934 est
2747 4879 3033 4960 quantum
