3634 5575
3144 400 3267 463 xm

551 576 682 625 rum
725 556 980 641 Kepleri
1022 577 1204 623 manu
1249 556 1608 641 scriptorum
1653 556 2007 625 collectione
2024 602 2045 632 ‚
2114 578 2296 641 quae,
2356 578 2533 641 quum
2579 566 2764 623 antea
2782 558 3119 641 -Petropoli
3164 558 3263 625 la-

543 667 756 757 tuerit,
801 687 957 733 nunc
1004 668 1306 730 Pulcovae
1355 672 1653 730 servatur.

724 772 963 838 Editori
1011 774 1250 855 quidem
1296 792 1648 855 persuasum
1711 778 1845 848 est,
1917 789 2021 836 eos
2087 792 2223 836 esse
2284 770 2533 853 Kepleri
2594 770 2822 850 libros,
2882 772 3095 856 quibus
3142 794 3261 837 non

551 886 938 945 astronomus
983 887 1220 944 tantum
1257 880 1550 962 capiatur,
1591 879 1699 941 sed
1719 884 1985 959 ‘propter
2018 880 2381 943 varietatem
2420 882 2779 961 argumenti,
2828 882 2984 963 quod
3024 882 3101 943 ad
3141 880 3265 944 alia

548 1004 780 1068 quoque
825 987 1136 1051 literarum
1183 1005 1410 1069 genera
1452 987 1746 1066 pertinet,
1796 986 1981 1049 etiam
2026 985 2452 1067 philosophus,
2499 985 2853 1058 historicus,
2899 986 3261 1069 philologus,

548 1092 802 1176 denique
849 1113 1023 1159 nemo
1061 1113 1179 1157 non
1227 1094 1534 1158 literarum
1579 1112 1790 1156 amans
1841 1094 2162 1169 doceatur,
2225 1091 2447 1175 aliique
2490 1093 2805 1174 proposita
2848 1092 3034 1175 prisci
3078 1094 3263 1157 moris

549 1206 616 1263 et
657 1199 1110 1265 consuetudinis
1175 1199 1435 1281 imagine
1493 1199 1887 1263 delectentur.
1976 1200 2153 1262 Hane
2205 1216 2349 1262 vero
2414 1198 2787 1279 ingeniorum
2843 1198 3260 1263 diversitatem

547 1310 900 1395 spectantes
945 1307 1418 1387 colligendorum
1461 1306 1712 1386 Kepleri
1756 1306 2041 1369 librorum
2088 1304 2385 1369 rationem
2432 1303 2854 1386 disposuimus

722 1411 973 1494 Kepleri
1019 1414 1249 1495 scripta
1293 1432 1409 1475 non
1451 1419 1706 1487 mutata,
1755 1412 2251 1494 quemadmodum
2287 1412 2417 1493 ipse
2454 1410 2618 1495 typis
2656 1413 3046 1493 exprimenda
3082 1431 3261 1476 cura-

545 1516 652 1593 vit,
691 1526 1060 1601 repetentur,
1103 1526 1348 1583 servato
1369 1566 1386 1597 ,
1427 1538 1542 1601 quo
1572 1518 1736 1581 edita
1765 1524 1944 1605 sunt,-
1967 1526 2301 1599 temporum
2333 1517 2561 1595 ordine,
2593 1519 2710 1581 nisi
2739 1518 2897 1605 quod
2926 1520 3265 1600 argumenti

543 1621 874 1689 similitudo
921 1627 1207 1690 nonnulla
1251 1626 1448 1689 suasit
1493 1626 1805 1689 mutanda.
1912 1624 2337 1689 Praefationes
2386 1624 2640 1705 singulis
2679 1624 2849 1687 libris
2886 1625 3259 1706 praemissae

544 1730 755 1811 paucis
799 1732 1068 1797 referunt
1113 1718 1574 1814 uniuscujusque
1623 1732 1760 1794 libri
1806 1739 2243 1812 argumentum,
2316 1737 2381 1794 et
2426 1731 2640 1815 quibus
2681 1732 2754 1794 de
2796 1731 2995 1794 causis
3030 1750 3263 1813 quoque

548 1837 836 1915 consilio,
903 1847 1188 1921 quantum
1257 1858 1334 1903 ex
1379 1838 1621 1900 aulxiliis
1667 1837 1728 1899 in
1772 1845 2017 1918 promtu
2056 1837 2277 1919 positis
2324 1843 2432 1901 aut
2477 1856 2555 1899 ex
2599 1836 2753 1901 libro
2798 1837 2932 1919 ipso
2978 1837 3263 1918 cognosci

536 1951 778 2044 potest,
827 1944 982 2009 liber
1029 1945 1111 2009 sit
1156 1943 1561 2027 conscriptae,
1611 1951 1919 2007 enarrant.
1967 1974 2053 1987 —
2098 1943 2203 2005 Ad
2256 1942 2408 2007 haec
2460 1942 2833 2006 enucleanda
2877 1964 3011 2009 cum
3058 1945 3262 2024 magni

545 2051 834 2113 momenti
872 2052 996 2113 sint
1027 2053 1276 2127 multae,
1318 2070 1470 2132 quae
1509 2050 1704 2112 adhuc
1742 2056 1975 2125 extant,
2016 2048 2266 2131 Kepleri
2304 2046 2621 2130 epistolae,
2670 2048 2782 2111 has
2821 2069 2939 2113 non
2983 2050 3267 2113 continua

547 2156 722 2233 serie,
763 2158 920 2239 quod
956 2158 1017 2220 in
1059 2158 1194 2221 aliis
1232 2157 1575 2237 hujusmodi
1605 2156 2059 2219 collectionibus
2088 2156 2313 2219 factum
2343 2165 2457 2233 est,
2504 2154 2941 2237 proponendas,
2986 2156 3113 2230 sed,
3152 2173 3261 2236 pro

550 2280 658 2325 suo
687 2261 971 2344 cujusque
1001 2271 1374 2344 argumento,
1415 2262 1604 2339 libris,
1646 2282 1794 2343 quos
1825 2268 2123 2343 spectant,
2163 2262 2637 2342 praemittendas
2659 2260 3085 2342 judicavimus.
3144 2260 3265 2323 Pro
3348 2308 3357 2314 .

551 2369 890 2448 argumenti
931 2366 1119 2449 igitur
1163 2370 1519 2432 diversitate
1567 2370 1857 2431 diremtae
1891 2374 2035 2430 sunt
2072 2368 2364 2448 ejusmodi
2409 2369 2721 2449 epistolae,
2768 2366 2859 2430 ita
2904 2373 3128 2436 tamen,
3176 2375 3261 2441 ut,

551 2473 651 2555 qui
693 2475 984 2556 epistolas
1030 2475 1230 2555 legere
1276 2476 1578 2538 voluerint
1622 2474 1956 2549 continuae,
1995 2481 2222 2537 certum
2272 2466 2349 2539 ad
2397 2475 2459 2538 id
2498 2476 2708 2539 ducem
2744 2493 2861 2536 non
2900 2472 3263 2536 desiderent.

721 2581 1171 2645 Annotationes
1216 2581 1470 2645 editoris
1515 2590 1580 2643 et
1623 2580 2036 2662 praefationes
2083 2580 2273 2643 latina
2318 2581 2524 2663 lingua
2569 2581 2955 2663 adjicientur,
3019 2598 3151 2642 cum
3199 2586 3263 2639 et

545 2686 850 2769 Keplerus
908 2687 968 2749 in
1015 2687 1186 2750 libris
1233 2696 1298 2751 et
1346 2686 1622 2768 epistolis
1668 2687 1783 2749 hac-
1830 2685 2034 2767 lingua
2080 2706 2245 2749 usus·
2274 2687 2392 2763 sit,
2449 2696 2513 2751 et.
2573 2685 2772 2751 editor
2816 2706 2985 2769 spem
3032 2684 3260 2759 foveat,

545 2793 673 2856 fore
721 2802 788 2858 ut
829 2813 930 2858 res
978 2795 1054 2858 ab
1103 2795 1233 2875 ipso
1281 2802 1568 2876 suscepta
1611 2813 1732 2857 non
1777 2793 1954 2857 modo
2004 2791 2367 2870 Germanis,
2434 2793 2546 2858 sed
2608 2794 2795 2858 etiam
2840 2791 3065 2858 exteris
3111 2811 3257 2874 pro-

541 2899 737 2962 betur.
800 2899 1282 2976 Anuotationum
1320 2911 1520 2966 autem
1559 2901 1717 2964 aliae
1764 2919 1963 2964 rerum
2010 2907 2458 2983 temporumque
2504 2907 2571 2962 et
2614 2898 2925 2964 literarum
2968 2899 3267 2962 rationem

545 3005 884 3084 habebunt,
942 3007 1100 3070 aliae
1148 3009 1337 3070 verba
1384 3016 1450 3072 et
1489 3008 1784 3070 dictiones
1844 3006 2309 3070 mathematicas
2365 3013 2431 3070 et
2477 3007 2915 3070 astronomicas
2961 3005 3263 3086 interpre-

547 3111 861 3188 tabuntur,
911 3133 1061 3195 quae
1108 3122 1216 3177 ant
1257 3115 1508 3196 Kepleri
1555 3122 1761 3178 aetate
1809 3113 2111 3176 diversam
2157 3113 2235 3178 ab
2282 3133 2391 3191 ea,
2440 3132 2594 3195 quae
2638 3133 2795 3177 nunc
2840 3121 2962 3188 est,
3010 3111 3265 3174 formam

547 3217 912 3296 retulerunt,
949 3229 1108 3297 aut,
1171 3227 1242 3282 ut
1285 3219 1430 3284 viris
1477 3221 1537 3284 in
1581 3221 1696 3283 hoc
1740 3240 1959 3302 genere
2005 3221 2268 3284 versatis
2314 3221 2376 3284 in
2422 3241 2535 3284 usu
2580 3210 2761 3294 sunt,
2823 3221 2916 3283 ita
2978 3217 3055 3282 ab
3104 3217 3266 3294 aliis,

547 3323 662 3388 nisi
711 3325 823 3388 tali
868 3325 1385 3407 interpretatione,
1435 3326 1692 3407 intelligi
1735 3345 1856 3388 non
1900 3333 2175 3410 possunt.

722 3431 1040 3513 Epistulas
1085 3433 1334 3514 Kepleri
1381 3435 1922 3516 responsionesque
1956 3433 2308 3497 amicorum
2364 3451 2484 3496 non
2531 3431 2607 3497 ob
2655 3451 2788 3496 eam
2834 3447 3044 3508 unam,
3109 3448 3261 3511 quae

549 3536 724 3600 modo
754 3538 920 3602 dicta
947 3547 1064 3616 est,
1095 3559 1342 3604 causam
1372 3557 1446 3602 ex
1474 3545 1649 3620 parte
1678 3540 1969 3621 integrae,
2003 3559 2081 3603 ex
2106 3538 2323 3621 maj0ri
2350 3558 2495 3603 vero
2524 3546 2699 3621 parte
2733 3556 2882 3620 „pro
2912 3557 3019 3601 suo
3049 3536 3259 3616 cujus·-

549 3661 662 3724 que
703 3647 1100 3726 argumento“
1141 3644 1519 3712 membratim
1556 3646 1868 3710 addendas
1906 3646 2263 3724 censuimus,
2310 3646 2420 3710 sed
2447 3646 2574 3727 ejus
2609 3643 2700 3710 rei
2734 3644 3001 3727 potiores
3040 3663 3261 3708 causae

549 3749 808 3825 fuerunt,
855 3738 1069 3829 altera,
1119 3752 1278 3833 quod
1314 3753 1458 3817 illae
1485 3753 1789 3834 longiores
1819 3761 1961 3818 sunt
1998 3755 2233 3830 (insunt
2268 3753 2542 3816 collectis
2571 3751 2983 3833 Stuttgartiae
3022 3759 3086 3814 et
3110 3751 3261 3813 Pul-

551 3875 738 3919 covae
783 3858 1060 3942 epistolis
1125 3859 1456 3940 quaedam,
1523 3879 1676 3942 quae
1743 3867 2101 3925 excrescunt
2154 3859 2231 3924 ad
2287 3860 2545 3941 paginas
2590 3855 2680 3923 40
2726 3865 2790 3924 et
2833 3859 2969 3942 plus
3016 3856 3261 3920 minutis

548 3961 740 4026 literis
787 3964 1099 4046 scriptas),
1149 3966 1361 4042 altera,
1413 3965 1573 4052 quod
1617 3966 1955 4047 disputavit
1995 3967 2057 4029 in
2103 3967 2225 4029 illis
2269 3966 2571 4049 Keplerus
2616 3965 2692 4028 de
2738 3963 2920 4028 rebus
2966 3961 3259 4026 diversis-

551 4067 738 4143 simiS,
788 4089 904 4134 non
951 4071 1236 4136 contiuua
1281 4073 1554 4136 oratione
1599 4073 1935 4156 conjunctis
1984 4074 2065 4148 (e.
2115 4091 2176 4154 g.
2224 4072 2286 4136 in
2334 4071 2527 4156 literis
2574 4071 2655 4135 ad
2696 4070 2995 4133 Davidem
3039 4068 3259 4131 Fabri-

549 4175 704 4238 cium
751 4176 811 4241 d.
871 4175 965 4240 11.
1017 4177 1155 4243 Oct.
1212 4175 1403 4244 1605.
1451 4179 1622 4244 ‘datis
1669 4182 1747 4243 ad
1793 4179 2055 4243 Fabricii
2116 4180 2505 4261 quaestiones
2550 4179 2881 4261 respondet
2936 4176 3255 4258 Keplerus,

525 4283 996 4364 'responsionem
1053 4286 1326 4350 dividens
1370 4287 1432 4350 in
1477 4287 1895 4369 paragraphos
1940 4305 2183 4349 numero
2232 4282 2369 4362 74).
2437 4283 2613 4360 Quae
2660 4303 2840 4368 quum
2883 4282 3122 4362 integra
3156 4281 3259 4344 vix

551 4389 864 4470 quisquam
899 4392 1164 4456 lecturus
1203 4394 1441 4469 fuisset,
1487 4413 1818 4476 speramus,
1866 4413 1959 4471 ea,
2008 4411 2160 4474 quae
2205 4394 2379 4456 nobis
2426 4392 2675 4476 placuit,
2731 4391 2968 4454 ratione
3005 4391 3153 4466 fore,
3192 4396 3262 4451 ut

551 4494 873 4560 incitentur
907 4499 1184 4576 lectores,
1233 4507 1302 4562 ut
1343 4501 1590 4584 propius
1637 4499 1964 4582 inspiciant
2002 4521 2093 4578 ea,
2155 4520 2308 4583 quae
2344 4499 2645 4582 Keplerus
2692 4497 2817 4579 egit
2853 4517 2985 4560 cum
3023 4485 3257 4558 amicis.

548 4601 846 4683 Keplerus
893 4604 1131 4686 quidem
1176 4605 1306 4688 ipse
1353 4607 1508 4670 viam
1548 4607 1831 4689 praeivit,
1880 4607 1980 4690 qui
2018 4607 2076 4672 in
2114 4609 2267 4672 libro
2305 4605 2744 4688 chronologico,
2796 4603 2895 4688 qui
2932 4602 3257 4698 inscriptus

553 4715 650 4772 est
697 4709 1005 4792 „Eclogae
1055 4711 1450 4792 Chronicae“,
1507 4735 1582 4778 ea
1626 4733 1780 4798 quae
1826 4713 2021 4778 literis
2068 4715 2149 4779 ad
2210 4714 2483 4778 diversos
2538 4713 2704 4776 datis
2761 4711 3111 4792 illorumque
3156 4728 3259 4772 re·-

550 4815 969 4894 sponsionibus
1025 4819 1266 4884 inerant
1319 4821 1744 4904 chronologica
1789 4822 2162 4905 excerpserit
2204 4829 2270 4886 et
2315 4821 2477 4906 typis
2524 4818 2915 4904 exprimenda
2959 4814 3261 4882 curaverit

551 4919 744 4986 forma
789 4923 1179 5008 dialogorum.
3069 4915 3083 4930 ⁸
