3634 5575
546 308 677 379 328
1387 312 1589 366 Literae
1623 310 1832 377 Kepleri
1868 310 2171 377 aliorumque
2205 317 2410 362 mutuae

544 472 807 555 spatium
853 490 929 543 ex
972 477 1140 533 terra
1186 469 1409 543 exorti,
1472 470 1536 532 in
1597 476 1856 543 terram,
1925 489 2086 553 aqua
2133 470 2314 544 facti,
2381 469 2676 551 recidunt.
2770 468 2932 533 Audi
2979 468 3272 541 rusticos,

546 560 782 643 quando
828 559 1103 622 imminet
1148 559 1371 621 nebula
1414 559 1691 632 aestiva,
1756 558 2010 631 nebula,
2085 558 2356 637 inquam,
2405 568 2470 620 et
2515 560 2747 638 grando
2794 558 2852 619 in
2899 558 3116 619 eadem
3161 576 3272 618 re-

545 650 742 730 gione.
832 648 919 710 Et
962 666 1093 711 cum
1141 647 1249 709 tibi
1300 648 1467 709 calor
1512 647 1770 709 attrahit
1814 666 2045 717 crassa,
2091 647 2188 725 qui
2239 646 2382 707 mihi
2429 666 2644 708 crassa
2679 646 3080 709 subtilisaudo
3123 664 3270 707 sur-

546 756 679 801 sum
724 743 1076 817 promovet,
1152 738 1339 798 audes
1386 735 1572 797 etiam
1624 735 1857 814 copiam
1916 735 2157 805 nivium,
2209 735 2268 796 in
2317 734 2612 797 montosis
2677 754 2785 815 pro
2833 743 2896 796 te
2944 735 3268 807 adducere,

546 846 696 907 quae
744 825 1065 886 manifeste
1112 843 1218 905 pro
1266 844 1359 886 me
1410 824 1609 885 facit?

722 912 847 975 Sed
894 914 1121 975 directe
1170 914 1420 993 denique
1468 930 1864 991 responsurus
1912 930 2080 972 meae
2139 909 2470 989 objectioni
2528 912 2602 973 de
2669 910 3078 989 possibilitate
3125 912 3268 989 plu-

546 1002 705 1078 endi,
752 1002 1038 1080 ningendi
1086 1003 1143 1062 in
1193 1000 1527 1076 montaniS,
1579 999 1851 1079 confugis
1899 1000 1979 1061 ad
2027 1018 2231 1061 veram
2281 1018 2561 1074 causam3
2606 1000 2878 1079 proxime
2926 1008 3113 1071 stant,
3143 1000 3268 1059 ‘in-

546 1089 699 1173 quis,
749 1090 1086 1165 humorem,
1138 1090 1235 1171 qui
1283 1090 1359 1151 ab
1406 1090 1643 1151 interno
1692 1088 1979 1149 montium
2030 1089 2232 1150 calore
2281 1100 2490 1148 coctus
2541 1088 2914 1149 sublimatur.
3012 1084 3270 1149 Gratias

546 1198 681 1259 ago,
731 1197 870 1240 nam
920 1179 1031 1241 hoc
1080 1180 1275 1258 ipsum
1324 1176 1458 1239 dico
1505 1185 1571 1239 et
1606 1176 1739 1256 jam
1787 1178 1932 1238 olim
1980 1178 2126 1239 dixi.
2221 1174 2548 1255 Egregiam
2579 1195 2720 1237 vero
2767 1175 3082 1245 rationem,
3130 1195 3270 1237 cum

546 1263 853 1329 turbidius'
888 1265 947 1327 in
994 1268 1288 1329 Bobemia
1334 1266 1567 1329 coelum
1617 1264 1912 1340 dixisses,
1983 1265 2123 1345 quia
2169 1264 2250 1327 ibi
2297 1264 2566 1327 oriuntur
2610 1265 2891 1337 flumina,
2959 1263 3106 1343 quia
3149 1263 3268 1325 lm-

543 1356 741 1419 milior
786 1366 986 1429 terra,
1056 1355 1197 1436 quia
1260 1356 1335 1417 ob
1400 1363 1688 1417 montana
1752 1352 1914 1415 intus
1981 1354 2300 1415 calentior!
2393 1352 2486 1415 At
2533 1353 2642 1415 tibi
2689 1370 2803 1414 non
2851 1354 3057 1431 placet
3119 1372 3272 1414 vera

546 1464 763 1519 causa3
818 1445 881 1505 in
927 1444 1146 1518 Dania,
1196 1444 1429 1525 inquis,
1499 1460 1687 1522 vapor
1734 1441 1975 1505 subtilis
2023 1443 2150 1505 sine
2197 1442 2404 1522 pluvia
2447 1441 2668 1504 iterum
2713 1442 3002 1504 miscetur
3049 1460 3264 1521 aquae.

541 1530 780 1595 Ju‘vabo
829 1540 910 1594 te.
1006 1532 1071 1593 In
1118 1532 1320 1594 Dania
1368 1530 1713 1610 superficies
1762 1530 1948 1593 maris
1997 1539 2286 1610 vaporat,
2354 1538 2682 1610 propterea
2746 1528 2890 1591 nihil
2959 1530 3082 1590 fere
3150 1530 3268 1591 nisi

546 1640 715 1685 rores
761 1622 901 1683 inde
951 1621 1245 1695 existunt3
1294 1620 1355 1681 in
1402 1620 1697 1683 Bohemia
1745 1620 1988 1683 fumant
2035 1628 2236 1682 terrae
2285 1617 2523 1681 viscera
2569 1636 2810 1681 crassos
2857 1637 3136 1697 vapores.

725 1709 995 1771 Tandem
1044 1716 1255 1788 aperte
1302 1708 1621 1771 confirmas
1670 1727 1868 1769 meam
1916 1708 2305 1780 sententiam,
2361 1715 2596 1769 montes
2645 1708 2782 1787 plus
2827 1706 3056 1768 habere
3104 1716 3262 1769 tem-

542 1804 869 1878 pestatum,
922 1816 1098 1877 quam
1144 1816 1351 1869 mare;
1400 1816 1537 1858 nam
1584 1796 1786 1857 sidera
1834 1797 2048 1858 fortius
2097 1796 2155 1857 in
2210 1794 2438 1857 solidos
2489 1804 2745 1869 monteS‚
2797 1814 2975 1875 quam
3023 1796 3262 1857 mollem

549 1903 768 1965 aquam
814 1884 1166 1964 impingunt.
1258 1884 1343 1946 Et
1388 1885 1501 1946 hoc
1548 1903 1666 1945 non
1714 1893 1807 1946 est
1859 1886 1934 1947 ob
1981 1896 2237 1951 montes.
2286 1884 2505 1963 inquis,
2559 1884 2732 1965 quasi
2778 1883 2914 1963 plus
2957 1883 3266 1956 exhalent,

536 1975 655 2039 sed
705 1975 780 2035 ob
828 1982 1018 2047 astra,
1068 1992 1219 2053 quae
1265 1974 1404 2053 plus
1443 1982 1769 2052 operantur
1815 1972 1876 2034 in
1921 1974 2298 2054 propositam
2347 1973 2421 2034 de
2469 1992 2582 2035 sua
2627 1972 2897 2035 essentia
2923 1974 3258 2035 materiam.

548 2061 619 2126 Si
666 2062 801 2142 plus
848 2070 1021 2124 astra
1069 2082 1144 2122 ex
1192 2062 1495 2123 montibus
1542 2061 1827 2134 eliciunt,
1904 2065 2039 2142 plus
2095 2062 2280 2142 igitur
2337 2062 2716 2140 vaporabunt
2761 2068 3038 2135 montes,
3107 2062 3262 2141 quod

546 2153 727 2231 plane
774 2170 887 2231 ego
934 2151 1264 2224 contendo;
1324 2150 1598 2229 quamvis
1646 2158 1711 2211 tu
1759 2169 1966 2213 crasse
2013 2150 2458 2231 philosopharis
2507 2150 2580 2211 de
2630 2161 2932 2212 astrorum
2979 2151 3038 2211 in
3087 2168 3260 2211 mon-
3341 2162 3360 2173 “

546 2250 642 2303 tes
691 2237 925 2301 fortiori
970 2240 1258 2319 impactu.
1354 2238 1489 2299 Non
1539 2239 1725 2300 debes
1775 2240 1920 2301 mihi
1966 2241 2079 2301 hoc
2125 2238 2480 2319 principium
2528 2238 2854 2318 imputare,
2914 2238 3072 2319 quod
3117 2238 3260 2313 scia,

550 2349 588 2390 a
628 2342 724 2389 me
772 2328 833 2477 ig
880 2326 1436 2389 Dissertatiuncula
1479 2327 1729 2407 negari,
1804 2336 1911 2390 aut
1956 2328 2158 2409 potius
2205 2326 2372 2389 illam
2422 2346 2500 2389 ex
2543 2328 2819 2406 professo
2867 2346 3100 2389 sumere
3145 2326 3262 2388 im-

548 2435 785 2496 pugnan
834 2435 951 2477 am.

684 2523 747 2573 In
780 2522 935 2573 literis
972 2520 1019 2570 d.
1058 2520 1108 2573 d.
1150 2518 1199 2569 2.
1225 2519 1351 2570 Dec.
1380 2515 1518 2567 1602
1556 2518 1821 2582 Keplerus‚
1863 2518 2167 2583 respondem
2204 2520 2271 2570 ad
2306 2520 2650 2585 quaestionem
2675 2520 2887 2581 Fabricii
2923 2520 2987 2571 de
3021 2522 3068 2569 vi
3105 2526 3260 2571 astro·

548 2594 713 2659 logica
748 2592 1053 2643 nodorum
1089 2590 1298 2641 Lunae
1334 2590 1463 2641 haec
1496 2590 1793 2655 scripserat·

722 2664 815 2726 De
856 2664 1029 2725 nodis
1078 2663 1203 2724 fere
1251 2661 1600 2742 persuadeS,
1651 2660 1765 2722 hoc
1812 2660 2073 2723 maxime
2121 2672 2495 2741 argumente,
2546 2662 2704 2743 quod
2752 2629 3069 2741 eclipticas
3115 2681 3264 2742 par-

548 2760 647 2818 tes
694 2752 961 2816 orientes
1007 2751 1127 2814 vim
1175 2750 1406 2814 habent
1450 2748 1809 2824 maximam,
1877 2768 1989 2811 non
2043 2770 2188 2812 sane
2237 2750 2456 2826 aliam,
2527 2770 2708 2832 quam
2755 2751 2912 2831 quod
2975 2768 3084 2830 per
3129 2770 3263 2813 eam

548 2841 693 2913 Sol,
753 2841 935 2921 juxta
992 2849 1056 2902 et
1103 2840 1387 2918 planetae
1432 2846 1769 2903 transeunt.
1865 2836 2121 2909 Quidni
2148 2859 2290 2920 ergo
2339 2849 2404 2902 et
2447 2842 2552 2902 via
2598 2841 2806 2901 Lunae
2857 2840 2974 2900 vim
3021 2841 3264 2911 habeat,

548 2949 619 2994 ac
664 2929 913 3010 perinde
978 2929 1167 2990 nodus
1232 2928 1567 3006 duplicem?
1658 2926 1781 2988 Sed
1853 2927 2022 3001 vide,
2093 2927 2233 3007 quid
2301 2937 2608 3008 sequatur.
2700 2928 2861 2992 Nodi
2908 2929 3266 3008 reliquorum

546 3019 732 3080 etiam
780 3025 922 3080 sunt
967 3015 1414 3078 considerandi.
1507 3013 1756 3086 Quanta
1821 3014 2140 3077 multitudo
2209 3025 2271 3078 et
2343 3018 2540 3098 qualis
2605 3017 2912 3078 varietas!
2999 3019 3140 3080 dum
3205 3017 3262 3078 in

547 3106 817 3186 qualibet
862 3105 1073 3184 genesi
1120 3104 1363 3207 propria
1408 3113 1505 3168 est
1553 3104 1655 3165 via
1682 3105 1912 3166 Lunae.
2007 3105 2098 3165 Tu
2145 3105 2346 3167 nescio
2379 3105 2520 3185 quid
2567 3105 2958 3184 impertinens
3006 3107 3079 3168 de
3119 3124 3264 3168 cou-

424 3267 434 3274 ,
544 3197 713 3258 fluxu
760 3195 1011 3266 orbium,
1062 3193 1163 3274 qui
1208 3193 1377 3254 nulli
1403 3201 1545 3254 suut
1588 3192 1649 3252 in
1698 3193 1886 3267 coelo,
1935 3192 2138 3254 affers.

696 3284 776 3332 Ad
818 3283 945 3333 haec
995 3281 1363 3340 Fabricius,
1426 3295 1637 3346 pergens
1682 3281 1735 3328 in
1788 3280 1943 3329 literis
1996 3281 2044 3329 d.
2087 3277 2170 3330 11.
2209 3282 2327 3330 Feb.
2372 3276 2538 3338 1⁶0³,
2601 3284 2673 3331 sic
2708 3281 2986 3346 respondit:
3052 3278 3264 3330 Causam

556 3351 813 3404 efficaciae
848 3354 1086 3403 nodorum
1124 3351 1299 3403 Lunae
1332 3367 1409 3408 ex
1446 3359 1587 3416 parte
1636 3351 1781 3400 retuli
1835 3351 1900 3400 ad
1937 3365 2228 3402 concursum
2279 3352 2466 3400 orbium
2505 3351 2630 3401 Solis
2669 3359 2722 3402 et
2756 3352 2949 3402 Lunae
3024 3350 3169 3411 Quod
3205 3351 3266 3400 de

552 3425 867 3474 multitudine
905 3430 957 3476 et
990 3425 1236 3473 varietate
1273 3423 1511 3473 nodorum
1549 3423 1737 3486 objicis,
1774 3422 1895 3470 nihil
1935 3427 2025 3472 est.
2101 3421 2208 3472 Etsi
2256 3423 2386 3472 enim
2434 3423 2494 3473 de
2531 3423 2728 3487 reliquis
2765 3424 2908 3472 nodis
2944 3436 3042 3471 non
3083 3421 3263 3476 dubito

551 3496 815 3560 quidquam
852 3501 1024 3545 tamen
1062 3496 1181 3545 certi
1218 3493 1395 3545 afferre
1431 3509 1531 3543 non
1566 3507 1780 3556 possum.
1853 3493 1935 3542 De
1964 3492 2141 3546 Lunae
2179 3494 2320 3542 nodis
2356 3508 2434 3542 res
2471 3502 2648 3558 aperta
2685 3501 2786 3552 est3
2825 3508 2938 3544 cum
2976 3494 3126 3542 Luna
3159 3505 3264 3542 ma·

549 3570 682 3630 Jores
720 3568 785 3617 ad
822 3567 1026 3616 Terram
1063 3567 1190 3614 vires
1226 3565 1441 3622 habeat,
1496 3571 1694 3629 propter
1728 3565 2064 3622 vicinitatem,
2117 3579 2265 3628 quam
2303 3567 2556 3627 superiora
2593 3571 2756 3618 astra.
2812 3565 2930 3629 quid
2964 3565 3140 3614 mirum
3158 3601 3170 3624 ,
3228 3565 3266 3613 si

552 3637 696 3688 nodis
733 3637 909 3688 Lunae
944 3650 1139 3701 quoque
1172 3639 1332 3698 major
1368 3638 1519 3686 virtus
1557 3635 1910 3698 adstipuletur,
1951 3649 2100 3698 quam
2137 3637 2342 3692 ceteris,
2380 3650 2584 3699 quorum
2619 3636 2734 3685 nodi
2772 3637 3022 3687 obscurius
3060 3648 3264 3700 operan-

554 3708 671 3760 tur?
741 3709 849 3773 Ego
887 3708 1220 3771 experimento
1260 3707 1321 3756 de
1358 3708 1498 3756 nodis
1534 3707 1680 3756 nitor.
1759 3705 1944 3755 Credat
1980 3705 2122 3766 alius,
2162 3720 2484 3770 quaecunque
2521 3707 2666 3765 velit,
2704 3708 2848 3756 modo
2885 3707 3148 3756 manifeste
3186 3721 3264 3756 ve·

550 3781 692 3829 ritati
727 3781 825 3829 vim
861 3794 960 3828 non
997 3778 1195 3827 inferat.

728 3867 1094 3945 Keplerus
1163 3866 1250 3940 (in
1298 3864 1492 3926 literis
1542 3866 1598 3927 d.
1650 3865 1705 3926 d.
1754 3859 1815 3927 4.
1867 3863 2074 3938 Julii):
2151 3865 2243 3926 De
2294 3867 2464 3927 nodis
2510 3867 2718 3928 Lunae
2769 3869 3073 3931 subiratus
3119 3888 3266 3930 cou-

554 3953 782 4016 cludis:
861 3973 974 4034 ego
1024 3953 1420 4032 experientia,
1470 3953 1685 4034 inquis,
1738 3953 1916 4024 nitor,
1965 3954 2177 4014 credat
2214 3953 2400 4028 alius,
2451 3955 2591 4034 quid
2637 3955 2804 4018 velit.
2899 3957 3064 4037 Ergo
3112 3977 3266 4019 nun-

550 4043 763 4105 ciabo:
833 4051 895 4105 et
958 4062 1071 4123 ego
1138 4043 1365 4115 fateor,
1433 4041 1573 4103 mihi
1632 4051 1980 4134 suspectam
2039 4051 2202 4102 tuam
2271 4043 2741 4121 experientiam,
2811 4054 3022 4125 utpote
3089 4046 3264 4108 nimis

554 4131 877 4204 subtilem;
941 4131 1099 4194 malo
1148 4150 1290 4210 ergo
1339 4131 1626 4204 rationes,
1677 4151 1830 4212 quae
1877 4137 2168 4209 praeeunt
2215 4131 2356 4205 illic,
2407 4133 2703 4193 credendo
2753 4134 2939 4216 sequi,
2996 4135 3268 4216 quamvis

552 4221 667 4282 hoc
714 4219 858 4282 nihil
910 4220 984 4281 ad
1034 4220 1450 4299 propositum;
1500 4221 1624 4280 sere
1674 4220 1850 4293 enim,
1905 4220 2076 4292 scit0‚
2128 4226 2324 4281 tecum
2376 4222 2706 4283 consentio,

694 4328 1067 4378 Fabricius:
1134 4325 1195 4376 In
1230 4327 1485 4375 sententia
1520 4327 1583 4375 de
1617 4325 2178 4374 inclinationibus
2216 4331 2268 4374 et
2303 4329 2840 4389 temperamentis
2879 4324 2950 4390 (p.
2979 4324 3100 4383 322.
3141 4323 3268 4390 325)

552 4398 640 4447 tibi
667 4399 851 4462 partim
888 4398 1121 4456 assentio,
1161 4397 1343 4459 partim
1380 4411 1495 4445 non.
1570 4396 1647 4446 Tu
1682 4396 2061 4446 inclinationum
2097 4411 2302 4446 causam
2339 4398 2492 4446 refers
2530 4398 2593 4447 ad
2630 4399 2758 4461 ipsos
2782 4399 3030 4462 planetas,
3071 4405 3123 4447 et
3159 4405 3271 4462 post

550 4483 743 4534 quoque
790 4471 901 4532 ipsa
944 4474 1342 4532 temperamenta
1388 4467 1721 4516 constituendi
1767 4472 2068 4530 potestatem
2111 4467 2209 4516 illis
2261 4469 2504 4517 attribuis.
2581 4468 2664 4520 Sic
2700 4483 2891 4534 quoque
2927 4468 3266 4518 fortitudinem

552 4546 605 4590 et
640 4539 949 4589 debilitatem
985 4541 1055 4588 eis
1092 4537 1357 4597 concedis,
1398 4537 1673 4588 bonitatem
1709 4553 1824 4588 vero
1862 4544 1914 4587 et
1948 4538 2190 4588 malitiam
2229 4538 2428 4588 aliunde
2467 4539 2683 4589 deducis.
2757 4539 2932 4604 Nego,
2997 4555 3124 4596 ..nec
3163 4548 3268 4590 arte

550 4623 648 4660 nec
698 4613 883 4660 aetatis
935 4624 1167 4673 processu
1219 4607 1568 4660 inclinationes
1623 4609 1865 4666 mutarn¹⁶
1930 4609 2038 4672 quis
2095 4609 2226 4659 enim
2279 4610 2519 4660 attentius
2576 4615 2800 4659 aetatum
2855 4610 3139 4661 differentia
3169 4625 3268 4660 non

552 4682 808 4746 cognoscit
842 4681 984 4731 simul
1022 4681 1403 4734 inclinationes.
1443 4694 1504 4730 ex
1541 4680 1712 4729 anima
1746 4679 1984 4730 sensitiva
2020 4669 2168 4740 ortas,
2206 4679 2425 4730 mutari?
2499 4677 2769 4743 (Keplerus
2805 4683 2855 4731 in
2894 4683 3118 4746 margine
3154 4681 3267 4730 lite-

552 4765 719 4800 rarum
744 4751 983 4800 Fabricii.
1026 4751 1197 4810 „Male
1232 4752 1385 4801 refert
1418 4763 1535 4800 mea
1567 4751 1769 4800 verba!
1846 4749 2042 4801 Deinde
2068 4751 2135 4802 ad
2159 4752 2374 4814 proxime
2398 4752 2674 4814 praemissa
2699 4759 2750 4801 et
2774 4754 3058 4816 sequentia:
3101 4751 3271 4810 „Vera

554 4820 689 4871 dicit..
765 4821 899 4872 Vide
935 4823 1053 4886 quid
1086 4829 1145 4872 tu
1180 4823 1447 4888 scripseris.
1457 4818 1511 4882 ⁸⁸)
1586 4821 1709 4884 Quis
1747 4837 1846 4872 non
1883 4821 2032 4878 videt
2073 4822 2196 4874 alios
2234 4824 2416 4888 pueris,
2455 4822 2580 4872 alios
2611 4822 2800 4888 juveni,
2839 4823 2963 4872 alios
2987 4825 3106 4882 viro,
3145 4821 3268 4874 alios
