3634 5575
969 1537 1074 1611 IN
1130 1535 1739 1613 MYSTERIUM
1795 1535 2754 1614 COSMOGRAPHICUM

1485 1695 1775 1759 NOTAE
1822 1694 2243 1758 Emi-oms.

651 2009 703 2073 1)
739 2025 788 2076 p.
830 2007 877 2058 3.
951 2009 1089 2060 lnter
1132 2009 1463 2062 Maestlini
1509 2010 1851 2074 manuscripta
1895 2012 2208 2061 nativitatem
2259 2011 2519 2074 cujusdam
2568 2012 2779 2062 Ioannis
2816 2009 3006 2060 Alberti
3052 2010 3225 2073 depre-

499 2083 790 2140 hendimus,
843 2083 985 2145 cujus
1023 2083 1148 2132 calci
1184 2084 1431 2148 inscripsit
1467 2082 1759 2133 Maestlinus
1805 2082 1933 2132 haec
1970 2083 2148 2132 verba:
2201 2081 2547 2147 astrologicam
2590 2083 2831 2146 indicium
2847 2117 2862 2140 ,
2912 2081 3043 2146 quod
3079 2093 3114 2130 a
3146 2095 3229 2130 me

501 2155 658 2217 petis,
698 2167 790 2219 ego
827 2154 1041 2204 scribere
1078 2169 1179 2203 non
1213 2169 1439 2218 possum,
1491 2169 1584 2207 nec
1621 2154 1738 2203 scio.
1816 2153 2106 2218 Astrologus
2143 2169 2191 2202 n.
2232 2167 2332 2202 non
2370 2167 2503 2212 sum,
2554 2154 2684 2219 quod
2722 2159 2775 2204 et
2807 2153 3003 2217 publice
3040 2158 3093 2200 et
3127 2153 3227 2214 pri-

501 2225 658 2274 vatim
693 2238 843 2288 saepe
880 2229 1183 2287 protestatus
1221 2240 1344 2274 sum.
1419 2224 1508 2275 Ich
1541 2223 1640 2274 hab
1677 2221 1808 2273 mich
1856 2224 1943 2274 der
1978 2223 2285 2289 Astrologie,
2337 2239 2484 2288 quam
2534 2233 2703 2275 tamen
2754 2231 2891 2274 recte
2936 2229 3229 2286 usurpatam

501 2295 670 2360 magni
707 2294 865 2352 facio,
903 2295 1086 2345 niemal
1122 2295 1324 2347 konnen
1359 2295 1720 2360 underfangen.

645 2433 701 2498 2)
737 2451 785 2500 p.
827 2432 874 2484 6.
951 2433 1006 2486 Si
1050 2437 1158 2500 quis
1201 2436 1479 2486 uberiorem
1524 2435 1671 2498 hujus
1707 2436 1776 2484 rei
1817 2435 2287 2486 demonstrationem
2336 2435 2583 2486 desideret
2597 2471 2611 2494 ,
2660 2391 2786 2486 eum·
2822 2435 3111 2500 ablegamus
3162 2435 3230 2486 ad

502 2520 623 2570 opus
679 2505 738 2556 G.
778 2503 829 2557 S.
875 2499 1189 2571 Kliige'lii,
1241 2508 1561 2571 inscriptum:
1635 2506 1877 2556 Mathem.
1916 2507 2271 2566 Worterbuch,
2323 2522 2418 2558 nec
2464 2501 2581 2557 non'
2610 2508 2676 2557 ad
2714 2505 3033 2557 Delambri
3070 2505 3225 2556 histo-

501 2578 626 2627 riam
664 2579 997 2628 astronomiae
1033 2579 1320 2628 recentioris
1359 2577 1470 2627 Vol.
1509 2577 1551 2627 1.
1589 2593 1639 2642 p.
1681 2573 1784 2626 324
1822 2591 1893 2643 sq.

643 2715 700 2780 3)
737 2733 784 2783 p.
830 2715 910 2768 10.
988 2719 1224 2780 Cometa,
1278 2735 1422 2784 quem
1459 2720 1652 2770 indicat
1687 2719 1965 2783 Keplerus‚
2006 2727 2301 2784 conspectus
2338 2726 2417 2769 est
2454 2733 2583 2768 anno
2628 2715 2796 2776 1577,
2844 2719 2975 2768 idem
3009 2717 3122 2775 ille,
3162 2718 3227 2768 de

501 2806 596 2857 quo
634 2790 839 2854 Tycho
876 2790 1080 2849 Brahe
1116 2791 1291 2841 librum
1329 2792 1465 2842 illum
1502 2808 1644 2841 suum
1683 2792 1930 2841 celebrem
1968 2794 2284 2857 conscripsit:
2324 2789 2405 2841 De
2428 2792 2601 2841 mundi
2627 2791 2847 2841 aetherei
2872 2787 3226 2840 recentioribus

500 2862 856 2925 phaenomenis
893 2862 1018 2913 liber
1053 2862 1317 2913 secundus.
1391 2864 1531 2912 Inter
1566 2877 1752 2919 omnes,
1791 2876 1912 2927 quos
1951 2862 2119 2925 Tycho
2158 2865 2209 2913 in
2243 2864 2339 2913 hoc
2377 2876 2523 2925 opere
2558 2867 2813 2920 recenset,
2852 2860 3227 2911 Maestlino

503 2934 772 2982 maximam
796 2933 967 2982 tribuit
999 2932 1217 2991 laudem,
1258 2948 1369 2983 cum
1395 2934 1455 2983 ob
1483 2934 1747 2999 diligentes
1774 2933 2157 2990 observationes,
2196 2942 2303 2984 tum
2332 2934 2393 2982 ob
2430 2933 2753 2983 eruditionem
2792 2936 2844 2981 et
2879 2930 3225 2995 hypothesium

500 3004 914 3061 concinnitatem3
956 3004 1254 3061 „neminem
1293 3006 1381 3063 ait,
1412 3006 1543 3055 inter
1571 3019 1758 3061 omnes,
1797 3020 2002 3069 quorum
2028 3006 2215 3069 scripta
2237 3005 2520 3068 inspexerit,
2560 3004 2797 3054 eruditius
2824 3008 2875 3052 et
2902 3003 3224 3067 ingeniosius,

499 3073 748 3125 neminem
786 3075 939 3123 etiam
974 3075 1344 3125 convenientius
1383 3082 1435 3127 et
1470 3076 1771 3140 probabilius
1821 3075 1885 3126 de
1928 3075 2026 3125 hoc
2072 3082 2271 3125 cometa
2315 3076 2615 3125 sententiam
2648 3073 2960 3139 protulisse.“
3038 3072 3217 3122 Obser-

499 3146 724 3195 vationes
760 3158 878 3195 suas
915 3144 1209 3196 Maestlinus
1245 3148 1297 3196 in
1335 3148 1510 3211 oppido
1547 3146 1831 3210 Backnang
1877 3146 1929 3195 in
1976 3146 2163 3196 ducatu
2198 3146 2655 3211 wurtembergensi
2703 3146 2919 3194 instituit
2934 3180 2948 3202 ,
2999 3144 3083 3193 ubi
3117 3150 3225 3192 tum

500 3217 732 3279 temporis
767 3217 972 3279 parochi
1005 3231 1208 3267 munere
1243 3218 1544 3284 fungebatur
1582 3215 1738 3289 (anno
1771 3214 1907 3265 1580
1933 3219 1985 3267 in
2011 3218 2323 3269 academiam
2347 3216 2819 3281 Heidelbergensem
2844 3221 2898 3265 et
2922 3230 3053 3277 anno
3082 3210 3220 3263 1584

500 3286 782 3353 Tubingam
806 3294 1012 3337 vocatus
1041 3294 1133 3345 est,
1171 3289 1256 3337 ubi
1279 3289 1669 3339 mathematicae
1696 3294 1748 3339 et
1773 3290 2105 3339 astronomiae
2145 3288 2399 3340 docendae
2436 3289 2628 3341 muneri
2664 3286 2879 3350 praefuit
2915 3286 2982 3336 ad
3015 3292 3225 3335 mortem

497 3372 684 3423 usque;
722 3364 869 3407 natus
907 3364 985 3408 est
1018 3359 1070 3408 in
1109 3360 1282 3423 oppido
1321 3360 1616 3425 Goeppinga
1653 3374 1783 3409 anno
1830 3356 1981 3417 1550,
2018 3367 2239 3411 mortuus
2276 3361 2324 3410 d.
2372 3356 2449 3407 16.
2492 3358 2604 3409 Oct.
2646 3354 2802 3415 1631,
2842 3372 3029 3409 aunum
3066 3370 3224 3421 agens

488 3426 711 3491 filum:
749 3430 1118 3479 observationes
1151 3430 1264 3480 illas
1299 3431 1480 3494 publici
1511 3432 1635 3493 juris
1671 3430 1792 3481 fecit
1830 3432 2123 3495 inscriptas:
2188 3431 2478 3482 observatio
2518 3437 2571 3480 et
2605 3429 2960 3480 demonstratio
2998 3434 3225 3479 cometae

501 3500 720 3551 aetherei
735 3536 750 3559 ,
804 3502 886 3565 qni
942 3502 1088 3551 annis
1125 3497 1192 3548 77
1231 3508 1284 3551 et
1321 3498 1390 3549 78
1427 3502 1722 3552 constitutus
1775 3502 1828 3551 in
1874 3502 2089 3566 sphaera
2127 3502 2400 3561 ..Venerist
2454 3502 2683 3565 apparuit
2699 3535 2713 3558 ,
2763 3515 2877 3550 cum
2924 3499 3225 3549 admirandis

502 3574 608 3633 eius
643 3572 971 3636 passionibus,
1010 3572 1252 3622 varietate
1289 3587 1358 3621 sc.
1397 3579 1576 3631 motus,
1615 3572 1724 3623 loco
1763 3571 1855 3623 ἁο.
1914 3573 2039 3623 Tub.
2082 3571 2236 3623 1578.
2310 3574 2386 3623 Ex
2417 3572 2518 3623 hac
2553 3572 2871 3636 inscriptione
2910 3570 3089 3627 elucet,
3126 3582 3227 3634 qua

499 3656 554 3692 re
589 3648 750 3692 motus
787 3641 1033 3707 Keplerus
1075 3643 1169 3701 „de
1208 3642 1418 3694 Cometa
1453 3650 1520 3693 tu
1538 3659 1565 3694 o
1603 3642 1865 3695 Venereo“
1905 3645 2169 3709 scripserit.

643 3778 700 3845 4)
735 3797 781 3847 p.
827 3780 908 3832 14.
981 3782 1444 3835 Hohenfelderi
1480 3786 1669 3835 nobiles
1706 3786 1958 3835 Austriaci
1996 3782 2109 3847 (filii
2146 3786 2313 3835 Acatii
2346 3784 2699 3836 Hohenfelderi
2734 3786 2787 3833 in
2812 3780 3137 3833 Aistersheim
3172 3788 3226 3833 et

500 3851 737 3919 Almegk)
775 3860 882 3903 tum
917 3857 1150 3919 temporis
1187 3852 1218 3903 3
1253 3855 1445 3914 fratres,
1485 3856 1828 3921 Wolfgangus‚
1867 3856 2162 3914 Ludovicus,
2202 3862 2254 3907 et
2277 3856 2497 3912 Marcus,
2536 3856 2795 3919 Tubingae
2830 3855 2987 3905 literis
3023 3867 3227 3918 operam

500 3925 716 3987 dabant,
757 3927 1158 3989 praeceptoribus
1182 3933 1381 3977 utentes
1404 3926 1556 3977 Mich.
1587 3928 1937 3993 Zieglero,
1982 3928 2209 3990 physices
2243 3928 2532 3991 professore.
2579 3932 2633 3977 et
2647 3925 2765 3977 Vito
2790 3925 3076 3981 Miillero,
3112 3939 3224 3988 pro-

497 3994 684 4046 fessore
718 3996 918 4061 linguae
953 3996 1144 4047 latinae
1181 4004 1233 4047 et
1267 4011 1499 4063 graecae.
1560 3998 1841 4048 Ludovicus
1868 4000 1922 4048 in
1946 3998 2201 4049 Hanscbio
2237 4000 2435 4063 saepius
2473 4000 2700 4053 occurrit,
2736 3998 2866 4047 inter
2902 3996 3097 4062 legatos
3133 4009 3223 4045 no-

497 4067 717 4117 minatur
739 4081 996 4131 procerum
1021 4070 1282 4127 Austriae;
1321 4069 1647 4135 Wolfgangus
1677 4077 1729 4119 et
1753 4070 2033 4119 Ludovicus
2060 4083 2191 4119 anno
2220 4067 2357 4118 1592
2383 4070 2609 4134 praeside
2646 4068 2991 4123 Maestlino
3028 4066 3224 4130 publice

498 4144 855 4203 proposuerunt
887 4144 989 4189 tres
1026 4139 1413 4203 disputationes:
1463 4137 1518 4203 1)
1557 4140 1637 4191 De
1677 4140 1987 4197 Climatibus‚
2022 4142 2261 4205 perioecis
2299 4139 2388 4191 duc.
2464 4138 2521 4199 2)
2560 4140 2639 4189 De
2676 4139 2847 4189 diebus
2885 4137 3226 4188 artificialibus

500 4214 553 4259 et
586 4209 912 4260 naturalibus.
985 4206 1041 4272 3)
1079 4210 1159 4261 De
1196 4214 1363 4269 zonis3
1401 4213 1520 4262 item
1559 4226 1692 4263 anno
1721 4210 1857 4261 1593
1898 4213 2021 4277 disp.
2051 4212 2113 4261 de
2139 4214 2326 4269 anima,
2364 4211 2591 4275 praeside
2628 4210 2920 4260 Lieblero
2956 4208 3076 4273 phil.
3112 4214 3220 4258 nat.

499 4280 656 4343 prof-3
693 4286 747 4331 et
782 4282 905 4347 disp.
944 4281 1188 4347 logicam:
1225 4283 1286 4333 de
1325 4283 1759 4339 demonstratione.
1797 4298 1959 4346 praes.
2000 4284 2061 4332 A.
2092 4282 2417 4341 Planero,
2455 4282 2585 4332 med.
2630 4286 2681 4331 et
2716 4281 2890 4345 philos.
2931 4281 3219 4343 professore.

499 4349 701 4402 Marcus
735 4354 988 4416 proposuit
1023 4365 1070 4402 a.
1115 4350 1252 4402 1506
1296 4354 1523 4418 praeside
1561 4352 1933 4405 Maestlino
1980 4354 2103 4417 disp.
2156 4354 2217 4404 de
2256 4354 2553 4418 Eclipsibns,
2604 4358 2656 4402 et
2701 4365 2861 4416 praes.
2902 4351 2945 4401 Z
2960 4353 3021 4402 ie
3036 4350 3225 4419 glero

503 4422 626 4487 disp.
663 4423 924 4488 physicam
958 4424 1022 4475 de
1059 4424 1202 4475 Visu.

643 4560 701 4624 5)
737 4578 785 4627 p.
828 4562 912 4613 14.
985 4562 1467 4630 christophorus
1501 4565 1840 4624 Besoldus,
1892 4566 2097 4629 Kepleri
2140 4566 2305 4616 affinis
2356 4563 2491 4629 (vide
2524 4566 2696 4616 literas
2732 4564 2936 4615 Beseldi
2972 4565 3025 4614 in
3060 4562 3225 4629 praef.

501 4634 568 4685 ad
612 4631 784 4698 opt-J,
830 4636 1072 4699 professor
1125 4636 1208 4687 ille
1249 4636 1579 4703 Tubingensis
1635 4635 1773 4699 (inde
1819 4638 1883 4687 ab
1928 4652 2058 4687 anno
2104 4633 2302 4699 1610),
2358 4638 2441 4702 qui
2489 4644 2689 4687 mutata
2736 4636 2835 4685 fide
2891 4650 3023 4685 anno
3091 4631 3228 4684 1630

499 4705 650 4763 olam,
689 4718 821 4755 auno
861 4702 996 4755 1634
1031 4706 1203 4773 palam
1235 4708 1498 4759 formulam
1523 4707 1835 4759 Cat-helicem
1864 4708 2115 4771 amplexus
2148 4714 2240 4758 est.
2298 4707 2600 4770 Disputatio,
2638 4722 2788 4773 quam
2813 4706 2934 4757 dicit
2957 4705 3222 4771 Keplerus‚

501 4790 601 4826 non
636 4776 768 4840 typis
802 4777 1043 4841 impressa
1078 4794 1188 4830 esse
1223 4780 1446 4837 videtum
1483 4780 1613 4830 redit
1648 4780 1714 4829 ad
1753 4794 1865 4829 eam
1891 4778 2138 4843 Keplerus
2175 4780 2225 4828 in
2264 4774 2629 4829 Dissertatione
2667 4794 2777 4829 cum
2812 4777 2996 4827 nuncio
3034 4777 3223 4828 sidereo

503 4852 557 4897 et
591 4848 644 4896 in
675 4848 876 4897 Astron.
903 4847 1106 4909 Lunai,
1143 4850 1356 4914 indeque
1391 4855 1550 4913 patet,
1588 4848 1863 4914 Keplerum
1896 4851 1948 4900 in
1984 4850 2088 4908 illa,
2126 4848 2465 4915 Pythagoram
2500 4856 2553 4899 et
2577 4848 2893 4900 Plutarchum
2934 4846 3023 4911 (de
3048 4847 3224 4899 Lunae

501 4914 658 4982 facie)
693 4924 945 4979 secutum,
987 4919 1049 4973 de
1083 4920 1264 4971 Lunae
1301 4934 1527 4989 corpore,
1567 4920 1805 4981 materia,
1842 4921 2017 4973 incolis
2052 4922 2242 4976 lusisse.
