3634 5575
531 323 539 333 ’
614 346 735 424 126
1620 345 1840 409 mysterii
1877 343 2274 409 cosmon-aphia

1494 507 1583 608 ης
1630 503 1910 568 CAPUT
1953 466 2418 568 SECUNDUM

1650 628 1878 680 NOTAE
1915 626 2270 679 sucroms.

768 733 831 808 a)
876 739 921 793 Ο
950 739 1095 793 male
1124 735 1357 795 factum!
1440 737 1487 792 E
1514 740 1783 792 mundone
1812 735 2138 807 ejiciamus?
2193 737 2306 792 Imo
2333 733 2669 806 postliminio
2705 733 2963 789 revocavi
2991 733 3047 788 iu
3075 733 3306 787 Harmo-

604 819 753 876 nicis.
837 819 946 874 Cur
973 824 1159 873 autem
1186 817 1503 888 ejiciamus?
1560 821 1648 873 An
1677 818 1808 891 quia
1845 818 2090 872 infinitae
2119 825 2180 872 et
2205 817 2364 888 proin
2405 811 2605 870 ordinis
2637 814 2852 869 minime
2879 817 3153 885 capaces?
3203 817 3308 868 At·

607 901 697 972 qui
738 917 846 954 non
874 899 1049 970 ipsae,
1095 901 1189 953 sed
1224 914 1345 953 mea
1372 898 1519 952 illius
1549 898 1808 969 temporis
1837 897 2071 963 inscitia,
2116 897 2408 952 communis
2455 895 2585 950 mihi
2613 913 2736 950 cum
2761 896 3055 966 plerisque,
3107 893 3309 948 ordinis

608 982 826 1036 illarum
862 979 1079 1034 minime
1104 994 1291 1050 capax
1318 985 1463 1034 erat.
1546 979 1741 1050 Itaque
1778 979 1874 1032 lib.
1906 979 1950 1033 1.
1992 979 2438 1034 Harmoniconim
2482 983 2542 1031 et
2578 977 2850 1031 delectum
2885 975 3124 1046 aliquem
3164 974 3312 1030 inter

610 1061 850 1116 infinitas
879 1059 1037 1114 docui
1077 1068 1139 1114 et
1164 1060 1405 1115 ordinem
1440 1060 1496 1113 in
1524 1058 1589 1113 iis
1631 1057 2054 1130 pulcherrimum
2091 1058 2145 1113 in
2173 1059 2350 1113 lucem
2390 1056 2614 1128 protuli.
2696 1057 2838 1111 Nam
2881 1073 2977 1111 cur
3002 1057 3181 1110 lineas
3211 1071 3312 1108 nos

609 1159 683 1198 ex
722 1141 1029 1211 archetypo
1070 1141 1253 1196 mundi
1295 1139 1649 1204 eliminemus,
1697 1157 1817 1196 cum
1856 1139 2034 1200 lineas
2061 1140 2213 1192 Deus
2255 1157 2421 1210 opere
2461 1138 2582 1208 ipso
2619 1137 2977 1207 expresserit,
3025 1141 3205 1192 motus
3236 1151 3312 1188 sc.

608 1223 996 1298 planetarum?
1078 1220 1300 1293 Lingua
1325 1219 1499 1292 igitur
1528 1219 1872 1292 corrigenda,
1902 1237 2052 1276 mens
2083 1221 2335 1277 tenenda.
2419 1220 2481 1272 In
2510 1234 2794 1289 corporum
2821 1233 3062 1280 numero,
3107 1215 3312 1288 sphae-

607 1319 793 1358 rarum
820 1301 1178 1372 amplitudine
1208 1301 1595 1358 constituenda
1632 1301 1886 1372 primitus
1929 1299 2276 1356 eliminentur
2317 1316 2452 1354 sane
2488 1299 2698 1354 lineae:
2739 1306 2800 1354 at
2837 1299 2895 1353 in
2921 1297 3176 1359 motibus,
3223 1293 3316 1366 qui

610 1383 770 1438 lineis
797 1380 1169 1453 perficiuntur,
1221 1381 1550 1437 exornandis
1594 1399 1662 1436 ne
1692 1387 2099 1436 contemnamus
2137 1379 2314 1436 lineas
2353 1387 2414 1434 et
2450 1379 2783 1450 superficies,
2830 1395 2972 1450 quae
3001 1377 3156 1432 solae
3183 1393 3314 1446 pro·

610 1462 919 1533 portionum
947 1461 1382 1517 harmonicamm
1412 1467 1543 1516 sunt
1569 1461 1743 1534 origo.

767 1538 831 1611 b)
874 1543 1079 1614 Ingens
1118 1541 1406 1598 discrimen
1446 1548 1773 1614 argumento
1817 1542 2088 1596 nominum
2129 1547 2218 1594 est
2257 1539 2404 1594 inter
2445 1541 2564 1594 fixa
2602 1546 2662 1594 et
2687 1537 2934 1601 mobilia;
2977 1553 3074 1592 cur
3099 1555 3212 1592 non
3243 1535 3316 1590 sit

612 1622 833 1693 aliquod
861 1620 1031 1676 etiam
1074 1623 1130 1676 in
1156 1622 1441 1692 utriusque
1468 1623 1691 1694 generis
1720 1622 2124 1676 exornatione?
2209 1621 2340 1683 Quis
2372 1621 2573 1674 ordinis
2610 1619 3070 1691 pulchritudinem
3103 1615 3314 1672 intelli·

611 1710 790 1779 geret,
834 1702 881 1756 si
909 1720 1018 1757 non
1046 1702 1213 1772 juxta
1238 1708 1491 1756 cerneret
1515 1703 1751 1756 fixarum
1779 1702 2082 1757 exercitum
2120 1700 2320 1755 ordinis
2349 1705 2680 1771 expertem?
2763 1699 2894 1762 Quis
2924 1697 3316 1754 astronomiam

612 1783 864 1848 disceret,
905 1782 950 1836 si
978 1789 1257 1852 perpetua
1284 1788 1433 1836 esset
1460 1783 1755 1842 similitudo
1784 1783 2286 1837 schematismorum
2323 1797 2422 1834 seu
2449 1781 2929 1836 constellationum
2945 1785 2969 1833 ?
3048 1780 3155 1833 Est
3179 1793 3318 1836 suus

614 1863 799 1918 formis
826 1869 1074 1928 ornatus,
1106 1869 1214 1915 'est
1252 1869 1312 1915 et
1354 1863 1643 1918 materiae.
1726 1862 1812 1917 Sit
1849 1863 2024 1934 igitur
2058 1862 2287 1933 propria
2321 1861 2590 1916 materiae
2629 1867 2690 1916 et
2732 1861 2966 1932 pulchra
2999 1857 3319 1920 exornatio,

615 1959 758 2014 quae
786 1943 940 1998 facta
966 1950 1055 1997 est
1100 1959 1200 2014 per
1226 1942 1493 2000 infinitam
1520 1947 1580 1998 et
1604 1945 1802 1998 molem
1839 1951 1900 1998 et
1925 1942 2326 1998 multitudinem
2363 1949 2424 1996 et
2453 1942 2784 1998 varietatem
2813 1947 2930 1998 tam
2971 1940 3110 1995 situs
3151 1953 3320 2009 quam

614 2021 1005 2096 magnitudinis
1033 2023 1433 2093 claritatisque.

772 2097 828 2174 c)
878 2101 1107 2170 (Annot.
1152 2101 1425 2173 antiqua.)
1510 2105 1809 2174 Corporum
1835 2103 2096 2158 nobilitas
2139 2109 2228 2158 est
2266 2121 2342 2158 ex
2370 2103 2722 2174 simplicitate
2763 2109 2824 2157 et
2865 2120 2942 2157 ex
2967 2099 3322 2174 aequalitate

611 2183 907 2240 distantiae
936 2183 1221 2254 planorum
1250 2201 1287 2239 a
1314 2191 1504 2238 centro
1530 2185 1766 2254 figurae.
1853 2183 2007 2239 Sicut
2035 2183 2176 2238 enim
2203 2199 2395 2238 norma
2435 2191 2490 2238 et
2520 2184 2722 2255 regula
2757 2189 3136 2238 creaturarum
3161 2181 3322 2234 Deus

614 2273 717 2329 est,
751 2264 830 2318 sic
858 2264 1103 2334 sphaera
1130 2281 1435 2334 corporum.
1518 2263 1689 2333 Atqui
1717 2278 1789 2316 ea
1814 2265 1988 2318 habet
2015 2263 2191 2318 dictas
2219 2263 2612 2333 proprietate&
2677 2259 2736 2333 1)
2763 2264 2870 2318 Est
2895 2260 3322 2334 simplicissima,

614 2344 745 2417 quia
772 2361 881 2398 uno
910 2343 1187 2398 clauditur
1217 2345 1465 2408 termino,
1496 2361 1556 2397 se
1586 2342 1711 2414 ipsa
1739 2343 1969 2397 scilicet.
2028 2341 2092 2412 2)
2124 2344 2321 2397 Omnia
2337 2343 2459 2412 eJus
2486 2349 2693 2413 puncta
2711 2343 3096 2414 aequalissime
3127 2357 3164 2394 a
3189 2357 3320 2394 ceu-

614 2431 702 2480 tro
722 2424 952 2484 distant.
1012 2425 1103 2478 Ex
1122 2424 1441 2494 corporibus
1460 2423 1635 2496 igitur
1652 2424 1900 2494 proxime
1919 2427 2190 2480 accedunt
2205 2424 2494 2495 regularia
2521 2426 2592 2479 ad
2610 2425 2884 2494 sphaerae
2901 2421 3320 2494 perfectionem.

616 2505 821 2560 Eorum
848 2503 1089 2558 definitio
1125 2506 1265 2559 haec
1293 2511 1397 2568 est,
1445 2512 1509 2559 ut
1536 2504 1787 2559 habeant
1830 2498 1891 2572 l)
1923 2505 2103 2559 omnia
2143 2505 2347 2567 latera,
2391 2499 2451 2569 2)
2480 2505 2669 2575 plana,
2715 2501 2776 2568 3)
2806 2505 3061 2576 angulos,
3093 2501 3326 2572 singula

620 2584 881 2656 aequalia
906 2591 968 2638 et
993 2585 1177 2654 specie
1204 2593 1266 2638 et
1290 2585 1687 2656 magnitudine,
1732 2587 1875 2654 quod
1903 2592 1991 2639 est
2029 2583 2423 2655 simplicitatis:
2474 2601 2636 2655 quam
2670 2584 2910 2656 positam
2951 2582 3322 2639 definitionem

545 2701 551 2720 .
623 2666 873 2736 sequitur
916 2664 1052 2718 illud
1098 2665 1263 2728 ultro,
1313 2667 1455 2736 quod
1502 2660 1567 2734 4)
1596 2664 1834 2720 omnium
1879 2666 2165 2735 planorum
2213 2669 2408 2718 centra
2451 2665 2763 2736 aequaliter
2807 2681 2846 2719 a
2889 2663 3067 2720 modio
3095 2663 3324 2723 distent,

623 2742 683 2812 5)
714 2747 857 2819 quod
886 2743 1157 2815 inscripta
1180 2745 1355 2817 globo
1381 2745 1627 2801 omnibus
1658 2743 1882 2817 angulis
1912 2750 2156 2817 tangant
2184 2745 2543 2815 superficiem,
2577 2743 2644 2815 6)
2674 2748 2815 2817 quod
2843 2745 2900 2803 in
2927 2759 3000 2801 ea
3024 2745 3322 2805 haereant„

624 2822 689 2897 7)
720 2828 863 2898 quod
900 2824 1224 2896 inscriptum
1258 2826 1488 2897 globum
1525 2826 1773 2881 omnibus
1814 2828 2108 2898 planorum
2143 2826 2345 2881 centris
2387 2834 2651 2900 tangant,
2709 2822 2774 2897 8)
2803 2830 2944 2899 quod
2983 2826 3210 2897 proinde
3239 2823 3324 2879 in·

624 2908 861 2979 scriptus
890 2906 1093 2979 globus
1121 2906 1354 2961 haereat
1380 2906 1649 2971 immotus,
1708 2902 1774 2975 9)
1802 2912 1866 2960 et
1892 2908 2034 2978 quod
2059 2907 2200 2961 idem
2227 2913 2472 2962 centrum
2515 2908 2728 2963 habeat
2763 2924 2884 2963 cum
2909 2908 3108 2980 ligura.
3191 2904 3325 2969 Qui-

622 2990 727 3043 bus
750 2988 920 3041 rebus
948 2986 1186 3042 efficitur
1228 2987 1410 3041 altera
1450 2986 1746 3041 similitudo
1774 3004 1897 3041 cum
1923 2988 2194 3057 sphaera,
2243 3003 2384 3057 quae
2421 2995 2510 3047 est
2545 3007 2620 3045 ex
2646 2989 2989 3060 aequalitate
3017 2984 3325 3042 distantiae

625 3069 929 3139 planorum.

784 3144 841 3213 d)
888 3146 1149 3201 Scholion
1177 3151 1362 3201 autem
1408 3146 1546 3201 illud
1588 3147 1672 3201 ita
1700 3154 1894 3203 sonat:
1935 3147 2044 3217 Ajo
2072 3158 2205 3201 vero
2243 3155 2468 3217 praeter
2495 3148 2672 3204 dictas
2701 3150 2936 3223 quinque
2976 3150 3183 3222 figuras
3210 3162 3328 3200 non

626 3244 791 3301 posse
838 3226 1005 3283 aliam
1050 3225 1311 3281 constitui
1349 3227 1586 3298 figuram
1630 3226 1880 3291 solidam,
1928 3242 2070 3297 quae
2111 3228 2294 3298 planis
2339 3234 2400 3282 et
2445 3230 2800 3300 aequilateris
2841 3236 2902 3285 et
2936 3224 3328 3300 aequiangulis

498 3374 509 3391 .
627 3306 979 3363 contineatur
1008 3306 1155 3361 inter
1197 3323 1257 3361 se
1298 3307 1645 3377 aequalibus.
1726 3308 1850 3362 Non
1877 3308 2019 3362 enim
2047 3325 2120 3363 ex
2150 3310 2359 3363 duobus
2389 3308 2704 3382 triangulis,
2749 3313 2845 3367 sed
2873 3328 3051 3383 neque
3092 3328 3167 3365 ex
3193 3306 3324 3361 aliis

628 3390 841 3445 duabus
876 3386 1071 3459 figuris
1099 3387 1303 3442 solidus
1332 3388 1700 3443 constituetur
1726 3388 1988 3459 angulus.
2069 3388 2180 3443 Sed
2219 3406 2294 3442 ex
2321 3388 2496 3445 tribus
2536 3390 2835 3463 triangulis
2889 3396 3108 3447 constat
3147 3402 3322 3461 pyra-

627 3469 783 3525 midis
810 3469 1069 3539 angulus.
1146 3469 1241 3523 Ex
1269 3476 1506 3538 quatuor
1533 3476 1718 3524 autem
1744 3468 2010 3523 octaedri.
2092 3470 2184 3524 Ex
2211 3469 2449 3540 quinque
2475 3488 2607 3526 vero
2635 3472 2922 3527 icosaedri.

784 3550 881 3605 Ex
916 3548 1213 3621 triangulis
1251 3565 1357 3604 sex
1392 3556 1454 3603 et
1502 3550 1862 3623 aequilateris
1920 3556 1982 3603 et
2033 3550 2424 3621 aequiangulis
2478 3554 2548 3606 ad
2605 3552 2744 3608 idem
2807 3558 3065 3625 punctum
3119 3568 3324 3607 coeun-

630 3630 779 3687 tibus
812 3644 927 3685 non
960 3628 1058 3683 fiet
1094 3630 1337 3701 angulus
1379 3630 1603 3685 solidus.
1687 3631 1819 3687 Cum
1847 3630 1990 3685 enim
2031 3630 2298 3701 trianguli
2341 3632 2672 3702 aequilateri
2715 3636 2956 3706 angulus
2993 3634 3133 3691 recti
3158 3634 3322 3689 unius

630 3712 847 3767 bessem
883 3702 1004 3777 (Ἰ.)
1050 3710 1359 3775 contineat,
1408 3716 1571 3765 erunt
1612 3710 1880 3781 ejusmodi
1922 3727 2028 3764 sex
2071 3710 2266 3782 anguli
2307 3713 2474 3767 rectis
2522 3720 2757 3785 quatuor
2799 3716 3080 3786 aequales.
3147 3715 3320 3781 Quod

627 3790 745 3845 fieri
770 3808 879 3846 non
906 3796 1111 3860 potest.
1192 3790 1333 3843 Nam
1372 3790 1577 3846 solidus
1616 3791 1785 3846 omnis
1831 3790 2071 3863 angulus
2111 3790 2407 3847 minoribus
2437 3810 2597 3864 quam
2637 3795 2804 3851 rectis
2833 3804 3068 3866 quatuor
3096 3794 3320 3867 angulis

627 3870 935 3925 continetur
976 3865 1159 3939 (Eucl.
1201 3868 1300 3923 XI.
1346 3863 1488 3937 21.).
1574 3870 1658 3924 Ob
1701 3873 1920 3925 easdem
1975 3888 2108 3926 sane
2160 3888 2358 3928 causas
2402 3891 2580 3945 neque
2617 3893 2692 3931 ex
2727 3876 2976 3946 pluribus
3015 3892 3174 3946 quam
3215 3892 3320 3929 sex

627 3948 809 4021 planis
852 3950 1073 4023 angulis
1119 3948 1385 4019 ejusmodi
1422 3950 1661 4023 angulus
1702 3950 1909 4005 solidus
1949 3952 2297 4007 construitur.

784 4028 891 4085 Sed
936 4046 1011 4083 ex
1050 4029 1229 4084 tribus
1275 4030 1555 4100 quadratis
1603 4029 1726 4085 cubi
1773 4031 2012 4103 angulus
2059 4033 2384 4089 continetur.
2465 4034 2558 4089 Ex
2603 4042 2838 4106 quatuor
2879 4038 3064 4093 nullus
3107 4042 3315 4109 potest.

624 4110 835 4165 Rursus
882 4108 1025 4163 enim
1062 4109 1201 4165 recti
1246 4116 1485 4180 quatuor
1529 4118 1707 4166 erunt.

784 4190 875 4244 Ex
920 4189 1096 4244 tribus
1142 4197 1327 4245 autem
1369 4192 1703 4263 pentagonis
1753 4191 2112 4263 aequilateris
2158 4200 2218 4247 et
2279 4194 2662 4267 aequiangulis
2707 4196 3029 4253 dodecaedri
3075 4199 3316 4269 angulus

628 4271 955 4327 continetur.
1040 4270 1147 4325 Sed
1173 4288 1249 4325 ex
1276 4280 1513 4341 quatuor
1538 4273 1723 4327 nullus
1750 4279 1956 4343 potest.
2041 4274 2174 4327 Cum
2201 4275 2344 4329 enim
2384 4276 2689 4349 pentagoni
2719 4278 3050 4349 aequilateri
3077 4278 3318 4349 angulus

628 4359 813 4407 rectus
840 4350 915 4405 sit
956 4354 1015 4407 et
1049 4350 1242 4421 quinta
1282 4352 1422 4407 recti
1460 4368 1611 4422 pars,
1653 4361 1817 4407 erunt
1843 4360 2080 4423 quatuor
2107 4354 2298 4429 anguli
2341 4357 2506 4411 rectis
2545 4364 2781 4427 quatuor
2823 4358 3078 4429 maiores.
3163 4358 3318 4421 Quod

628 4432 745 4487 fleri
792 4430 996 4503 nequit.
1079 4430 1196 4485 Nec
1224 4448 1357 4485 sane
1385 4450 1461 4487 ex
1488 4432 1613 4487 aliis
1658 4434 1955 4506 polygonis
2000 4434 2192 4506 figuris
2241 4436 2445 4490 solidus
2473 4440 2712 4510 angulus
2741 4440 3127 4505 continebitur.
3175 4440 3318 4511 quod

628 4512 757 4567 hinc
784 4527 995 4582 quoque
1024 4512 1316 4567 absurdum
1356 4518 1636 4584 sequatur.
1719 4514 2083 4579 Quamobrem
2107 4516 2453 4586 perspicuum
2479 4524 2582 4583 est,
2624 4527 2851 4590 praeter
2877 4522 3051 4576 dictas
3081 4520 3318 4593 quinque

629 4594 840 4665 figuras
885 4591 1055 4649 aliam
1098 4590 1333 4664 figuram
1378 4593 1606 4649 solidam
1650 4612 1759 4650 non
1803 4612 1969 4665 posse
1998 4594 2274 4663 constitui,
2323 4614 2465 4667 quae
2502 4600 2604 4654 sub
2649 4600 2832 4671 planis
2870 4601 3230 4674 aequilateris
3258 4605 3320 4652 et

630 4672 1015 4745 aequiangulis
1060 4672 1421 4729 contineatur.
