3634 5575
617 371 748 437 370
1455 375 1658 425 Literae
1696 374 1900 438 Kepleri
1952 375 2257 441 aliorumque
2294 381 2501 426 mutuae

616 534 887 596 Tandem
949 533 1162 614 puduit
1205 532 1384 606 belli,
1451 533 1545 596 cui
1593 533 1965 595 adhaerebat
2010 534 2310 596 calumnia
2346 532 2769 615 spoliationis;
2834 533 3071 614 itaque,
3130 533 3349 614 iniqua

611 623 924 701 pactione,
988 642 1062 683 ne
1113 622 1254 702 quid
1300 642 1431 684 meo
1479 621 1684 685 labore
1725 611 1871 684 inde
1919 621 2338 684 concinnatum
2398 621 2553 687 citra
2600 641 2961 698 consensum
3005 621 3340 687 haeredum

613 712 868 783 ederem,
921 713 1166 772 tandem
1213 730 1340 772 rem
1389 730 1458 772 eo
1509 711 1750 783 adduxi,
1801 718 1871 772 ut
1914 711 2409 773 observationum
2454 710 2600 772 mihi
2644 712 2823 790 copia
2850 711 3177 773 secundis
3160 729 3343 791 ipso-

613 819 746 862 rum
801 799 1216 861 voluntatibus
1272 801 1726 881 relinqueretur.
1822 797 1920 859 Ex
1984 818 2055 860 eo
2117 799 2323 879 itaque
2387 799 2791 902 patrocinium
2848 798 3339 862 lucubrationum

611 887 914 970 Tychonis
961 888 1106 950 mihi
1153 905 1270 948 non
1321 905 1573 966 arrog0‚
1623 887 1734 948 sed
1781 888 1845 949 id
1892 888 2103 949 lubens
2152 887 2414 949 humeris
2465 887 2681 949 nobilis
2728 889 2884 962 viri,
2936 887 3127 949 Fran
3146 905 3339 952 ciscn

609 973 998 1050 Gansneb,
1067 976 1214 1038 dicti
1261 975 1686 1056 Tengnagl,
1754 975 2133 1056 westphali,
2204 975 2504 1058 Tychonis
2550 975 2753 1050 Brahe
2808 975 3017 1078 generi
3064 978 3333 1052 remitto,

617 1065 714 1144 qui
761 1081 894 1125 cum
941 1067 1022 1126 sit
1069 1086 1105 1125 a
1153 1065 1420 1126 consiliis
1478 1064 1952 1144 appellationum
1996 1064 2488 1140 Bohemicarum‚
2550 1073 2791 1146 partem
2852 1065 3050 1145 operis
3106 1054 3335 1127 bonam

606 1172 720 1217 non
769 1153 992 1216 invitus
1040 1153 1187 1215 mihi
1231 1153 1494 1233 reliquit.
1588 1151 1761 1223 Quae
1810 1154 2059 1235 quisque
2108 1155 2391 1228 effecerit,
2441 1161 2679 1234 tempus
2730 1153 3037 1216 ostendet.

745 1239 876 1293 Hinc
913 1243 1094 1294 transit
1127 1241 1376 1305 Keplerus
1414 1243 1478 1294 ad
1517 1256 1596 1300 ea,
1635 1255 1762 1306 quae
1797 1241 1897 1292 huc
1921 1257 2075 1306 usque
2112 1243 2163 1292 in
2200 1241 2258 1292 Μ
2272 1257 2338 1297 ar
2350 1243 2435 1292 tis
2471 1242 2666 1294 theoria
2688 1243 2968 1307 profecerit,
3007 1241 3334 1307 proponenda

601 1313 654 1362 in
689 1312 812 1365 libro
853 1312 948 1371 „de
985 1314 1198 1364 motibus
1235 1313 1414 1364 stellae
1449 1311 1682 1371 Martis“‚
1720 1311 1900 1364 deinde
1937 1315 2131 1378 pergit:

783 1383 908 1458 Sed
955 1384 1032 1444 ad
1081 1384 1285 1464 capita
1333 1385 1640 1448 literarum
1685 1391 1925 1447 tuarum
1970 1395 2259 1446 revertar.

778 1473 864 1534 Ut
911 1472 1302 1534 fundamenta
1349 1474 1672 1535 restitutae
1739 1473 2081 1535 theoriae
2146 1473 2463 1535 Lunaris
2514 1473 2728 1544 edam,
2794 1491 2991 1535 meum
3040 1490 3153 1533 non
3202 1479 3323 1545 est,

601 1561 712 1622 sed
757 1559 1120 1636 haeredum,
1191 1581 1374 1642 quoS‚
1437 1570 1504 1623 ut
1551 1561 1819 1637 faciant,
1869 1581 2111 1624 monere
2159 1580 2275 1623 non
2326 1561 2589 1634 desist03
2667 1580 2833 1641 spem
2878 1562 2937 1622 in
2984 1561 3325 1642 propinquo

599 1651 824 1724 nullam
872 1649 1066 1712 vide0.
1150 1648 1310 1720 Quid
1361 1651 1413 1712 si
1459 1670 1600 1713 vero
1648 1656 1715 1713 tu
1762 1651 1892 1731 ipse
1940 1651 2052 1713 hoc
2084 1651 2389 1730 negotium
2418 1669 2769 1730 promovere
2798 1647 3041 1730 possis?
3108 1649 3320 1729 Teng-

602 1735 840 1818 naglins
889 1738 1049 1800 enim
1093 1759 1282 1820 nuper
1327 1738 1776 1820 peregrinatum
1822 1739 1989 1816 abiit,
2038 1747 2361 1820 praetextu
2402 1739 2687 1800 visendae
2716 1739 2984 1818 patriae;
3030 1738 3319 1818 privatim

597 1846 740 1888 vero
802 1825 1038 1906 ajebat,
1097 1845 1162 1888 se
1211 1829 1378 1891 adire
1425 1828 1735 1908 Angliam.
1824 1828 1943 1890 Est
2002 1837 2205 1891 autem
2250 1828 2309 1888 in
2358 1828 2559 1889 Dania
2606 1827 2751 1890 Chr.
2801 1825 3078 1890 Severini
3124 1827 3318 1887 Lon-

593 1923 1115 1996 gomontanus,
1193 1935 1306 1997 quo
1366 1917 1569 2000 Tycho
1628 1917 1705 1979 ad
1753 1917 2020 1979 Lunaria
2082 1937 2225 2005 usus
2287 1925 2385 1978 est
2437 1915 2783 2000 plurimum:
2861 1915 2993 1997 qui,
3058 1915 3109 1976 si
3174 1914 3318 1996 quid

597 2012 878 2085 superest
923 2005 1332 2082 correctionis,
1381 2014 1595 2086 suopte
1645 2005 1702 2068 id
1751 2007 1953 2069 Marte
2000 2005 2165 2086 prius
2170 1993 2571 2081 emendabit;
2617 2006 2879 2071 monitus
2926 2003 3087 2066 enim
3132 2025 3171 2066 a
3216 2021 3317 2066 me

599 2093 659 2156 id
706 2113 815 2174 per
857 2093 1072 2156 literas
1119 2114 1186 2156 se
1235 2097 1532 2158 facturum
1581 2103 1678 2157 est
1721 2096 2057 2175 pollicitus;
2128 2115 2241 2176 quo
2290 2096 2455 2158 facto
2512 2115 2627 2158 uno
2688 2093 2881 2175 gradu
2937 2094 3184 2175 propius
3232 2093 3313 2154 ad

597 2183 922 2245 editionem
971 2185 1422 2246 accesserimus.
1517 2185 1584 2245 In
1634 2185 2017 2247 conclusione
2065 2183 2423 2263 Opticorum
2468 2203 2685 2246 novam
2734 2183 3081 2244 methodum
3124 2180 3313 2262 polli-

591 2272 747 2334 citus
793 2267 931 2333 'sum
979 2272 1064 2333 rei
1111 2273 1532 2352 perficiendae.
1627 2273 1806 2335 Illam
1852 2293 2015 2348 vero,
2064 2273 2197 2334 Deo
2244 2273 2514 2347 volente,
2566 2275 2696 2334 sine
2745 2271 3047 2354 Tyclionis
3094 2272 3312 2332 obser-

590 2361 935 2424 vationibus
986 2361 1253 2424 editurus
1302 2371 1366 2424 et
1411 2361 1468 2438 in
1517 2362 1668 2424 meis
1716 2363 2029 2442 eclipsium
2076 2361 2597 2424 observationibus
2646 2361 3069 2441 exploraturus
3110 2379 3261 2421 sum.

767 2447 944 2518 Quod
993 2449 1194 2512 fixas
1241 2452 1482 2525 attinet,
1536 2460 1708 2512 extat
1754 2453 1914 2530 apud
1962 2451 2255 2512 haeredes
2284 2451 2587 2531 privatum
2634 2467 2782 2530 opus
2837 2447 3007 2512 1000
3036 2449 3311 2520 fixarum,

585 2539 646 2600 in
696 2557 811 2617 quo
861 2539 1087 2598 multae
1149 2539 1210 2599 in
1269 2538 1678 2620 septentrione
1742 2548 1989 2620 praeter
2052 2557 2361 2602 numerum
2406 2539 2840 2600 Ptolemaicmn
2900 2547 3310 2611 accesserunt,

587 2627 848 2706 aliquae,
886 2627 1249 2706 praesertim
1295 2628 1356 2689 in
1405 2629 1781 2691 meridionali
1828 2627 2291 2708 hemisphaerio,
2343 2628 2685 2690 necessario
2719 2629 2883 2690 fuere
2911 2626 3307 2706 praeteritae.

584 2717 741 2780 Utut
784 2715 1029 2789 habeat,
1077 2715 1404 2778 haeredum
1453 2716 1762 2780 arbitrium
1807 2727 1926 2794 est,
1975 2717 2125 2780 illud
2172 2718 2370 2779 edere.

728 2802 958 2865 (Addidit
1010 2804 1256 2869 Keplerus
1302 2806 1435 2857 hunc
1485 2807 1772 2875 catalogum
1818 2808 2075 2859 stellarum
2124 2806 2331 2859 fixarum
2380 2806 2563 2857 tabulis
2610 2804 2953 2870 Rudolphinis.
3042 2802 3309 2855 Theoriam

583 2876 836 2926 Lunai-em
872 2874 1184 2933 absolutam,
1232 2877 1490 2927 Herwarto
1530 2878 1843 2937 dedicatam,
1898 2881 1959 2929 ob
1997 2879 2242 2928 defectum
2281 2876 2574 2945 typographi
2608 2892 2709 2926 non
2746 2876 3121 2941 imprimendam
3156 2888 3305 2925 cura·

581 2950 678 3005 vit3
716 2948 848 2995 inest
881 2944 1009 2995 haec
1047 2942 1159 2995 Vol.
1197 2946 1265 2997 11.
1305 2948 1428 2998 Mss
1469 2948 1991 3015 Petropolitanorum.)

758 3018 852 3077 De
899 3018 1236 3097 astrologia
1290 3021 1443 3081 talia
1499 3022 1751 3097 scribis,
1821 3023 1974 3082 talia
2030 3020 2308 3101 quaeris,
2374 3028 2441 3080 ut
2486 3036 2755 3097 sperem,
2825 3018 2935 3080 tibi
2981 3018 3305 3121 plurimum

581 3106 965 3168 satisfactum
1041 3105 1116 3167 iri
1179 3108 1294 3170 hac
1352 3108 1593 3189 adjecta
1669 3108 2233 3182 dissertatiuncula,
2302 3126 2419 3188 qua
2470 3108 2658 3183 lecta,
2726 3108 2778 3168 si
2824 3108 2976 3168 bene
3024 3107 3300 3187 conjicio,

579 3196 916 3276 aequiorem
936 3196 1352 3301 pronunciabit
1373 3200 1736 3261 sententiam
1763 3218 1871 3261 rex
1900 3197 2405 3280 sapientissimus.
2456 3194 2580 3257 Sed
2612 3196 2875 3258 fortasse
2904 3194 3129 3276 poterit
3148 3196 3303 3258 haec

579 3285 721 3345 olim
751 3282 1006 3345 materia
1052 3284 1400 3366 diligentius
1447 3296 1511 3349 et
1555 3288 1646 3351 ita
1691 3286 1989 3362 adornari,
2039 3294 2106 3348 ut
2154 3284 2551 3349 serenissimis
2600 3286 2730 3366 ejus
2760 3284 2951 3347 oculis
2986 3284 3301 3346 honestius

579 3374 887 3435 offeratur.
980 3373 1146 3435 Deus
1196 3395 1290 3437 me
1340 3397 1416 3439 ex
1464 3376 1836 3440 astronomia
1883 3376 2205 3456 expediat,
2273 3383 2341 3438 ut
2395 3376 2475 3439 ad
2531 3392 2732 3437 curam
2788 3374 2988 3453 operis
3045 3374 3162 3435 mei
3220 3375 3299 3435 de

579 3462 993 3524 Harmonia
1039 3465 1278 3527 mundi
1327 3474 1666 3529 convertar.
1757 3464 2055 3546 Equidem
2100 3464 2249 3527 illud
2297 3483 2446 3544 opus
2490 3464 2615 3545 jam
2660 3464 2896 3545 pridem
2942 3462 3133 3525 tacite
3162 3462 3295 3543 regi

577 3558 783 3613 vestro
835 3550 1175 3623 destinavi,
1242 3572 1358 3615 non
1405 3560 1533 3615 tam
1579 3554 1780 3617 studio
1830 3554 1885 3615 ei
1930 3554 2385 3629 innotescendi,
2437 3573 2615 3633 quam
2660 3561 2802 3616 voto
2850 3550 3294 3625 ardentissimo,

574 3648 644 3703 ut
705 3640 766 3702 in
813 3639 946 3720 ipso
1012 3642 1321 3703 coalescat
1385 3641 1699 3705 harmonia
1763 3642 2166 3706 ecclesiae.
2263 3644 2327 3703 Is
2374 3641 2530 3705 enim
2591 3642 2740 3703 talia
2784 3640 3064 3721 scripsit,
3144 3641 3297 3704 talia

577 3730 764 3803 facit,
812 3736 880 3791 ut
925 3748 1041 3792 non
1087 3730 1515 3793 inconveniens
1563 3740 1669 3794 aut
1714 3731 2057 3813 ἀναρμοςος
2104 3730 2383 3793 videatur
2426 3730 2773 3813 huiusmodi
2822 3731 2923 3793 vel
2970 3730 3289 3805 dedicatio,
3363 3775 3379 3785 ι

573 3819 671 3879 vel
719 3819 1108 3881 existimatiO.
1204 3818 1322 3890 Qui
1373 3841 1486 3901 quo
1533 3822 1768 3884 tardius
1830 3820 2182 3903 aggreditur
2236 3838 2363 3883 rem
2422 3821 2695 3883 omnibus
2741 3818 3051 3900 oppressis
3098 3836 3290 3899 exop-

571 3906 957 3981 tatissimam,
1007 3908 1122 3969 hoc
1170 3909 1516 3989 diligentius
1565 3928 1770 3973 omnes
1817 3912 2170 3975 occasiones
2218 3911 2759 3991 circumspecturus
2807 3928 2943 3971 esse
2990 3914 3289 3970 censetur.

573 3996 740 4058 Deus
781 3996 857 4058 Ο.
889 3997 976 4058 Μ.
1017 3996 1236 4058 bonum
1283 4016 1452 4077 opus,
1501 4000 1658 4079 quod
1703 4001 1763 4061 in
1809 4001 1943 4083 ipso
1971 4007 2275 4105 operatus
2327 4006 2451 4075 est,
2500 3998 2693 4078 primo
2741 4017 2971 4079 quoque
3018 4004 3287 4077 tempore

571 4085 866 4165 perficiat.
959 4083 1086 4147 Sed
1131 4085 1286 4148 hanc
1335 4088 1698 4150 mentionem
1764 4090 1899 4151 ideo
1966 4090 2213 4170 injicere
2263 4088 2470 4169 coepi,
2536 4096 2607 4149 ut
2668 4086 2982 4149 consilium
3048 4085 3157 4148 abs
3204 4093 3287 4161 te,

572 4174 688 4235 Vir
730 4174 1266 4237 Praestantissime
1329 4184 1602 4258 peterem
1666 4178 1725 4240 in
1775 4200 1839 4241 re
1892 4179 2021 4257 jam
2092 4199 2130 4239 a
2176 4180 2361 4240 multo
2410 4184 2681 4258 tempore
2729 4166 3058 4237 destinata.
3154 4172 3287 4246 Quo

571 4262 807 4325 nomine
853 4262 1170 4342 plurimum
1215 4266 1435 4339 laetor,
1505 4274 1566 4327 te
1617 4266 1762 4328 mihi
1808 4267 2076 4328 oblatum
2124 4286 2199 4327 ex
2245 4266 2351 4329 illa
2396 4274 2607 4347 gente,
2668 4286 2706 4327 a
2753 4283 2866 4346 quo
2912 4262 3287 4343 potissimum

573 4352 660 4413 sic
709 4352 990 4414 erudirer.
1082 4353 1243 4415 Nam
1288 4354 1387 4434 qui
1436 4362 1531 4415 est
1587 4354 1645 4416 in
1691 4362 1755 4417 te
1805 4375 1973 4417 amor
2020 4356 2226 4416 harum
2275 4356 2523 4432 artium,
2586 4374 2701 4417 non
2750 4354 3017 4433 patietur
3062 4352 3285 4425 feriari,

574 4440 711 4524 quin
757 4440 858 4502 vel
901 4441 1016 4503 hac
1061 4444 1161 4505 ve'l
1209 4444 1330 4504 alia
1375 4444 1476 4506 via
1523 4443 1790 4516 (incerta
1838 4445 1994 4505 enim
2023 4445 2283 4505 humana
2329 4445 2546 4520 omnia,
2598 4452 2661 4506 et
2688 4444 2934 4515 bellum,
2978 4443 3289 4505 Musarum

571 4529 905 4611 pernicies,
975 4532 1179 4592 nescio
1237 4538 1524 4611 quantum
1590 4553 1628 4593 a
1683 4534 1857 4595 nobis
1914 4533 2079 4596 absit
2130 4533 2188 4594 in
2236 4534 2568 4609 Bohemia,
2637 4534 2779 4594 dum
2827 4531 2963 4611 jam
3008 4531 3288 4595 Moravia

572 4620 949 4700 periclitatur
995 4628 1176 4700 atque
1223 4621 1505 4694 Austria)
1573 4622 1862 4686 cultorem
1918 4623 2263 4685 matheseos
2327 4622 2575 4685 consilio
2632 4622 2731 4685 vel
2779 4639 2964 4703 opera
3028 4625 3180 4703 (qna
3222 4628 3285 4681 te

569 4708 796 4789 pollere
846 4708 1158 4784 existimo,
1225 4710 1346 4771 tuis
1406 4710 1600 4771 literis
1655 4709 1968 4785 inductus)
2034 4732 2212 4793 quam
2268 4712 2494 4791 optime
2549 4730 2927 4793 promoveas·
3023 4710 3147 4774 Sed
3208 4708 3285 4771 ad

573 4796 990 4878 quaestionem
1034 4798 1369 4860 redeamus,
1461 4796 1757 4879 Equidem
1804 4800 1895 4862 ita
1940 4802 2349 4864 conformatae
2398 4810 2541 4863 sunt
2583 4802 2792 4863 theses
2841 4819 3031 4878 meae,
3078 4806 3147 4862 ut
3173 4818 3285 4861 nec

569 4884 821 4969 planeta
866 4904 976 4949 nec
1024 4894 1310 4971 aspectus
1356 4887 1513 4951 ullus
1559 4888 1756 4951 malus
1802 4888 1905 4951 sit.
2000 4888 2458 4955 Contrariorum
2503 4910 2646 4953 vero
2685 4888 2985 4975 oppositio
3032 4896 3290 4957 exornat
