3634 5575
1561 430 1726 496 caput
1761 427 1827 482 11.
1884 429 1903 438 ·
2912 407 3044 498 123

353 583 608 647 humano
654 605 846 662 more,
893 595 961 651 ut
1003 589 1272 652 homines
1317 590 1754 672 intelligamus)
1802 597 1981 674 atque
2030 591 2166 656 idea
2211 591 2291 656 sit
2336 591 2423 655 rei
2466 592 2710 674 prioris,
2756 593 2840 655 sit
2884 611 3047 668 vero,

351 679 420 734 ut
453 675 630 736 modo
670 676 892 740 dictum
923 685 1036 753 est,
1083 681 1172 742 rei
1219 681 1499 760 optimae,
1551 691 1619 746 ut
1665 683 1856 744 forma
1903 683 2083 746 futuri
2130 683 2327 764 operis
2372 691 2437 745 et
2482 683 2615 764 ipsa
2658 684 2766 746 fiat
2801 683 3044 764 optima,

348 771 518 843 patet
566 765 721 844 quod
767 767 862 828 his
908 768 1158 848 legibus,
1208 786 1356 849 quas
1385 772 1550 833 Deus
1597 773 1726 853 ipse
1774 793 1884 834 sua
1928 771 2198 836 bonitate
2243 771 2359 835 sibi
2402 771 2777 852 praescribit,
2825 771 3045 835 nullius

349 852 433 912 rei
481 853 677 915 ideam
722 875 828 936 pro
875 858 1294 920 constituendo
1341 861 1556 922 mundo
1604 861 1907 942 suscipere
1952 861 2245 942 potuerit,
2296 879 2469 942 quam
2516 882 2660 924 suae
2706 861 2893 942 ipsius
2940 879 3047 922 es-

273 973 282 984 ·
349 942 619 1004 sentiae:
669 964 820 1025 quae
853 944 1152 1023 bifariam,
1201 967 1379 1028 quam
1415 959 1735 1031 praestans
1782 957 1963 1032 atque
2011 949 2215 1013 divina
2262 951 2360 1024 sit,
2410 949 2776 1014 considerari
2818 957 3043 1031 potest,

345 1029 534 1110 primo
577 1031 640 1094 in
688 1053 782 1110 se,
831 1041 1126 1114 quatenus
1173 1045 1270 1100 est
1313 1059 1433 1102 una
1477 1039 1534 1102 in
1581 1039 1879 1116 essentia,
1928 1041 2085 1102 trina
2129 1041 2187 1102 in
2235 1041 2539 1119 personis,
2590 1039 2801 1102 deinde
2848 1039 3044 1102 colla-

347 1121 508 1184 tione
557 1121 722 1186 facta
767 1143 900 1186 cum
946 1126 1257 1190 creaturis.

521 1211 696 1274 Hanc
724 1212 1064 1294 imaginem,
1110 1215 1266 1278 hanc
1309 1214 1509 1280 ideam
1553 1219 1770 1281 mundo
1816 1217 2149 1298 imprimere
2198 1217 2402 1291 voluit,
2454 1225 2521 1279 ut
2564 1217 2617 1278 is
2664 1215 2835 1278 fleret
2878 1216 3043 1298 opti·

347 1317 478 1361 mus
507 1309 689 1382 atque
716 1303 1167 1382 pulcherrimus,
1217 1313 1396 1387 utque
1441 1308 1494 1368 is
1543 1327 1673 1370 eam
1721 1308 2021 1386 suscipere
2066 1315 2294 1387 posset,
2343 1303 2705 1376 Quantum
2753 1305 3039 1380 condidit,

347 1389 836 1479 quantitatesque
882 1393 1358 1473 sapientissimus
1405 1397 1676 1458 conditor
1721 1396 2109 1477 excogitavit,
2156 1413 2401 1476 quarum
2438 1393 2647 1468 omnis,
2698 1401 2765 1455 ut
2810 1393 2897 1454 ita
2946 1393 3040 1455 di·-

347 1495 496 1554 cam,
549 1482 814 1543 essentia
858 1481 916 1544 in
965 1482 1115 1544 haec
1162 1482 1276 1546 duo
1324 1485 1668 1548 discrimina
1712 1487 1977 1560 caderet,
2025 1493 2249 1547 rectum
2296 1493 2359 1546 et
2402 1501 2661 1558 curvum,
2712 1501 2785 1544 ex
2831 1482 3043 1562 quibus

349 1587 592 1630 curvum
638 1570 810 1632 nobis
857 1571 1085 1634 duobus
1146 1571 1264 1635 illis
1311 1574 1489 1636 modo
1537 1572 1714 1636 dictis
1759 1575 1952 1636 medis
1998 1573 2188 1637 Deum
2236 1581 2739 1654 repraesentaret.
2832 1571 3041 1652 Neque

345 1658 502 1720 enim
546 1659 1006 1722 existimandum
1055 1668 1168 1736 est,
1215 1668 1448 1725 tem'ere'
1489 1663 1764 1726 extitisse
1809 1671 1937 1726 tam
1984 1671 2130 1744 apta
2164 1662 2619 1744 praefigurando
2648 1660 2777 1723 Deo
2825 1659 3040 1722 discri-

344 1749 540 1822 mina,
607 1757 674 1810 ut
719 1749 883 1812 Deus
928 1769 1046 1812 non
1091 1751 1166 1812 de
1211 1753 1305 1816 his
1351 1753 1502 1834 ipsis
1557 1753 1951 1833 cogitaverit,
2017 1752 2125 1814 sed
2182 1761 2464 1834 quantum
2526 1769 2741 1832 corpus
2794 1757 3043 1830 propter

345 1838 497 1925 aJias
545 1857 762 1900 causas
809 1839 1044 1920 alioque
1091 1841 1339 1905 consilio
1399 1842 1766 1915 condiderit,
1834 1849 2012 1923 atque
2072 1851 2287 1923 postea
2344 1841 2495 1905 recti
2552 1851 2615 1906 et
2658 1839 2821 1903 curvi
2866 1857 3040 1902 com-

342 1927 580 2008 paratio
627 1935 691 1989 et
736 1928 884 1990 haec
931 1947 1063 1991 cum
1109 1930 1240 1992 Deo
1296 1931 1620 1995 similitudo
1675 1941 1889 2011 suapte
1944 1939 2157 2014 sponte
2212 1932 2385 2012 quasi
2442 1931 2685 1993 fortuito
2744 1927 3041 1992 extiterit.

521 2014 680 2087 Quin
724 2018 926 2099 potius
961 2019 1279 2083 verisimile
1321 2029 1434 2091 est,
1481 2020 1650 2084 initio
1697 2019 1955 2083 omnium
2003 2029 2167 2083 certo
2216 2019 2461 2082 consilio
2508 2035 2751 2080 curvum
2798 2023 2863 2078 et
2906 2036 3043 2080 rec-

341 2113 470 2168 tum
517 2127 556 2168 a
599 2107 732 2169 Deo
778 2107 976 2169 electa
1023 2109 1099 2170 ad
1147 2110 1612 2173 adumbrandam
1659 2111 1720 2174 iu
1765 2110 1983 2172 mundo
2034 2108 2409 2172 divinitatem
2452 2105 2812 2180 conditoris,
2862 2112 3041 2186 atque

341 2203 410 2257 ut
435 2193 588 2257 haec
617 2196 968 2272 existerent,
1019 2199 1389 2278 quantitates
1420 2199 1625 2274 fuisse,
1673 2207 1857 2280 atque
1900 2206 1970 2262 nt
2015 2197 2321 2280 quantitas
2350 2197 2690 2269 haberetur,
2740 2193 3041 2256 conditum

345 2304 482 2347 esse
527 2285 718 2367 primo
767 2286 1024 2348 omnium
1071 2305 1305 2367 corpus.

522 2373 849 2436 Videamus
895 2375 1090 2449 mode,
1139 2375 1501 2456 ecquomodo
1551 2373 1806 2438 Creator
1850 2375 2108 2455 optimus
2156 2375 2267 2436 has
2314 2371 2688 2454 quantitates
2734 2371 2793 2433 in
2843 2369 3041 2432 mundi

345 2462 576 2524 fabrica
622 2463 976 2537 adhibuerit,
1025 2471 1090 2525 et
1135 2465 1275 2546 quid
1319 2464 1639 2527 verisimile
1677 2465 1760 2526 sit
1795 2464 2018 2526 nostris
2048 2461 2603 2527 ratiocinationibus
2642 2481 2679 2521 a
2711 2457 3037 2523 Conditore

345 2553 569 2614 factum
616 2571 789 2627 esse,
853 2560 919 2614 nt
983 2553 1127 2616 illud
1191 2563 1408 2636 postea
1459 2573 1592 2615 cum
1657 2553 1716 2616 in
1781 2554 2045 2634 antiquis
2104 2562 2229 2616 tum
2284 2552 2340 2614 in
2392 2551 2559 2614 novis
2606 2548 3037 2630 hypothesibus

342 2657 728 2720 quaeramus,
778 2639 947 2721 eique
994 2644 1255 2721 palmam
1301 2643 1657 2712 tribuamus,
1703 2661 1889 2723 penes
1938 2661 2110 2723 quem
2156 2641 2301 2704 illud
2349 2641 2694 2720 reperietur.

517 2729 805 2793 Mundum
851 2731 1032 2811 igitur
1074 2740 1269 2797 totum
1314 2733 1502 2814 figura
1557 2733 1752 2797 claudi
1807 2731 2151 2813 sphaerica,
2214 2729 2447 2793 abunde
2508 2729 2662 2791 satis
2708 2725 3040 2808 disputavit

339 2819 708 2883 Aristoteles
759 2820 938 2893 (libro
985 2822 1046 2883 ΙΙ
1091 2823 1164 2884 de
1211 2822 1408 2891 coelo)
1431 2870 1447 2896 ,
1515 2823 1710 2885 ductis
1757 2824 1913 2885 inter
1960 2831 2161 2885 cetera
2206 2840 2282 2882 ex
2326 2818 2641 2883 nobilitate
2689 2816 3037 2897 sphaericae

338 2908 672 2988 superficiei
728 2910 1136 2989 argumentis:
1203 2911 1412 2992 quibus
1477 2912 1796 2975 etiamnum
1853 2910 2065 2973 ultima
2111 2909 2429 2990 Copernici
2482 2910 2731 2971 fixarum
2778 2905 3038 2985 sphaera
3150 2956 3160 2967 .

339 2998 612 3078 quamvis
649 3004 814 3061 motu
856 3016 1065 3062 carens
1114 3002 1360 3063 eandem
1395 3002 1646 3083 figuram
1693 3008 1913 3076 tuetur,
1960 3000 2285 3080 recipitque
2316 2996 2519 3060 Solem
2558 3006 2841 3077 tanquam
2886 3014 3035 3057 cen-

339 3095 496 3149 trum
543 3086 599 3147 in
648 3086 920 3149 intimum
967 3088 1175 3150 sinum.
1267 3089 1462 3153 Orbes
1509 3109 1650 3151 vero
1705 3098 1940 3152 ceteros
1995 3089 2282 3152 rotundos
2343 3107 2477 3150 esse
2526 3085 2831 3149 circularis
2879 3084 3035 3146 stel-

340 3176 532 3237 larum
591 3184 790 3238 motus
851 3176 1068 3257 arguit.
1165 3176 1422 3242 corvum
1483 3180 1667 3259 igitur
1731 3180 1806 3241 ad
1874 3177 2074 3242 mnndi
2139 3185 2411 3240 ornatum
2481 3174 2813 3238 adhibitum
2878 3192 3036 3248 esse,

342 3264 624 3327 ulteriore
671 3265 1023 3345 probatione
1069 3286 1184 3328 non
1235 3278 1392 3348 eget.
1489 3267 1639 3331 Cum
1687 3277 1889 3331 autem
1950 3269 2067 3329 tria
2113 3266 2519 3348 quantitatum
2562 3284 2787 3346 genera
2828 3262 3039 3326 videa-

337 3370 470 3415 mus
518 3354 576 3415 in
627 3354 863 3428 munde,
909 3356 1176 3434 figuram,
1227 3376 1528 3420 numerum
1559 3365 1620 3419 et
1646 3358 2097 3438 amplitudinem
2126 3373 2465 3435 corporum:
2516 3372 2757 3417 curvum
2804 3352 3037 3434 quidem

337 3442 532 3505 adhuc
579 3444 639 3504 in
687 3444 818 3505 sola
861 3445 1051 3524 figura
1096 3446 1440 3526 reperimuS.
1531 3446 1740 3526 Neque
1790 3446 1945 3507 enim
2004 3443 2409 3523 amplitudinis
2466 3443 2590 3506 ulla
2648 3442 2801 3505 ratio
2848 3460 2923 3503 ex
2970 3460 3039 3502 eo

338 3540 472 3608 est,
542 3532 696 3613 quod
742 3532 1093 3615 inscriptum
1140 3534 1316 3599 simili
1365 3534 1653 3616 (sphaera
1700 3536 1992 3616 sphaerae
2016 3582 2031 3606 ,
2097 3534 2351 3595 circulus
2398 3533 2649 3607 circulo)
2711 3550 2785 3593 ex
2833 3530 3038 3592 eodem
3102 3586 3115 3600 ,

337 3628 546 3683 centro
593 3630 697 3684 aut
741 3622 1115 3705 undiquaque
1162 3625 1361 3704 tangit
1406 3632 1509 3686 aut
1554 3624 1802 3687 nullibi:
1866 3632 1929 3685 et
1974 3622 2348 3703 sphaericum
2391 3621 2583 3702 ipsum
2607 3669 2623 3695 ,
2673 3637 2804 3681 cum
2850 3617 3039 3681 solum

338 3718 402 3772 et
447 3712 686 3773 unicum
713 3712 814 3797 ‚sit
856 3712 916 3773 in
957 3732 1062 3775 suo
1104 3714 1460 3795 quantitatis
1501 3732 1752 3793 genere,
1802 3730 1919 3775 non
1964 3718 2171 3793 potest
2216 3710 2369 3774 alius
2416 3710 2639 3772 numeri
2685 3726 2861 3790 quam
2906 3716 3036 3769 ter·

339 3798 492 3861 uarii
538 3800 869 3881 subjectum
917 3821 1071 3864 esse.
1147 3801 1323 3875 Quod
1370 3802 1423 3865 si
1466 3803 1650 3882 igitur
1695 3803 1887 3866 solum
1936 3818 2175 3864 curvum
2220 3800 2387 3861 Deus
2433 3800 2493 3862 in
2540 3796 2779 3860 conditu
2825 3812 3036 3877 respe-

335 3887 568 3963 xisset,
631 3896 872 3969 praeter
918 3888 1119 3953 Solem
1164 3892 1224 3953 in
1285 3900 1526 3966 centro,
1589 3892 1688 3971 qui
1741 3891 1969 3972 patris,
2038 3890 2355 3969 sphaeram
2410 3890 2657 3951 fixarum
2706 3888 2802 3949 vel
2848 3904 3036 3965 aquas
3110 3909 3123 3931 ν

337 3978 648 4039 Mosaicas
695 3980 754 4040 in
802 3980 1050 4055 ambitu,
1101 4000 1249 4061 quae
1296 3980 1432 4057 filii,
1482 3999 1689 4043 auram
1735 3981 2057 4042 coelestem
2106 3979 2303 4041 omnia
2348 3979 2705 4061 replentem.
2754 3976 2879 4039 sive
2926 3994 3036 4035 ex-

335 4066 672 4129 tensionem
717 4076 782 4130 et
825 4068 1258 4133 firmamentum
1301 4068 1475 4144 illud,
1534 4070 1687 4149 quod
1736 4068 1998 4149 Spiritus
2053 4069 2251 4147 imago
2309 4076 2513 4131 esset:
2572 4074 2814 4147 praeter
2856 4064 3028 4137 haec,

335 4156 604 4237 inquam,
662 4155 810 4218 nihil
865 4158 1157 4220 existeret
1199 4158 1260 4221 in
1304 4158 1416 4221 hoc
1464 4157 1730 4220 aedificio
1776 4160 2093 4221 mundano.
2186 4158 2359 4220 Nunc
2403 4174 2544 4217 vero
2592 4174 2725 4217 cum
2773 4163 2837 4217 et
2879 4154 3033 4215 lixae

336 4244 460 4307 sint
523 4245 1018 4322 innumerabiles,
1076 4254 1140 4309 et
1201 4247 1501 4310 mobilium
1555 4266 1672 4309 non
1718 4246 2152 4310 incertissimus
2200 4248 2552 4326 catalogue,
2616 4254 2679 4305 et
2734 4244 3031 4306 coelorum

336 4336 777 4413 magnitudines
825 4334 1169 4418 inaequales
1215 4337 1486 4411 invicem,
1535 4355 1783 4399 necesse
1825 4343 1923 4397 est
1960 4356 2176 4399 causas
2224 4354 2425 4398 eorum
2471 4336 2726 4398 omnium
2774 4352 2851 4396 ex
2897 4352 3032 4395 rec-

339 4422 594 4485 titudine
638 4432 930 4505 petamus.
1023 4426 1158 4488 Nisi
1206 4426 1356 4488 forte
1403 4425 1596 4487 Deum
1649 4426 1991 4506 putabimus
2050 4426 2363 4507 quicquam
2418 4424 2477 4487 in
2532 4424 2748 4485 mundo
2804 4430 3027 4484 temere

291 4549 310 4572 .
337 4510 583 4588 fecisse,
633 4513 771 4575 dum
817 4512 1079 4576 rationes
1127 4515 1386 4595 optimae
1433 4523 1853 4594 suppeterent,
1902 4514 1963 4575 id
2011 4514 2167 4595 quod
2216 4534 2383 4576 nemo
2428 4513 2573 4576 mihi
2617 4510 3022 4591 persuadebit,

339 4608 402 4663 ut
447 4602 544 4663 vel
593 4602 665 4662 de
711 4602 846 4664 fixis
893 4602 1171 4679 sentiam,
1220 4621 1468 4685 quarum
1515 4611 1716 4667 tamen
1748 4603 1899 4665 situs
1930 4604 2189 4667 maxime
2220 4603 2473 4665 omnium
2506 4600 2807 4676 confusus,
2858 4600 3026 4683 quasi

337 4688 616 4752 fortuitus
664 4690 952 4754 sementis
988 4694 1191 4772 jactus
1239 4692 1411 4754 nobis
1459 4692 1712 4753 videtur.

509 4778 842 4843 Veniamus
885 4780 1067 4859 igitur
1113 4780 1189 4842 ad
1235 4787 1490 4843 rectas
1531 4780 2015 4859 quantitates.
2110 4778 2283 4843 Sicut
2326 4786 2527 4840 autem
2576 4786 2757 4839 antea
2802 4778 3027 4857 sphae-

333 4866 459 4929 rica
504 4868 844 4949 superficies
891 4868 1023 4931 ideo
1071 4878 1342 4932 assumta
1389 4876 1515 4941 est,
1568 4868 1704 4947 quia
1747 4866 2183 4939 perfectissima
2233 4866 2341 4929 fuit
2386 4867 2724 4947 quantitas,
2772 4864 2861 4927 ita
2897 4866 3025 4947 jam

336 4975 450 5023 uno
498 4959 655 5029 saltu
705 4958 784 5023 ad
825 4976 1077 5042 corpora
1124 4968 1496 5028 transeamus
1515 5006 1532 5037 ,
1589 4967 1656 5021 nt
1701 4974 1851 5053 quae
1899 4976 1975 5019 ex
2020 4958 2200 5033 rectis
2244 4954 2547 5049 perfectae
2594 4963 2739 5019 sunt
2781 4956 3024 5042 quanti-
