3634 5575
1284 446 1300 456 .
1345 407 1408 461 de
1444 405 1589 460 rebus
1627 408 1954 478 astrologicis.
2878 411 3007 478 353

291 571 570 654 planetas
619 570 695 632 ad
744 578 941 631 ortum
986 571 1084 632 vel
1130 588 1412 632 occasum
1458 569 1800 650 dirigendos
1848 589 1957 650 per
1990 590 2131 632 suas
2180 569 2551 648 latitudines,
2603 573 3005 636 consideratis

291 658 384 722 bis
415 657 652 739 quidem
700 659 757 720 in
808 658 1156 736 directione,
1216 659 1451 740 quando
1480 659 1731 738 planeta
1778 659 1876 720 vel
1907 660 2135 722 oriatur
2176 659 2274 720 vel
2303 660 2559 724 occidat.
2655 659 2832 731 Quod
2861 681 3003 724 vero

294 749 448 808 alios
495 747 933 826 significatores
983 748 1238 822 attinet,
1294 755 1363 808 ut
1407 747 1668 822 Lunam,
1728 748 1862 827 jam
1922 749 2086 810 aliud
2143 765 2219 810 ex
2262 747 2743 828 Regiomontano
2793 751 3003 812 dicen-

296 837 462 910 dum,
513 836 676 898 aliud
725 836 890 899 mihi.
965 835 1484 916 Regiomontanus
1531 855 1640 916 per
1669 837 2154 915 significatorem,
2207 838 2441 917 quando
2473 837 2525 900 is
2570 838 2759 901 habet
2789 840 3003 901 latitu-

293 924 524 996 dinem,
596 925 761 987 ducit
807 925 1090 987 circulum
1136 924 1484 1004 positioniS,
1552 943 1800 1005 eumque
1849 926 2130 988 circulum
2178 927 2413 987 omnino
2461 928 2879 989 accommodat
2926 928 3003 989 ad

300 1013 725 1092 significatoris
788 1012 1191 1075 latitudinem.
1286 1013 1432 1075 Inde
1498 1013 1921 1096 promissorem
1988 1015 2067 1076 ad
2130 1014 2285 1078 hunc
2344 1014 2622 1076 circulum
2683 1015 3002 1095 positionis

291 1101 539 1163 adducit
583 1121 790 1163 rursus
834 1119 943 1182 per
991 1121 1163 1164 suam
1206 1102 1591 1180 promissoris
1641 1102 1943 1183 propriam
1994 1103 2389 1177 latitudinem,
2440 1105 2787 1167 considerat
2825 1106 3002 1178 enim,

290 1209 426 1252 cum
473 1209 587 1274 quo
634 1191 826 1270 gradu
887 1191 1121 1252 zodiaci
1178 1189 1508 1269 promissor
1553 1191 1762 1252 veniat
1817 1191 1877 1253 in
1934 1192 2088 1252 bunc
2150 1192 2435 1254 circulum
2480 1193 2821 1274 positionis.
2914 1193 3002 1254 Et

291 1281 427 1341 hoc.
462 1280 536 1340 de
583 1298 831 1360 corpore
892 1277 1305 1358 promissoriS,
1370 1281 1467 1340 vel
1515 1279 1643 1358 ejus
1690 1280 1971 1360 opposito
2019 1281 2216 1356 radio,
2286 1281 2385 1361 qui
2451 1291 2728 1345 censetur
2780 1282 3003 1344 habere

264 1368 671 1434 ,latitudinem
719 1369 1057 1449 oppositam
1104 1369 1258 1430 citra
1304 1368 1800 1431 controversiam.
1892 1369 2027 1448 Ego
2086 1388 2226 1430 vero
2283 1371 2520 1449 quando
2568 1371 2805 1432 invenio
2870 1370 2999 1432 Lu·
3072 1373 3077 1378 '

291 1476 430 1518 nam
480 1457 967 1536 significatricem
1031 1455 1090 1518 in
1138 1458 1576 1537 septentrione,
1645 1458 1907 1519 Martem
1954 1457 2377 1537 promissorem
2416 1467 2617 1519 autem
2666 1459 2724 1519 in
2775 1468 2999 1534 austr0,

293 1547 424 1607 dico
473 1545 864 1607 directionem
924 1563 1061 1606 esse
1124 1546 1352 1607 fatuam
1369 1564 1388 1620 3
1456 1544 1648 1626 dirigo
1708 1545 1925 1626 quippe
1983 1566 2097 1607 non
2152 1564 2261 1625 per
2326 1546 2579 1608 circulos
2636 1547 3002 1626 positionum

289 1641 675 1704 transeuntes
722 1652 831 1713 per
876 1633 1340 1714 significatorem
1385 1634 1500 1695 nisi
1536 1636 1607 1698 ju
1652 1633 1961 1695 horizonte
2010 1643 2073 1696 et
2098 1634 2447 1707 meridiano,
2496 1634 2594 1713 qui
2640 1633 2758 1712 ipsi
2806 1636 3000 1716 signi-

285 1724 564 1785 ficatores
612 1731 783 1798 sunt;
845 1729 909 1784 et
947 1730 1094 1802 puto
1142 1722 1258 1784 vim
1299 1722 1676 1803 significandi
1720 1722 1921 1784 inesse
1970 1721 2117 1784 solis
2165 1723 2511 1801 corporibus
2550 1721 2713 1784 Solis
2763 1732 2825 1785 et
2870 1725 3000 1785 Lu-

285 1831 420 1872 nae.
511 1809 1028 1890 Regiomontanus
1075 1829 1217 1873 vero
1266 1812 1544 1874 diffundit
1583 1811 1739 1874 hanc
1785 1811 1907 1872 vim
1950 1829 2059 1891 per
2094 1810 2377 1872 circulum
2405 1811 2744 1890 positioniS,
2792 1819 2996 1873 trans-

285 1907 524 1961 euntem
569 1918 677 1979 per
722 1899 872 1962 haec
921 1918 1193 1979 corpora.
1834 1888 1846 1902 ’

463 1987 606 2064 Jam
654 1988 809 2068 quod
858 1988 1080 2050 attinet
1125 1996 1408 2068 aspectus
1455 1987 1904 2068 promissorum,
1954 1986 2172 2066 triplex
2221 1994 2317 2048 est
2346 1987 2557 2047 modus
2604 1985 2998 2048 considerau-

285 2077 398 2138 dae
445 2076 800 2138 latitudinis.
892 2076 1024 2136 Aut
1069 2077 1224 2138 enim
1271 2077 1526 2139 circulus
1557 2095 1806 2156 magnus
1855 2082 2063 2157 potest
2108 2075 2369 2136 transire
2399 2093 2506 2154 per
2536 2074 3001 2154 significatorem

287 2174 352 2227 et
395 2165 838 2244 promissorem,
900 2173 962 2226 et
1009 2165 1067 2226 in
1117 2183 1187 2226 eo
1250 2164 1493 2226 extendi
1543 2172 1857 2246 aspectus3
1926 2170 2034 2224 aut
2086 2163 2341 2224 circulus
2386 2181 2638 2242 magnus
2696 2163 2997 2226 tuansiens

288 2273 394 2336 per
440 2251 865 2332 promissorem
913 2261 1084 2316 secat
1131 2253 1472 2332 eclipticam
1517 2253 1579 2314 in
1626 2253 1773 2314 locis
1815 2274 1854 2314 a
1897 2252 2262 2332 promissore
2311 2251 2677 2313 distantibus
2726 2252 3001 2333 utrinque

287 2341 623 2424 quadrante
671 2340 1031 2421 exhibetque
1079 2341 1282 2403 radios
1331 2349 1696 2422 aspectuum.
1789 2343 1920 2403 Aut
1967 2339 2218 2420 denique
2266 2348 2473 2401 centro
2521 2341 2719 2419 posito
2768 2341 2826 2402 in
2858 2361 2996 2403 cor-

283 2448 430 2511 pore
478 2429 862 2509 promissoris
911 2437 974 2492 et
1020 2430 1437 2509 amplitudine,
1488 2438 1774 2511 quantam
1803 2429 2089 2509 postulat
2120 2436 2423 2508 aspectus,
2473 2429 2765 2490 ducuntur
2795 2429 3001 2492 circuli

287 2527 567 2580 secantes
617 2517 958 2597 eclipticam
1033 2525 1097 2580 et
1161 2520 1553 2581 ostendentes
1611 2526 1897 2599 punctum
1943 2515 2288 2597 eclipticae,
2357 2517 2415 2576 in
2466 2535 2579 2596 quo
2646 2517 3002 2580 terminatur

289 2615 574 2687 aspectus
589 2625 607 2679 ;
664 2605 854 2686 primo
902 2607 1078 2668 modo
1125 2626 1240 2668 non
1281 2606 1523 2669 memini
1570 2626 1923 2688 quemquam
1970 2607 2077 2669 uti.
2168 2605 2255 2667 Et
2300 2613 2499 2666 tamen
2548 2605 2689 2668 mihi
2736 2604 3001 2668 nonnihil

283 2694 644 2770 verisimilis,
693 2703 836 2757 tunc
883 2695 1120 2776 quando
1167 2695 1537 2775 significator
1583 2696 1770 2757 habet
1817 2694 2217 2768 latitudinem,
2268 2701 2337 2755 ut
2383 2693 2433 2754 si
2472 2693 2647 2756 Luna
2694 2696 2774 2757 sit
2803 2695 2996 2774 signi-

285 2783 536 2847 ficatrix.
631 2782 944 2846 Secundus
993 2785 1204 2847 modus
1253 2794 1348 2847 est
1375 2783 1863 2865 Regiomontani,
1915 2785 2073 2864 apud
2112 2803 2287 2864 quem
2335 2782 2571 2845 sextilis
2620 2804 2853 2867 semper
2882 2785 2997 2845 ha-

283 2874 388 2936 bet
435 2872 746 2935 dimidium
793 2872 1132 2935 latitudinis
1182 2875 1341 2955 ejuS,
1391 2895 1568 2956 quam
1616 2874 1802 2936 habet
1848 2893 2065 2953 corpus
2102 2872 2523 2953 promissoris,
2580 2873 2769 2934 trinus
2820 2873 2999 2934 dimi-

286 2962 446 3023 dium
493 2961 828 3024 latitudiuis
879 2963 1212 3043 oppositae,
1265 2964 1592 3044 quadratus
1631 2962 2016 3024 latitudinem
2046 2961 2289 3022 nullam.
2386 2961 2627 3022 Tertius
2670 2962 2814 3023 mihi
2849 2982 2995 3043 pro-

285 3052 466 3112 batur
513 3058 682 3125 tunc,
733 3052 969 3130 quando
1017 3051 1260 3114 horizon
1307 3054 1402 3114 vel
1449 3052 1814 3114 meridianus
1874 3057 1969 3111 est
2032 3050 2422 3129 significator.
2516 3048 2639 3111 Sed
2686 3051 2831 3113 mihi
2880 3050 2997 3130 ipsi

287 3158 403 3200 non
452 3136 796 3199 satisfacio:
849 3138 985 3219 quin
1033 3141 1234 3219 potius
1281 3148 1423 3203 tunc
1470 3141 1528 3201 iu
1579 3139 2092 3219 speculationibus
2139 3138 2405 3221 physicis
2444 3139 2817 3218 suspiciones
2848 3160 2996 3201 con-

287 3226 464 3308 cipio,
531 3226 742 3307 quasi
803 3244 993 3288 vana
1055 3228 1156 3291 sit
1210 3246 1472 3307 magna
1523 3248 1697 3309 pars
1765 3227 2269 3289 directionum.
2363 3226 2629 3288 Primum
2692 3228 2878 3302 enim,
2946 3226 2999 3289 si

289 3316 465 3377 Luna
493 3323 590 3377 est
617 3313 1032 3394 significatrix,
1074 3316 1365 3396 quomodo
1396 3317 1453 3378 in
1485 3336 1554 3377 eo
1585 3317 1807 3379 circulo
1846 3334 2065 3395 magno
2100 3315 2319 3377 dicitur
2346 3316 2547 3376 venire
2579 3317 2656 3378 ad
2686 3326 2999 3396 aspectum

285 3404 590 3485 planetae,
638 3402 701 3464 in
749 3421 864 3482 quo
911 3422 1026 3465 uon
1076 3404 1346 3466 incedit?
1394 3405 1482 3466 At
1519 3404 1576 3465 in
1609 3405 1770 3465 nullo
1801 3404 1982 3465 trium
2014 3404 2289 3481 superius
2335 3404 2768 3466 recensitorum
2802 3407 2999 3468 circu-

289 3493 482 3555 lorum
526 3491 771 3555 incedit.
861 3492 1046 3554 Esset
1091 3492 1276 3572 igitur
1321 3493 1530 3555 modus
1581 3500 1830 3574 quartus
1880 3491 2207 3573 quaerendi
2254 3492 2409 3553 hunc
2439 3491 2745 3565 circulum,
2791 3494 2851 3555 in
2883 3513 2998 3574 quo

288 3589 574 3663 aspectus
621 3580 801 3656 inest,
853 3590 916 3643 et
960 3580 1012 3641 is
1061 3582 1244 3643 etiam
1291 3581 1612 3662 perplexus
1660 3589 1724 3643 et
1762 3580 2099 3661 ambiguus.
2193 3579 2519 3641 Ducendus
2560 3581 2777 3662 quippe
2824 3590 2894 3643 ut
2940 3582 2997 3643 in

285 3671 463 3733 modo
519 3668 698 3731 tertio
766 3670 988 3731 circum
1051 3670 1476 3750 promissorem
1525 3670 1809 3746 circuluS,
1874 3671 2063 3732 donec
2110 3677 2280 3731 secet
2333 3667 2494 3729 viam
2540 3669 2747 3731 Lunae
2806 3672 2999 3751 signi-

285 3758 570 3822 flcatricis
617 3758 955 3838 genuinam.
1047 3759 1240 3839 Atqui
1288 3779 1584 3840 quaenam
1631 3759 1781 3821 haec
1810 3759 2040 3821 viarum
2068 3758 2310 3841 propria
2338 3758 2591 3819 Lunae?
2677 3759 2817 3822 Non
2848 3760 2998 3821 diri-

285 3848 445 3929 gitur
490 3849 664 3909 Luna
708 3866 817 3929 per
861 3846 1081 3910 itinera
1127 3848 1340 3912 diurna
1385 3849 1651 3929 propria,
1710 3848 1819 3909 sed
1865 3867 1973 3929 per
2020 3848 2237 3909 itinera
2294 3846 2507 3909 diurna
2552 3844 2737 3912 Solis.
2828 3846 2994 3927 Ergo

283 3938 434 3999 haec
481 3938 583 3998 via
630 3936 838 3997 Lunae
887 3937 1251 3999 assumenda
1298 3938 1416 4000 erit
1461 3938 1696 4013 fictitia,
1746 3937 1800 3999 si
1846 3956 2058 4017 nempe
2104 3956 2351 3997 manens
2398 3936 2455 3998 in
2506 3936 2718 3999 eadem
2766 3957 2805 3998 a
2850 3935 2995 3998 Sole

262 4026 579 4103 ‘distantia
625 4043 757 4087 cum
803 4024 948 4088 Sole
997 4026 1354 4090 circumiret.
1449 4028 1613 4089 Tunc
1670 4044 1814 4108 ergo
1871 4026 2036 4107 prius
2094 4034 2261 4088 esset
2306 4026 2609 4087 ducendus
2668 4024 2998 4104 parallelus

284 4114 598 4195 eclipticae
660 4132 769 4193 per
815 4132 1030 4195 corpus
1087 4115 1545 4196 significatoris‚
1616 4116 1829 4178 deiude
1879 4124 1947 4176 ut
1998 4114 2164 4194 prius
2223 4112 2489 4175 secanda
2534 4114 2681 4175 haec
2730 4114 2864 4190 via,
2912 4122 2999 4175 -ut

285 4202 472 4265 sectio
517 4204 714 4264 locum
764 4203 1130 4281 ostenderet,
1180 4204 1280 4267 ubi
1327 4206 1684 4268 terminatur
1745 4212 2051 4285 aspectus.
2144 4202 2332 4283 Atqui
2393 4220 2603 4281 parum
2652 4202 2997 4265 verisimili-

285 4291 510 4353 tudinis
557 4292 719 4353 iuest
764 4291 825 4353 in
873 4292 986 4355 hoc
1031 4293 1225 4355 modo,
1320 4292 1518 4364 Quam
1566 4294 1742 4370 enim,
1794 4311 2039 4373 quaeso,
2086 4293 2207 4353 vim
2240 4290 2515 4353 obtineat
2544 4292 2643 4351 via
2676 4292 2994 4371 quaedam,

283 4399 392 4459 per
439 4398 616 4460 quam
659 4380 835 4443 Luna
879 4400 997 4443 non
1044 4381 1299 4456 incedit,
1367 4383 1474 4443 sed
1522 4382 1796 4444 incedere
1846 4382 2132 4461 fingitur?
2226 4384 2430 4460 Atque
2479 4381 2593 4442 hac
2644 4382 2997 4442 considera-

282 4471 446 4530 tione
492 4476 687 4530 totum
716 4470 1021 4549 negotium
1053 4471 1281 4544 Lunae,
1330 4479 1397 4532 ut
1427 4470 1871 4551 significatricis
1903 4470 2271 4548 dirigendae,
2322 4476 2669 4549 suspectum
2704 4468 2997 4545 redditur.

281 4557 517 4619 Deinde
547 4558 779 4637 objicio,
831 4577 965 4620 cum
1001 4578 1133 4621 meo
1156 4558 1450 4621 horizonti
1479 4567 1542 4621 et
1571 4560 1931 4630 meridiano,
1980 4567 2109 4619 tum
2137 4557 2606 4637 Regiomontani
2633 4555 2997 4637 positionum

282 4645 520 4709 circulis
567 4646 1091 4728 significatoribuS,
1143 4655 1250 4709 aut
1295 4667 1413 4710 non
1458 4667 1640 4729 posse
1688 4656 1973 4729 aspectus
2019 4647 2450 4725 promissorum
2488 4664 2623 4706 esse
2653 4646 2993 4727 promisso-

279 4754 398 4810 reS,
450 4741 558 4797 aut
603 4742 864 4797 tractum
908 4736 1127 4817 requiri
1174 4737 1460 4817 temporis
1508 4736 1849 4817 longissimi
1897 4736 1975 4797 ad
2013 4754 2191 4796 unam
2231 4734 2639 4809 directionem,
2690 4734 2806 4795 imo
2838 4754 2992 4815 qua-

283 4824 524 4895 dratam
589 4824 1019 4899 radiationem,
1087 4846 1194 4888 seu
1251 4825 1376 4905 ejus
1434 4824 1825 4889 directionem
1871 4823 2107 4887 omnino
2163 4829 2519 4906 perpetuam
2572 4842 2726 4887 esse.
2820 4824 2983 4886 Nam

279 4932 432 4975 unus
479 4921 546 4997 et
588 4914 748 4976 idem
793 4912 1126 4994 promissor
1169 4914 1402 4978 radium
1446 4915 1742 4992 sextilem,
1801 4915 2167 4997 quadratum
2202 4912 2309 4976 so.
2357 4910 2581 4976 eirculo
2626 4912 2992 4975 circumfun-

419 5016 828 5071 xenlniopmr.
2503 5016 2571 5070 23
