3634 5575
587 353 718 426 358
1425 355 1630 407 Literae
1664 354 1873 420 Kepleri
1910 353 2213 420 aliorumque
2244 360 2455 407 matriae

584 517 640 571 ln
673 515 834 580 prima
869 515 1124 568 creatione
1159 521 1350 566 certum
1385 519 1664 580 respectum
1703 513 1858 578 siguis
1900 517 1953 564 et
1974 513 2191 578 planetis
2216 513 2522 573 attribuisse,
2560 513 2627 564 ad
2646 513 2778 566 baec
2802 514 2881 566 vel·
2902 515 3005 566 alia
3028 515 3147 567 loca
3182 513 3333 580 pra&

587 588 698 638 aliis
736 586 1018 638 afficienda.

730 657 861 717 Quid
913 659 1069 707 sentis
1120 657 1182 707 de
1231 655 1420 721 ignium
1470 656 1628 721 globis
1681 670 1741 705 ex
1779 653 1937 704 aare?
2010 654 2117 718 Ego
2167 660 2285 717 puto
2322 669 2432 704 esse
2486 655 2779 718 imperfecta
2812 657 3060 720 quaedam
3096 669 3327 721 corpora

591 729 852 789 cometica,
891 742 990 778 non
1025 729 1152 778 satis
1189 729 1474 784 sublimata
1515 741 1576 777 ex
1609 727 1827 776 materia
1862 725 2058 774 diversa
2092 731 2145 776 et
2180 726 2275 774 sibi
2312 727 2564 776 contraria
2598 733 2843 776 constare.

727 799 845 848 Jam
882 798 1118 848 describit
1150 799 1461 848 observatam
1499 811 1532 848 a
1567 811 1622 846 se
1659 796 1917 846 stellam
1962 796 2345 845 variabilem
2389 797 2441 844 in
2480 803 2591 847 ceto
2630 803 2681 846 et
2716 797 2790 847 sic
2827 797 3103 847 concludit:
3150 795 3315 856 Vale,

586 871 717 935 vige,
754 869 904 920 flore'
977 869 1123 919 Brevi
1159 869 1302 932 plura
1338 867 1398 916 de
1437 875 1633 918 cometa
1668 873 1754 916 tuo
1793 871 1846 915 et
1884 867 1994 916 aliis
2030 867 2251 916 habebis.
2328 865 2499 917 Scribe
2548 881 2738 931 quoque
2774 867 2919 925 mihi,
2974 881 3104 933 quae
3154 867 3325 917 fuerit

586 941 842 989 verissima
873 941 1154 1004 praecessio
1193 939 1614 1012 aequinoctiorum
1663 944 1887 1002 tempore
1922 937 2225 998 Ptolemaei,
2278 937 2475 1001 qualem
2522 944 2579 987 tu
2628 945 2841 1003 tuusque
2878 939 3193 1003 Hipparchus
3246 951 3321 988 α

590 1011 814 1076 diligenti
849 1017 1072 1060 veterum
1109 1005 1449 1060 observatione
1485 1010 1730 1059 invenitis.
1809 1007 1968 1069 Vale,
2004 1009 2071 1057 mi
2110 1009 2448 1058 amantissime
2488 1009 2736 1092 Keplereo,
2788 1015 2841 1060 et
2876 1011 3160 1060 diuturnmn
3194 1010 3317 1058 ‘n'vu

589 1095 652 1132 ao
687 1082 824 1137 vale,
873 1087 931 1130 ut
965 1087 1204 1146 tanquam
1242 1081 1387 1130 Atlas
1423 1081 1614 1130 coelum
1665 1095 1727 1130 ac
1763 1079 2029 1143 sphaeram
2071 1086 2162 1128 tua
2196 1080 2407 1128 scientia
2455 1080 2653 1137 fulcire,
2706 1081 2805 1129 imo
2841 1095 3079 1132 renovare
3129 1081 3315 1144 possin.

593 1151 734 1204 Deus
773 1151 835 1202 Ο.
873 1151 948 1202 M.
983 1152 1076 1200 tibi
1112 1152 1239 1201 vires
1278 1165 1338 1200 ae
1375 1165 1516 1202 suam
1555 1153 1770 1216 gratiam
1807 1151 2084 1214 largissime
2122 1149 2187 1199 ad
2224 1150 2276 1199 id
2310 1165 2430 1212 opus
2468 1151 2824 1200 communicet!
2875 1153 3053 1201 Amen.
3130 1149 3323 1201 Saluta

587 1228 728 1272 tuam
763 1225 899 1287 piam
934 1235 1134 1272 uxorem
1181 1230 1234 1272 et
1269 1235 1440 1270 omnes
1473 1221 1801 1284 Tycbonicos.
1878 1219 2159 1284 (Inscripsit
2210 1221 2304 1270 has
2340 1220 2511 1270 literas
2560 1223 2661 1271 sic·
2713 1221 3136 1271 Excellentissimc
3174 1218 3321 1273 Gu-

512 1295 522 1312 ¹
589 1307 766 1344 nareae
801 1293 1085 1356 Maiestatis
1124 1295 1416 1343 Astronomo
1463 1305 1524 1343 ac
1559 1292 1849 1342 Ptolemaeo
1887 1293 2183 1342 Germanico
2218 1291 2285 1341 D.
2322 1291 2372 1342 J.
2410 1292 2628 1356 Keplero
2642 1327 2656 1350 ,
2694 1293 2855 1341 surico
2891 1307 2979 1342 suo
3016 1293 3321 1342 suavissimo

591 1369 643 1415 et
676 1366 908 1422 uranico,
959 1365 1162 1414 uranico
1188 1369 1241 1414 et
1275 1364 1424 1413 unice
1460 1360 1709 1425 colendo.)
1751 1387 1816 1396 —
1857 1364 1933 1412 Ea
1956 1378 2085 1428 quae
2110 1363 2299 1428 reliqua
2322 1368 2439 1412 sunt
2464 1363 2640 1413 harum
2665 1363 2985 1427 epistolarum
3008 1361 3323 1412 notabiliora

589 1435 854 1486 referenda
887 1441 1028 1494 sunt,
1085 1440 1144 1483 ut
1179 1435 1406 1491 diximus,
1464 1435 1532 1484 ad
1565 1435 1712 1484 libros
1748 1434 1954 1497 Kepleri
2009 1435 2073 1484 de
2110 1433 2369 1497 Optica‚
2424 1433 2602 1485 Nova
2639 1433 2855 1484 Stella
2902 1441 2957 1486 et
2990 1436 3211 1484 maxima
3252 1447 3326 1482 ex

589 1511 732 1570 parte
768 1506 844 1557 de
881 1505 1092 1556 Marte
1107 1541 1122 1564 ,
1159 1505 1223 1556 de
1259 1520 1355 1570 quo
1379 1505 1632 1556 Fabricius
1668 1505 1914 1570 permulta
1939 1519 2096 1570 eaque
2121 1521 2221 1554 non
2247 1505 2444 1554 omnino
2470 1505 2741 1568 rejicienda
2765 1506 2831 1555 ad
2854 1506 3125 1570 Keplerum
3152 1505 3322 1554 dedit.

737 1786 884 1848 Quae
935 1799 1046 1837 oum
1086 1786 1196 1836 aliis
1231 1787 1550 1851 Keplerus
1598 1801 1688 1852 per
1720 1787 1891 1837 literas
1940 1787 2044 1853 egit
2093 1787 2156 1837 de
2200 1788 2345 1838 rebus
2387 1787 2692 1853 astrologicis
2731 1785 3136 1853 Calendariisque
3188 1789 3324 1846 suis.
3360 1783 3369 1794 '

594 1859 775 1923 partim
811 1873 962 1944 supra
995 1861 1350 1923 proposuimus,
1389 1860 1570 1923 partim
1605 1860 1801 1923 propius
1840 1860 2096 1924 attingunt
2128 1858 2307 1909 librum
2342 1859 2405 1909 de
2442 1856 2603 1909 Stella
2628 1859 2789 1909 Nova.
2865 1859 3157 1912 Praemissis
3180 1861 3329 1914 haee

737 1930 1085 2050 Nifflffiu:
1095 1999 1300 2050 Vicke
1339 1997 1665 2062 (Vickenius,
1725 1999 1877 2060 „.Sac
1916 1999 2063 2050 Caes.
2102 1998 2388 2062 Majestatis
2426 1999 2671 2066 dapifer“.
2722 2006 2924 2064 postea:
2980 2015 3047 2060 „a
3094 2001 3329 2052 consiliu

598 2071 890 2122 metallicis‘·
897 2067 920 2132 )
958 2071 1100 2134 plura
1136 2071 1241 2135 egit
1273 2087 1362 2134 per
1395 2071 1566 2120 literas
1604 2087 1715 2122 cum
1750 2072 1969 2135 Keplero
2009 2071 2357 2124 astronomica.
2394 2070 2483 2120 sed
2520 2085 2647 2135 quae
2684 2077 2972 2135 spectarent
3004 2073 3227 2122 maxima
3251 2088 3327 2122 ex

595 2149 742 2226 parte
779 2143 1093 2207 molegica.
1133 2140 1328 2206 (Comp.
1368 2142 1592 2192 Hansch.
1631 2159 1680 2206 p.
1719 2137 2046 2202 306—333.)
2118 2141 2325 2192 Praeter
2360 2141 2463 2191 alia
2497 2143 2695 2205 saepius
2733 2157 2766 2191 a
2800 2143 3019 2207 Keplero
3056 2144 3207 2206 petit,
3255 2150 3326 2194 ut

596 2215 690 2336 ἔξει
741 2213 1258 2334 variosoffdirigend?
1295 2214 1468 2264 modos
1521 2213 1748 2277 explicet.
1823 2214 1903 2265 Ad
1950 2213 2079 2264 haec
2126 2212 2381 2277 respondit
2414 2213 2739 2277 Keplerus
2784 2211 2857 2276 (d.
2896 2212 2947 2263 8.
2984 2214 3102 2264 Feb.
3146 2210 3326 2276 1611)

635 2299 734 2335 une
765 2301 819 2336 ιιι
851 2299 904 2336 ιιι
971 2297 1077 2336 um·

1027 2371 1416 2436 Nobilissime
1464 2372 1738 2448 Domine,
1787 2373 2017 2434 Fautor
2064 2369 2525 2436 colendissimo.

777 2461 930 2541 Legi
976 2461 1307 2523 Ptolemaei
1356 2461 1552 2522 locum
1599 2479 1730 2522 cum
1758 2461 2115 2536 attentione,
2166 2467 2227 2522 et
2266 2459 2471 2522 videor
2499 2460 2643 2524 mihi
2674 2481 2914 2523 sensum
2943 2467 3108 2524 recte
3140 2480 3323 2524 com-

601 2549 1026 2631 prehendisse,
1095 2569 1271 2634 quem
1334 2549 1679 2630 explicabO,
1743 2549 1928 2610 misso
1978 2509 2291 2625 Car’danO,
2360 2550 2529 2628 cujus
2586 2549 3125 2612 commentationes
3171 2557 3329 2612 sunt

603 2637 981 2701 obscuriores
1025 2638 1159 2719 ipso
1206 2639 1546 2699 Ptolemaei
1591 2644 1783 2713 textu,
1832 2646 1977 2720 puto
2022 2638 2395 2718 prolixitate,
2444 2639 2741 2702 varietate
2792 2638 3319 2718 imaginationum,

604 2728 807 2790 taedio
855 2727 1132 2791 lectionis
1173 2735 1237 2787 et
1278 2726 1599 2807 praecipue
1645 2726 1811 2787 vitiis
1862 2726 2338 2809 typographicis,
2363 2719 2417 2801 ⁰)
2526 2798 2533 2807 ¹

781 2816 916 2879 Duo
947 2816 1130 2896 igitur
1178 2815 1407 2877 dicam:
1465 2814 1528 2890 1)
1575 2816 2014 2878 Doctrinam
2063 2816 2569 2880 directionum
2615 2834 2689 2875 ex
2727 2824 2926 2877 mente
2954 2814 3316 2878 Ptolemaei.

606 2901 677 2980 2)
723 2904 1120 2967 Rationem
1166 2904 1682 2965 constituendi
1731 2903 1979 2966 domos
2029 2906 2438 2980 coelestes,
2490 2924 2565 2965 ex
2611 2904 2822 2964 eodem
2870 2912 3137 2966 auctore.

781 2994 875 3055 De
903 2991 1115 3072 primo,
1190 2991 1353 3053 Fieri
1405 2999 1638 3072 potest,
1689 3000 1756 3053 ut
1803 2991 2119 3055 Uardanus
2157 2994 2253 3056 hic
2298 2994 2709 3058 Ptolemaeum
2758 3011 2874 3054 non
2922 2992 3079 3054 male
3127 2992 3317 3053 intel-

605 3080 852 3155 lexerit3
901 3100 1016 3143 non
1057 3080 1216 3142 enim
1244 3100 1450 3143 omnes
1482 3078 1747 3143 Cardani
1775 3082 2190 3162 paragraphos
2222 3081 2618 3145 consideravi.
2688 3081 2778 3142 At
2806 3079 3021 3143 Stadio
3062 3082 3317 3142 multum

609 3171 801 3246 deest,
834 3188 948 3251 quo
995 3169 1190 3231 minus
1239 3189 1479 3231 sensum
1527 3178 1736 3233 teneat
1765 3171 2047 3246 auctoriS,
2100 3170 2238 3252 quia
2273 3171 2542 3255 omnibus
2572 3168 2863 3231 machinis
2893 3169 3007 3232 hoc
3054 3170 3199 3247 agit,
3251 3178 3323 3232 ut

610 3278 684 3320 ex
710 3257 1084 3321 Ptolemaico
1118 3258 1411 3339 dirigendi
1444 3258 1619 3321 modo
1651 3268 1928 3322 exstruat
1958 3260 2196 3321 modum
2227 3260 2493 3339 erigendi
2524 3258 2745 3338 figuras
2777 3260 3092 3321 coelestes
3162 3258 3317 3320 Pto-

608 3348 823 3411 lemaei
871 3347 1176 3409 sententia
1220 3347 1372 3409 haec
1419 3354 1545 3410 est:
1611 3348 1931 3411 videndum
1979 3368 2147 3424 esse,
2206 3357 2351 3429 quot
2396 3348 2684 3426 graduum
2733 3348 3083 3427 aequatoris
3138 3349 3318 3408 volu-

605 3436 766 3500 tione
815 3436 1237 3515 significatoris
1285 3436 1470 3499 situm
1516 3444 1877 3517 assequatur
1923 3437 2269 3517 promissor.
2363 3434 2523 3508 Quia
2552 3456 2695 3499 vero
2725 3436 3010 3498 zodiacus
3042 3435 3317 3515 obliquus

610 3534 722 3601 est,
776 3524 1023 3605 ejusque
1068 3532 1297 3605 partes,
1348 3524 1462 3587 nisi
1496 3526 1718 3587 fuerint
1747 3526 2071 3599 antisciae‚
2119 3534 2422 3607 nequeunt
2469 3526 2623 3586 idem
2672 3524 2988 3586 meridiani
3039 3526 3103 3587 e‘t
3147 3524 3319 3585 hori-

605 3613 800 3677 zontis
832 3620 1117 3694 punctum
1145 3614 1432 3689 transire,
1485 3612 1617 3676 ideo
1651 3614 1857 3676 definit
1884 3614 2303 3689 Ptolemaeus,
2354 3614 2493 3695 quid
2534 3614 2616 3675 sit
2645 3614 2937 3675 identitas
2977 3614 3131 3675 situs
3160 3612 3321 3673 inter

604 3711 813 3783 partes
841 3701 1072 3763 zodiaci
1101 3719 1219 3763 non
1250 3701 1557 3765 antiscias.
1650 3702 1802 3764 Eam
1842 3702 2120 3764 ‚definivit
2146 3723 2255 3785 per
2291 3703 2645 3765 identitates
2684 3702 2887 3764 circuli
2918 3702 3319 3782 positionum;

608 3800 750 3853 tunc
797 3790 954 3851 enim
998 3790 1424 3872 promissorem
1472 3792 1743 3853 obtinere
1792 3790 2046 3853 similem
2096 3791 2275 3854 situm
2329 3791 2522 3868 illius,
2592 3810 2763 3871 quem
2813 3791 3080 3853 habebat
3126 3787 3318 3870 signi-

606 3880 836 3950 ficator,
868 3879 918 3939 si
947 3880 1276 3957 promissor
1313 3878 1595 3941 inciderit
1625 3879 1681 3940 in
1716 3880 2001 3941 circulum
2032 3880 2369 3961 positioniS,
2411 3898 2583 3959 quem
2618 3880 2989 3959 significator
3018 3885 3317 3941 tenuerat.

608 3968 841 4030 Deinde
871 3968 1110 4047 quaerit
1144 3966 1307 4028 viam
1337 3976 1398 4029 et
1427 3968 1788 4045 methodum,
1840 3969 2133 4049 quomodo
2161 3970 2522 4050 perducatur
2550 3969 2878 4049 promissor
2906 3969 2981 4030 ad
3011 3968 3165 4031 hunc
3196 3968 3316 4029 cir·-

609 4058 826 4119 culum.
923 4052 1118 4126 Quum
1168 4064 1367 4118 autem
1417 4077 1531 4118 non
1565 4065 1881 4119 exstarent
1910 4058 2173 4132 tabulae,
2221 4057 2449 4119 similes
2480 4058 2606 4119 tab.
2658 4056 3048 4120 directionum
3086 4056 3317 4137 Regia-

611 4144 908 4219 montani,
978 4144 1189 4225 quibus
1256 4146 1706 4225 expeditissime
1759 4146 2068 4225 negotium
2134 4147 2211 4207 ad
2280 4155 2539 4208 mentem
2598 4146 2930 4208 Ptolemaei
2999 4146 3317 4225 perficitur,

611 4236 747 4298 ideo
809 4233 1080 4311 confugit
1125 4232 1534 4295 Ptolemaeus
1575 4236 1650 4296 ad
1699 4234 1939 4297 horaria
2000 4243 2302 4316 tempora,
2365 4244 2423 4297 et
2475 4234 2647 4307 dicit,
2708 4242 2845 4297 tunc
2903 4254 3038 4295 esse
3087 4234 3324 4296 diversa

610 4321 843 4387 zodiaci
899 4330 1124 4401 puncta
1169 4342 1347 4403 super
1394 4326 1601 4385 eodem
1634 4323 1854 4385 circulo
1884 4324 2219 4404 posidonia,
2270 4324 2328 4385 h.
2372 4344 2424 4385 e.
2466 4324 2522 4384 in
2566 4322 2747 4384 simili
2777 4324 2916 4397 situ,
2966 4324 3098 4385 cum
3129 4323 3319 4403 quod-

614 4412 766 4475 libet
803 4430 1006 4473 eorum
1052 4430 1158 4490 per
1189 4431 1329 4473 suas
1359 4413 1634 4493 proprias
1665 4414 1846 4474 horas
1879 4414 2241 4493 temporales
2292 4415 2427 4485 (seu
2455 4411 2859 4493 planetarias)
2909 4412 3150 4493 aequali
3190 4430 3319 4472 cum

613 4501 833 4565 ceteris
880 4505 1126 4560 numero
1175 4508 1437 4577 sumtaS,
1506 4522 1544 4562 a
1589 4502 1922 4564 meridiano
1983 4501 2289 4564 distiterit.
2384 4500 2521 4563 Jam
2581 4501 2764 4581 igitur
2826 4502 2937 4563 huc
2987 4499 3322 4563 devolvitur

615 4588 942 4668 negotium,
990 4594 1058 4649 ut
1095 4596 1405 4651 teneamus
1434 4589 1724 4651 rationem
1766 4598 1829 4653 et
1856 4591 2220 4664 methodum,
2275 4610 2391 4669 qua
2421 4590 2535 4651 duo
2568 4589 2807 4651 diversa
2838 4590 3068 4651 zodiaci
3099 4596 3323 4669 puncta

617 4676 858 4758 aequali
905 4676 1234 4739 interstitio
1281 4678 1561 4740 horarum
1610 4680 1818 4760 cuique
1866 4679 2238 4759 propriarum
2280 4680 2365 4740 M.
2403 4676 2474 4741 C.
2518 4679 2981 4753 admoveantur,
3032 4686 3099 4741 ut
3144 4677 3314 4740 simul

619 4775 822 4828 tamen
867 4764 1228 4843 innotescat,
1279 4776 1424 4848 quot
1452 4768 1676 4846 gradus
1709 4768 2055 4849 aequatoris
2084 4768 2476 4831 meridianum
2516 4776 2831 4830 transeant
2864 4766 3123 4843 interim,
3176 4767 3309 4828 dum

618 4874 770 4919 unus
815 4854 982 4917 locus
1031 4866 1172 4934 post
1202 4857 1381 4919 alium
1413 4857 1492 4919 ad
1519 4856 1671 4919 hunc
1701 4856 2039 4937 quaesitum
2070 4856 2429 4937 pervenerit.
2510 4856 2607 4921 Ad
2640 4857 2751 4919 hoc
2782 4866 2848 4919 ut
2876 4856 3315 4937 perveniamus,
