3634 5575
59 4717 82 5248 fflss-v’v-r--v-
59 4659 68 4688 v
59 4545 66 4566 σ
58 4487 60 4494 -
57 4435 62 4458 ·-·
57 4377 62 4392 -
58 4255 60 4264 -
57 4197 62 4222 -ο

667 368 710 437 s
1253 430 1264 443 .
1854 364 2177 417 ‘emim-

667 538 955 611 tempore,
1004 548 1136 591 cum
1183 528 1422 591 domum
1466 544 1704 599 venero,
1749 526 1974 591 videro.
2050 526 2125 589 D.
2163 526 2239 589 D.
2288 525 2763 588 Hafereffero
2811 526 3007 590 scribo
3054 527 3365 603 hactenus,

669 628 733 681 et
772 620 900 701 jam
945 618 1262 699 septimam
1305 618 1587 697 paginam
1637 616 1889 680 absolvi.
1966 614 2088 678 Sed
2138 616 2275 695 quia
2323 615 2381 677 id
2426 614 2621 678 adhuc
2668 616 2857 691 deest,
2908 618 3063 697 quod
3110 617 3365 697 potissi-

667 728 828 771 mum
874 706 1062 789 ipsius
1111 707 1432 787 cognitioni
1472 707 1741 785 subjicio,
1791 704 2124 786 expectabo
2154 704 2335 766 aliam
2360 705 2757 767 occasionem.
2824 705 2900 767 D.
2931 706 3017 767 M.
3049 706 3365 770 Miillero

669 797 810 879 quid
858 797 1091 871 faciam,
1143 796 1366 858 nescio.
1440 795 1668 857 Forsan
1715 812 1894 875 aegre
1943 796 2099 856 feret
2144 801 2248 856 aut
2292 793 2351 855 in
2398 793 2491 854 sui
2536 800 2899 855 contemtum
2942 796 3156 875 rapiet,
3208 796 3365 877 quod

669 883 1093 950 Calendarium
1137 885 1255 964 ipsi
1299 904 1416 947 non
1463 885 1617 959 misi,
1666 884 1766 964 qui
1811 902 1927 946 non
1974 883 2163 946 minus
2211 902 2281 945 ac
2328 883 2510 943 ceteri
2558 883 2636 944 ad
2672 882 2827 947 hunc
2866 883 3059 946 locum
3092 904 3183 947 me
3222 903 3363 965 pro-

669 976 878 1037 movit.
972 973 1094 1037 Sed
1140 975 1230 1036 ita
1274 973 1486 1047 habet,
1549 980 1618 1035 ut
1663 973 1785 1035 dixi
1832 970 2327 1053 praecedentibus
2374 971 2583 1033 literis.
2676 970 2964 1035 Sufficerc
3010 974 3367 1036 videbantur

669 1063 924 1144 singulis
969 1063 1242 1126 domibus
1289 1062 1542 1143 singula.
1617 1062 1746 1125 Nec
1793 1080 1927 1125 eum
1972 1061 2031 1123 iu
2080 1080 2321 1123 numero
2366 1078 2627 1123 meorum
2674 1060 2965 1123 sodalium
3010 1061 3218 1137 habeo,
3269 1062 3363 1125 cui

667 1153 814 1217 rude
843 1153 1149 1232 exemplar
1173 1152 1494 1225 mitterem,
1541 1170 1674 1214 cum
1717 1152 1935 1213 ceteris
1980 1151 2231 1213 dominis
2269 1148 2753 1229 praeceptoribus
2790 1149 2984 1231 ligata
3030 1152 3364 1214 obtulerim.

669 1244 898 1306 Forsan
930 1260 1138 1321 nempe
1171 1248 1233 1303 et
1259 1241 1461 1303 hocin
1499 1241 1718 1303 malam
1755 1248 1991 1320 partem
2029 1240 2384 1319 accepisset.
2443 1240 2613 1300 Nunc
2658 1238 2750 1302 ita
2793 1249 3197 1321 comparatum
3248 1248 3364 1316 est,

669 1341 736 1395 ut
780 1340 844 1393 et
887 1330 1196 1393 ridiculum
1242 1331 1504 1393 futurum
1549 1330 1631 1391 sit
1673 1348 1906 1402 munus,
1955 1336 2021 1391 et
2063 1328 2307 1391 difficile
2350 1336 2718 1407 comparatu,
2766 1328 2882 1390 nisi
2928 1330 3075 1392 rude
3120 1338 3183 1391 et
3230 1330 3363 1391 dis-

669 1422 950 1483 solutum.
1018 1418 1418 1502 Typographo
1463 1418 1621 1481 enim
1667 1428 1731 1481 et
1775 1418 1919 1481 mihi
1965 1436 2079 1481 non
2126 1418 2275 1479 bene
2322 1416 2617 1481 convenit.
2684 1416 2928 1479 Summa
2956 1437 3069 1481 non
3108 1418 3367 1499 amplius

668 1516 765 1572 est
809 1526 1026 1591 operae
1070 1508 1354 1589 pretium,
1403 1526 1514 1571 nec
1560 1508 1661 1571 ille
1709 1508 1865 1569 tanti
1912 1509 2095 1570 faciet
2139 1506 2250 1568 has
2292 1525 2515 1586 nugas,
2574 1513 2643 1568 ut
2685 1514 3007 1586 propterea
3047 1508 3366 1571 irascatur.

669 1598 797 1671 (Illi
843 1598 1090 1661 multam
1135 1605 1199 1659 et
1241 1596 1745 1659 officiosissimam
1789 1597 2023 1661 ascribo
2068 1596 2379 1668 salutem.)
2446 1594 2781 1657 Pessimum
2826 1597 3097 1677 equidem
3144 1614 3369 1659 morem

667 1687 866 1762 affinis
923 1687 1011 1749 tui
1059 1686 1490 1759 (Burckhardi)
1548 1686 1757 1761 audio,
1821 1686 2109 1766 doleoque
2166 1685 2359 1746 vicem
2414 1683 2625 1764 optimi
2678 1678 2890 1765 patris.
2984 1682 3108 1748 Sed
3156 1693 3370 1747 sancte

669 1777 917 1852 affirmo,
964 1795 1060 1838 me
1105 1776 1252 1838 nihil
1297 1794 1554 1856 unquam
1599 1775 1674 1837 de
1719 1794 1791 1837 eo
1838 1794 1911 1837 ne
1948 1794 2055 1855 per
2093 1776 2315 1837 famam
2352 1774 2587 1856 quidem
2626 1774 2951 1855 accepisse,
3002 1774 3118 1836 nisi
3164 1774 3369 1855 stupi-

667 1866 938 1939 ditatem,
989 1864 1042 1927 si
1088 1866 1236 1926 bene
1283 1865 1540 1927 memini.
1607 1866 1911 1927 Fortassis
1955 1864 2195 1945 putabit
2228 1863 2308 1925 D.
2342 1882 2530 1938 socer,
2578 1882 2672 1925 me
2720 1883 2833 1926 non
2882 1884 2958 1927 ex
3004 1865 3206 1938 astriS,
3258 1864 3371 1927 sed

668 1974 744 2017 ex
783 1956 942 2017 fama
976 1954 1241 2036 proferre
1279 1954 1428 2015 haec
1459 1953 1703 2033 judicia.
1751 1954 2047 2016 Libellum
2074 1954 2331 2033 petitum
2360 1952 2699 2026 (Rhaetici)
2730 1954 3049 2033 descripsit
3075 1954 3160 2015 M.
3192 1954 3371 2015 Heu-

667 2044 823 2106 ricus
871 2041 1169 2107 Creber-us
1217 2042 1387 2115 (olim
1433 2043 1889 2123 stipendiarius)
1936 2042 2034 2123 qui
2080 2043 2175 2104 hic
2232 2041 2472 2110 haeret,
2530 2060 2776 2124 meoque
2834 2044 3102 2105 conclavi
3160 2043 3369 2117 utitur,

667 2133 1026 2194 obtinendae
1073 2150 1180 2213 spe
1229 2132 1586 2193 conditionis
1635 2132 1906 2211 alicujus.
1998 2132 2186 2193 Dedit
2228 2131 2340 2192 hoc
2385 2132 2793 2213 praeceptoris
2844 2132 2933 2193 sui
2978 2132 3237 2206 meritiS,
3300 2139 3377 2193 ut

669 2240 822 2294 eum,
871 2221 924 2284 si
953 2228 1065 2297 est,
1115 2221 1378 2283 laborem
1408 2229 1688 2283 sumeret.
1756 2220 2081 2283 Schemata
2126 2220 2419 2301 quaedam
2463 2237 2573 2299 ego
2612 2220 2841 2282 correxi
2889 2228 2994 2282 aut
3038 2222 3371 2284 construxi.

670 2308 832 2381 Quid
876 2310 1138 2373 vicissim
1182 2318 1404 2389 petam,
1454 2330 1568 2371 nou
1616 2327 1764 2389 opus
1811 2318 1911 2373 est
1952 2309 2317 2389 conjectura.
2392 2310 2552 2371 Tuus
2597 2310 2835 2371 auditor
2878 2326 3015 2371 esse
3061 2311 3218 2373 volo.
3296 2308 3371 2371 Si

671 2400 930 2462 fortasse
975 2418 1093 2462 vox
1138 2400 1404 2478 peritura
1447 2400 1728 2461 metuitur
1772 2400 1832 2462 in
1878 2407 2055 2461 tauta
2089 2398 2400 2473 distantia,
2447 2396 2869 2473 Emdschochii
2915 2418 3126 2461 manus
3172 2398 3371 2461 inter-

669 2488 885 2551 nuncia
931 2496 1084 2551 esto.
1177 2486 1353 2560 Quod
1401 2496 1704 2567 superest,
1751 2488 2023 2551 omnibus
2070 2486 2221 2549 meis
2270 2486 2755 2568 praeceptoribus
2803 2489 3175 2569 caeterisque
3220 2506 3372 2572 pro-

670 2577 997 2641 fessoribus
1045 2576 1189 2639 VV.
1241 2576 1334 2641 Cl.
1387 2575 1833 2639 foelicissimum
1888 2597 2104 2639 annum
2158 2595 2398 2657 precor,
2453 2576 2881 2657 plurimamque
2937 2577 3192 2639 salutem
3249 2578 3373 2639 im-

666 2666 920 2747 pertior,
970 2674 1038 2729 ut
1081 2674 1147 2729 et
1190 2666 1584 2729 suavissimae
1625 2674 1766 2728 tuae
1813 2666 2071 2747 conjugi.
2264 2742 2273 2749 .

847 2754 1085 2819 Graetii
1132 2754 1193 2822 8.
1251 2752 1329 2820 18
1374 2756 1512 2819 Jan.
1561 2775 1660 2818 an.
1709 2751 1815 2819 95.
2179 2754 2295 2818 Ex.
2343 2754 2413 2817 T.
2508 2752 2906 2818 Gratissimus
2954 2754 3279 2836 discipulus

2640 2845 2735 2908 M.
2780 2845 2885 2908 Jo.
2935 2844 3191 2926 Kepler.

811 2979 985 3044 (inser.
1060 2981 1338 3033 Clarissimo
1382 2982 1482 3032 viro
1527 2981 1593 3032 D.
1633 2981 1702 3032 M.
1742 2981 1977 3033 Michaeli
2022 2983 2287 3034 Maestlino
2332 2983 2617 3036 Matheseos
2663 2987 2715 3036 in
2762 2987 3022 3038 academia
3066 2987 3373 3054 Tubingensi

670 3053 937 3105 Professori
974 3055 1291 3106 celeberrimo
1305 3090 1320 3112 ‚
1357 3053 1672 3118 Praeceptori
1707 3069 1816 3104 meo
1856 3053 2059 3105 colendo
2097 3056 2162 3106 ad
2196 3070 2388 3106 manus.
2464 3056 2600 3108 Calw
2636 3061 2685 3108 in
2723 3056 3120 3126 Wiertemberg.)

811 3230 1045 3282 Rhaetici
1079 3231 1270 3286 librum.
1308 3245 1451 3296 quem
1486 3233 1620 3282 misit
1653 3231 1899 3296 Keplerus
1936 3233 2229 3297 descriptum
2264 3231 2547 3289 Maestlino.
2586 3235 2718 3286 hunc
2756 3235 2902 3288 dicit:
2942 3237 3044 3296 ‚,G.
3084 3235 3132 3285 J.
3168 3235 3371 3288 Rhetici

675 3303 736 3354 de
771 3304 1017 3367 triquetris
1051 3309 1299 3352 rectarum
1344 3303 1584 3354 linearum
1628 3304 1679 3352 in
1727 3304 1931 3367 planitie
1948 3339 1962 3360 ‚
2012 3304 2134 3354 liber
2176 3305 2362 3354 unus.“
2430 3305 2570 3356 Inest
2603 3307 2734 3358 idem
2769 3307 2893 3357 liber
2928 3309 3061 3371 operi
3096 3308 3362 3371 inscripto:

676 3374 810 3439 Opus
844 3373 1119 3436 palatinum
1155 3375 1218 3424 de
1251 3373 1534 3439 triangulis,
1574 3387 1608 3424 a
1638 3375 1699 3436 G.
1738 3374 1788 3424 J.
1823 3371 2032 3427 Rhetico
2070 3381 2323 3439 coeptum,
2362 3375 2424 3426 L.
2462 3376 2667 3428 Valent.
2706 3377 2907 3439 Otho,
2944 3378 3183 3442 Principis
3216 3378 3369 3430 Pala-

674 3447 768 3496 tini
801 3445 1034 3496 Friderici
1071 3445 1142 3494 lv
1179 3445 1418 3496 Electoris
1453 3445 1839 3497 Mathematicus
1874 3447 2231 3500 consummavit
2262 3447 2523 3500 Neostadii
2561 3448 2715 3500 1596.

816 3516 896 3566 De
931 3513 1204 3578 Rhaetica,
1242 3518 1390 3566 toties
1426 3519 1474 3566 in
1512 3519 1734 3582 sequenti
1771 3517 1891 3568 libro
1924 3518 2154 3581 laudato,
2187 3517 2316 3568 haec
2353 3521 2605 3570 addimus:
2661 3520 2823 3572 Natus
2861 3528 2937 3572 est
2973 3521 3211 3586 Georgius
3244 3519 3367 3570 Joa·

677 3589 864 3640 chimus
887 3587 1206 3638 Feldkirchae
1233 3589 1320 3645 „in
1339 3588 1608 3648 Rhaetia“,
1645 3589 1776 3639 unde
1801 3604 2072 3655 cognomen
2099 3592 2295 3654 accepit
2316 3591 2662 3650 Rhaetici,
2690 3607 2820 3642 anno
2848 3589 3001 3642 1514.
3058 3593 3202 3642 Anno
3232 3587 3368 3639 1537

675 3659 991 3724 witebergae
1025 3675 1202 3709 munus
1237 3661 1454 3723 suscepit
1487 3659 1872 3711 mathematicae
1905 3661 2213 3724 profes-oris.
2250 3661 2367 3710 inde
2380 3695 2398 3724 ‚
2442 3662 2581 3714 fama
2617 3663 2870 3727 Cepernici
2908 3663 3177 3722 adductus,
3216 3663 3367 3712 Frue-

675 3733 882 3796 burgum
919 3730 985 3781 ad
1019 3731 1156 3780 illum
1191 3744 1321 3780 anno
1359 3726 1495 3778 1539
1533 3730 1771 3788 discessit,
1809 3740 1862 3781 et
1886 3732 2183 3796 aliquamdiu
2210 3730 2467 3796 Cepernici
2501 3733 2673 3785 stadiis
2708 3735 2943 3786 interfuit.
3010 3735 3181 3786 Rediit
3210 3735 3371 3784 wite·-

677 3803 879 3867 bergam
931 3817 974 3852 c.
1023 3815 1208 3852 annum
1248 3797 1408 3858 1541,
1462 3801 1610 3865 paulo
1663 3811 1774 3865 post
1817 3809 1985 3853 autem
2032 3799 2221 3864 (1543)
2272 3804 2338 3853 ad
2389 3804 2661 3856 docendam
2710 3807 3115 3857 mathematicam
3150 3806 3371 3870 Lipsiam

677 3879 882 3923 vocatus
919 3879 1009 3922 est.
1073 3871 1316 3938 Denique,
1353 3873 1529 3924 relicta
1563 3873 1749 3937 Lipsia,
1789 3873 2016 3924 discessit
2048 3876 2100 3923 in
2125 3873 2377 3926 Poloniam
2416 3882 2469 3924 et
2490 3875 2815 3944 Hungariam‚
2852 3879 3015 3942 ibique
3053 3873 3370 3940 (Cassoviae)

679 3945 882 3994 moritur
931 3956 1061 3994 anno
1103 3939 1236 3992 1576
1271 3951 1532 4008 praesente
1570 3944 1741 3995 eodem
1786 3945 1868 3994 illo
1906 3943 2126 4002 Othone.
2180 3947 2258 3995 cui
2302 3947 2513 3996 moriens
2563 3963 2684 4012 opus
2730 3963 2871 3999 suum
2918 3950 3371 4015 trigonometricum

679 4014 924 4067 edendnm
957 4014 1176 4064 tradidit.

819 4086 1024 4136 Literae
1057 4084 1356 4136 Rhaetici
1391 4086 1457 4136 ad
1479 4085 1854 4137 Schonerum
1890 4085 2177 4143 („Nas·rafio
2212 4091 2372 4154 prima
2404 4092 2467 4144 de
2492 4092 2623 4142 libris
2648 4087 3025 4143 Revolutionum
3050 4128 3063 4142 .
3082 4129 3093 4142 .
3114 4128 3127 4142 .
3146 4127 3159 4140 .
3186 4092 3367 4156 Coper-

681 4159 780 4209 uici
815 4153 969 4218 aff)
1005 4155 1089 4206 IX.
1129 4156 1233 4207 Cal.
1275 4156 1386 4207 Oct.
1417 4155 1553 4207 ¹539
1590 4159 1740 4208 datae
1775 4166 1907 4216 sunt.
1944 4160 2149 4223 primum
2184 4161 2449 4225 impressae
2488 4165 2680 4215 Gedani
2716 4178 2765 4214 a.
2804 4161 2940 4212 ¹540
2971 4165 3227 4234 'et0denuo
3262 4164 3367 4215 Ba-

680 4229 832 4279 sileae
869 4241 918 4278 a.
960 4224 1121 4286 15⁴1;
1159 4243 1383 4279 annexae
1419 4235 1534 4279 sunt
1567 4230 1771 4279 eaedem
1796 4231 1927 4293 operi
1956 4229 2209 4298 Cepernici
2230 4234 2461 4285 Basileae
2496 4235 2629 4286 edito
2666 4249 2712 4285 a.
2751 4231 2903 4284 1566.
2960 4235 3203 4287 Weidlero
3237 4241 3371 4286 teste

685 4298 835 4362 (Bibl.
877 4296 1022 4360 astr.)
1069 4300 1245 4363 prodiit
1291 4315 1337 4350 a.
1383 4299 1515 4349 ¹550
1552 4300 1684 4365 Lips.
1721 4299 1951 4352 Rhaetici
1986 4303 2269 4367 Ephemeris
2319 4320 2397 4360 cxx
2425 4307 2758 4357 fundamentis
2808 4306 3089 4372 Copernici,
3140 4321 3187 4358 a.
3230 4305 3369 4357 1542

685 4371 840 4421 edidit
873 4370 1144 4421 Rhaeticns
1183 4371 1435 4434 Copemici
1479 4369 1652 4420 librum
1697 4372 1760 4422 de
1806 4372 2040 4424 lateribus
2091 4379 2143 4424 et
2193 4376 2384 4441 angulis
2429 4377 2781 4443 triangulorum
2819 4375 2910 4428 dte.
2960 4391 3090 4428 anno
3129 4376 3265 4428 1545
3294 4375 3367 4440 (ἲ)

689 4441 742 4493 S.
779 4441 926 4491 Βοιαὶ
962 4440 1176 4492 libellum
1212 4443 1276 4492 de
1311 4443 1431 4492 anni
1465 4443 1655 4492 ratione
1692 4442 1780 4494 ac.
1819 4443 2149 4510 Witebergae.

827 4511 1008 4562 Incerti
1043 4527 1257 4564 rumores
1293 4512 1354 4564 de
1390 4513 1622 4564 Rhaetici
1656 4516 1784 4572 vita,
1822 4518 1902 4578 qui
1936 4523 2153 4580 tempore
2170 4511 2393 4580 ‘Kepleri
2426 4520 2557 4570 inter
2592 4526 2894 4570 astronomos
2932 4521 3169 4586 divulgati
3206 4527 3369 4578 erant,

689 4581 821 4632 nullo
855 4583 1078 4633 nituntur
1113 4586 1319 4635 certiore
1353 4583 1689 4642 fundamento,
1727 4602 1770 4634 v.
1799 4602 1842 4634 c.
1877 4602 2003 4650 quae
2026 4587 2208 4652 Papius
2233 4591 2413 4653 scribit,
2450 4590 2715 4646 „Rhaetici
2750 4593 3003 4658 ingenium
3038 4593 3371 4656 voluptatibus

689 4655 742 4703 in
775 4653 983 4703 Polonia
1015 4654 1298 4706 hebetatum
1335 4655 1522 4706 fuisse“
1559 4653 1798 4717 (Hansch.
1840 4673 1883 4722 p.
1926 4655 2032 4715 7⁴).
2098 4659 2259 4720 Quam
2292 4662 2396 4725 ipse
2430 4661 2672 4726 Keplerus
2708 4663 2757 4712 in
2796 4665 2949 4728 praef.
2990 4664 3056 4714 ad
3092 4662 3369 4714 Comment-

690 4723 916 4775 Motnum
951 4723 1129 4774 Martis
1163 4726 1284 4777 dicit
1317 4726 1559 4784 fabulam,
1598 4727 1792 4792 legatur
1828 4729 1957 4778 dicto
1991 4729 2114 4780 loco.

831 4797 874 4846 Ε
909 4795 1158 4846 Maestlini
1192 4800 1504 4862 responsione
1539 4796 1612 4857 (d.
1649 4799 1698 4848 d.
1738 4797 1786 4848 4.
1829 4797 1891 4848 14
1926 4800 2043 4852 Feb.
2083 4799 2175 4862 95)
2220 4802 2345 4852 haec
2380 4803 2728 4854 desumsimus:
2773 4805 2987 4856 libellum
3023 4805 3255 4856 Rhaetici
3291 4805 3369 4854 lu-

661 4853 970 4924 ⁸bentirsime
1001 4867 1114 4922 vidi.
1169 4868 1344 4928 Video,
1381 4885 1492 4920 eum
1527 4869 1595 4919 ibi
1631 4871 1981 4936 &angulorum
2016 4873 2373 4926 rectilineomm
2408 4874 2964 4939 doctrinamentum
3002 4878 3065 4928 de
3100 4877 3369 4942 sphaericis
