3634 5575
1450 402 1776 459 emo-nium.-
2188 388 2193 395 ’
2872 400 2959 478 33

249 578 372 621 non
423 566 664 623 moveat
707 560 856 623 haec
903 562 1244 625 calumnia?
1323 561 1635 628 Recordor
1677 564 1839 629 illius
1887 566 1975 627 tui
2022 566 2121 627 ovi
2166 564 2957 647 Christophomcolumbani.

251 647 515 710 Scilicet
557 648 814 726 homini,
873 670 1006 715 cum
1061 652 1326 727 videret,
1386 652 1605 733 habere
1661 674 1754 716 me
1811 655 2100 717 adversos
2147 657 2347 735 magni
2394 656 2647 717 nominis
2692 656 2855 719 viros
2900 656 2961 719 in

250 756 452 799 cansa
503 738 792 819 conjugii,
853 739 1084 819 placuit
1139 742 1333 805 oleum
1387 744 1620 805 camino
1680 744 1901 809 addere
1948 753 2015 806 et
2058 763 2251 807 meam
2297 744 2799 807 existimationem
2844 764 2963 807 una

249 845 394 889 cum
443 826 718 989 cogjssgio
763 827 822 889 in
883 829 1078 892 fumos
1125 848 1326 910 agere.
1419 829 1546 895 Sed
1599 833 1772 895 venio
1830 834 1907 894 ad
1972 834 2241 895 tabulam
2302 852 2443 915 pag.
2493 830 2575 897 76
2624 836 2729 897 uc.
2794 834 2961 909 (vide

249 924 464 979 annot.
635 962 648 977 .

437 1004 736 1068 Existimo
784 1026 880 1069 me
926 1006 1102 1069 hodie
1149 1008 1206 1069 in
1256 1007 1536 1072 tribunali
1583 1011 1813 1073 sedere.
1899 1010 2101 1091 Usque
2149 1011 2299 1072 adeo
2348 1011 2563 1073 obruor
2608 1012 2727 1073 tuis
2775 1029 2960 1073 excu-

248 1094 617 1157 sationibus.
709 1094 868 1159 Ecce
913 1115 1092 1177 qnam
1137 1114 1424 1184 operosus
1483 1118 1548 1159 es
1609 1100 1677 1160 in'
1727 1100 1967 1180 negotio
2014 1100 2377 1162 mendorum.
2468 1100 2604 1163 Non
2652 1120 2781 1162 sum
2828 1118 2959 1179 ego,

249 1184 592 1247 clarissime
641 1185 698 1247 d.
745 1186 1144 1266 Praeceptor,
1197 1205 1274 1249 ex
1319 1206 1520 1249 eorum
1568 1208 1837 1264 numero,
1898 1188 2023 1269 qui,
2081 1188 2197 1250 nisi
2243 1189 2585 1269 ephippium
2632 1208 2765 1251 cum
2811 1207 2960 1271 equo

250 1274 470 1343 dones,
521 1292 736 1354 equum
763 1275 984 1337 nudum
1011 1275 1342 1338 remittunt.
1417 1277 1546 1339 Nec
1593 1278 1770 1340 aliter
1815 1287 2147 1340 erratorum
2192 1279 2533 1358 catalogum
2578 1278 2733 1352 misi,
2784 1296 2961 1359 quam

249 1371 322 1427 ut
369 1362 466 1424 ita
511 1364 905 1444 subjungatur
951 1364 1102 1426 calci
1150 1365 1364 1439 libelli,
1413 1366 1468 1427 si
1513 1385 1630 1428 non
1677 1376 1915 1448 tempus
1961 1368 2023 1429 id
2066 1368 2407 1448 prohibeat.

441 1450 706 1537 Rursum
749 1472 888 1515 ecce
932 1453 1056 1515 alia
1103 1454 1415 1515 excusatio
1453 1456 1526 1516 de
1555 1456 1799 1519 Rhetici
1838 1456 2201 1533 narratione,
2249 1456 2415 1537 cujus
2462 1474 2573 1536 ego
2620 1472 2737 1515 non
2781 1452 2963 1515 aliam

250 1542 332 1605 ob
381 1546 532 1615 rem,
583 1562 762 1621 quam
804 1550 1051 1623 propter
1097 1550 1347 1619 sumtuS,
1395 1545 1758 1607 mentionem
1805 1546 1938 1609 feci.
2030 1544 2326 1626 Equidem
2372 1546 2569 1618 cred0‚
2620 1542 2963 1605 existimare

249 1638 354 1705 te,
422 1631 582 1693 lecto
637 1650 755 1693 uno
811 1640 991 1712 atque
1039 1632 1229 1694 altero
1275 1632 1458 1695 verbo
1506 1634 1665 1696 illius
1712 1654 1880 1697 meae
1938 1636 2271 1714 epistolae,
2336 1642 2397 1695 te
2449 1633 2689 1714 penitus
2736 1650 2967 1694 omnem

251 1739 509 1801 operam
555 1720 792 1783 inanem
837 1721 1092 1795 locasse,
1143 1721 1367 1802 tibique
1415 1722 1546 1801 ejus
1593 1726 1751 1804 apud
1797 1744 1891 1787 me
1938 1742 2171 1786 omnem
2207 1723 2457 1803 periisse
2494 1722 2769 1803 gratiam.
2846 1718 2967 1783 Cur

251 1818 470 1871 autem
515 1809 673 1871 illius
719 1829 814 1871 me
857 1810 1244 1873 Narrationis
1289 1808 1632 1893 poeniteat,
1699 1833 1878 1893 quam
1936 1814 2161 1893 primus
2216 1831 2327 1892 ego
2383 1811 2732 1892 cupiebam,
2794 1817 2861 1871 ut
2905 1809 2967 1871 iu

249 1898 524 1979 epistola
569 1898 646 1959 ad
692 1898 768 1960 D.
821 1898 898 1961 D.
947 1900 1383 1963 Haferefferum
1429 1899 1788 1965 Stuccardia
1831 1903 2019 1965 missa
2065 1910 2329 1965 testatus
2384 1921 2543 1975 sum,
2606 1900 2967 1980 subjungere

249 2006 394 2051 meo
446 1988 780 2068 opusculo?
872 1988 1022 2051 Tum
1070 1996 1270 2051 autem
1313 1990 1416 2053 ille
1463 1990 1859 2055 dissuaserat.
2236 2006 2243 2019 ¹

441 2074 740 2140 Carminis
787 2077 865 2139 ad
913 2078 1201 2141 tabellam
1247 2080 1480 2142 authori
1529 2081 1861 2152 Leibfrido,
1909 2081 2183 2162 quamvis
2228 2079 2431 2157 ignoto
2479 2080 2551 2139 de
2602 2078 2773 2153 facie,
2822 2095 2968 2157 gra-

250 2168 380 2230 tias
431 2186 548 2246 ago
587 2185 694 2246 pro
735 2167 992 2229 honesta
1027 2188 1138 2229 sua
1183 2168 1494 2231 voluntate
1543 2179 1606 2231 et
1639 2170 1869 2249 judicio
1918 2172 1991 2233 de
2037 2189 2167 2232 me:
2217 2169 2419 2247 illique
2467 2168 2729 2230 vicissim
2760 2185 2965 2228 exem-

252 2256 397 2337 plar
445 2255 718 2335 opusculi
761 2258 937 2331 dono,
985 2258 1122 2319 dum
1169 2256 1309 2337 quid
1354 2258 1442 2320 illi
1494 2277 1671 2338 porro
1721 2279 1951 2340 quoque
1996 2260 2221 2321 servire
2268 2258 2514 2337 possim,
2562 2255 2911 2335 intelligam.

443 2346 638 2406 Venio
704 2346 782 2407 ad
845 2344 1134 2419 Schema,
1173 2344 1320 2426 Cap.
1387 2342 1492 2409 22.
1601 2347 1683 2409 Et
1747 2368 1923 2421 sane,
2008 2349 2107 2427 qui
2174 2348 2471 2425 hucusque
2535 2346 2788 2425 legendo
2852 2364 2971 2407 non

253 2434 540 2513 concepit
585 2434 984 2514 suspicionem
1027 2436 1280 2524 alicujus
1325 2442 1467 2498 tuae
1513 2436 1886 2513 offensionis,
1936 2437 1987 2499 is
2025 2438 2157 2517 jam
2203 2435 2536 2515 concipiet:
2588 2434 2723 2495 dum
2773 2434 2973 2495 omnia

253 2525 449 2587 etiam
494 2524 684 2585 verba
725 2523 980 2605 regeris,
1038 2525 1210 2604 quasi
1267 2525 1530 2605 litiganti
1576 2526 1719 2589 mihi
1766 2526 2055 2590 tenereris
2102 2526 2466 2604 singulorum
2514 2522 2778 2585 rationes
2824 2523 2967 2583 red·

253 2615 424 2675 dere.
517 2612 678 2693 Ego,
739 2632 890 2693 quae
937 2613 1340 2692 superioribus
1387 2615 1578 2677 literis
1627 2616 1702 2677 de
1747 2616 1861 2677 hac
1907 2636 1971 2677 re
2007 2614 2258 2694 scripsi,
2309 2632 2421 2674 non
2466 2612 2710 2691 scripsi,
2760 2619 2827 2674 ut
2869 2612 2969 2672 in-

257 2703 552 2775 dicarem,
599 2721 692 2765 me
739 2702 931 2764 adhuc
979 2703 1204 2783 aliquid
1251 2702 1624 2779 desiderare:
1674 2707 1784 2767 sed
1828 2714 1897 2767 ut
1940 2705 2206 2777 videres,
2256 2720 2433 2784 quam
2480 2702 2563 2763 sit
2606 2700 2748 2763 mihi
2794 2708 2971 2780 grata

255 2793 579 2866 correctio,
629 2801 697 2854 ut
741 2793 841 2873 qui
887 2793 1068 2854 etiam
1111 2793 1246 2873 plus
1285 2795 1500 2873 corrigi
1537 2795 1814 2874 optarim.
1890 2795 2049 2858 Dum
2086 2803 2286 2856 autem
2312 2791 2493 2871 juxta
2520 2798 2969 2873 praeceptorem

255 2901 459 2946 meum
505 2900 686 2960 agere
731 2901 848 2943 uon
893 2882 1168 2957 desistis,
1229 2890 1292 2943 et
1335 2879 1642 2962 negotium
1697 2885 1771 2946 de
1830 2893 2125 2965 aequante
2182 2882 2477 2962 explicas,
2540 2881 2721 2954 faciS,
2782 2887 2850 2941 ut
2894 2897 2967 2940 ne

255 2991 420 3034 nunc
467 2971 704 3052 quidem
749 2990 844 3032 me
891 2979 1058 3034 tuum
1093 2971 1334 3050 jactare
1373 2972 1725 3052 discipulum
1766 2974 2059 3036 desistere
2098 2972 2340 3052 possim,
2390 2970 2564 3030 modo
2595 2969 2708 3030 sim
2738 2967 2965 3031 docilis,

257 3063 342 3124 Et
393 3081 544 3122 saue
593 3060 722 3140 jam
781 3061 1015 3124 demum
1061 3061 1362 3141 negotium
1408 3063 1702 3140 intelligO.
1795 3063 1925 3125 Nec
1972 3063 2165 3124 minus
2212 3077 2423 3122 sanum
2454 3065 2531 3140 ,et
2575 3058 2718 3119 illud
2768 3057 2969 3119 consi·-

257 3152 410 3215 lium
457 3150 532 3212 de
579 3149 962 3212 moderandis
1009 3149 1100 3212 his
1149 3150 1678 3228 speculationibus.
1745 3150 1904 3214 Ecce
1934 3152 2009 3214 de
2036 3151 2209 3212 Luna
2240 3147 2710 3228 philosophema,
2760 3154 2969 3208 natum

255 3240 423 3303 inter
469 3239 875 3313 scribendum,
933 3240 1034 3300 vix
1089 3239 1334 3302 dimisso
1391 3240 1624 3315 nunti0,
1683 3243 1756 3302 se'
1805 3241 1999 3320 ipsum
2058 3239 2199 3302 mihi
2248 3239 2319 3300 de
2370 3236 2637 3299 falsitate
2683 3234 2963 3314 prodidit.

257 3329 518 3392 Scilicet
544 3328 766 3390 accidit
793 3328 954 3404 mihi,
1003 3329 1158 3409 quod
1188 3329 1281 3403 iis,
1332 3330 1432 3409 qui
1473 3338 1694 3391 motum
1725 3339 2083 3408 ,perpetuum
2126 3327 2574 3390 machinantur:
2625 3333 2691 3387 ut
2736 3324 2969 3387 scilicet

255 3438 366 3500 pro
420 3427 586 3480 motu
633 3417 1043 3498 aequilibrium
1090 3418 1370 3492 habeant,
1419 3427 1582 3480 motu
1627 3428 1854 3479 motum
1902 3424 2359 3498 compensante:
2410 3416 2496 3476 sic
2534 3415 2724 3488 Luna,
2774 3433 2967 3494 quan-

257 3519 386 3571 tum
417 3526 646 3588 pernox
689 3507 1022 3586 promoveri
1068 3507 1346 3582 debebat,
1395 3517 1626 3568 tantum
1667 3508 1851 3568 silens
1901 3506 2282 3585 impediretur
2330 3504 2550 3582 (comp.
2595 3512 2797 3565 annot.
2831 3499 2965 3576 62).

441 3597 583 3659 Jam
629 3596 708 3658 ad
752 3606 994 3676 pactum
1039 3597 1196 3676 quod
1252 3597 1508 3658 attinet:
1569 3597 1750 3657 etiam
1806 3616 1899 3657 me
1956 3603 2157 3656 sumtu
2217 3594 2416 3654 levare
2465 3599 2786 3654 statueras,
2880 3594 2969 3654 At

256 3707 372 3768 ego
421 3685 590 3762 nolo,
639 3703 772 3748 cum
818 3704 1002 3766 opera
1047 3685 1230 3748 etiam
1273 3685 1590 3764 pecuniam
1634 3686 1917 3748 insumas,
2013 3681 2173 3754 Quin
2224 3691 2287 3743 ut
2334 3699 2519 3761 nuper
2565 3681 2806 3761 scripsi,
2858 3699 2964 3742 ac-

257 3779 418 3856 cipio
465 3773 598 3840 200
643 3775 1025 3855 exemplaria,
1073 3775 1297 3856 tibique
1343 3775 1452 3836 illa
1499 3771 1584 3836 50
1623 3775 1887 3855 relinquo
1938 3773 2076 3834 doni
2124 3774 2272 3846 loco,
2324 3771 2374 3832 si
2422 3787 2623 3832 eorum
2668 3770 2777 3830 tibi
2826 3789 2966 3832 usus

261 3877 379 3929 est.
477 3865 586 3927 Sin
636 3872 840 3928 autem
883 3883 1002 3926 nou
1049 3865 1298 3926 totidem
1343 3862 1456 3926 tibi
1509 3881 1658 3942 opus
1717 3871 1842 3937 est,
1900 3882 2007 3936 ea,
2070 3861 2280 3941 quibus
2337 3860 2606 3920 abundas
2661 3859 2819 3920 inter
2864 3878 2967 3920 eos

261 3955 626 4017 distribuere
682 3953 936 4035 patiaris
1001 3953 1260 4034 aliquem
1313 3953 1797 4032 stipendiarium,
1868 3969 2111 4032 quorum
2176 3949 2273 4010 hic
2330 3949 2553 4028 accipis
2610 3948 2969 4027 catalogum.

264 4043 504 4116 Quibus
549 4061 725 4124 porro
773 4043 1034 4104 dandum
1080 4050 1388 4115 autumas,
1445 4060 1539 4102 me
1587 4041 1823 4104 omnino
1871 4041 2285 4103 consentiente
2335 4038 2590 4100 dederis.
2684 4035 2983 4099 Fortasse

263 4141 527 4215 quatuor
571 4133 818 4196 decanis
865 4131 1064 4194 danda
1119 4131 1374 4210 singula.
1469 4127 1726 4192 Omnino
1784 4139 2026 4210 praeter
2082 4150 2191 4206 ea,
2260 4126 2473 4210 quibus
2534 4144 2640 4206 pro
2704 4135 2765 4186 te
2823 4144 2971 4205 opus

263 4223 478 4298 habes,
527 4221 930 4304 quadraginta
975 4222 1036 4282 in
1072 4221 1540 4298 Wirtembergia
1583 4228 1885 4282 maneant.
1963 4218 2032 4280 Si
2078 4237 2225 4300 quos
2272 4224 2501 4279 sumtus
2544 4216 2606 4276 iu
2655 4213 2973 4296 ligaturam

263 4313 516 4386 feceriS,
576 4331 690 4392 ego
732 4311 1080 4391 praestabo,
1177 4309 1402 4370 Verum
1449 4310 1724 4372 existimo
1767 4308 2065 4388 'pleraque
2118 4308 2279 4370 nuda
2336 4303 2775 4376 distribuenda,
2838 4321 2970 4366 cum

265 4421 384 4464 non
435 4401 664 4480 faciant
699 4401 927 4479 justum
977 4399 1258 4462 libellum.
1347 4399 1440 4460 De
1487 4399 1738 4478 pecunia
1783 4416 1959 4476 spero
2009 4415 2101 4458 me
2160 4397 2319 4458 intra
2366 4391 2409 4456 2
2454 4411 2689 4456 meuses
2736 4392 2811 4454 ab
2860 4411 2968 4455 ac-

265 4490 464 4571 ceptis
509 4489 946 4570 exemplaribus
987 4487 1488 4568 Gruppenbachio
1526 4494 1995 4568 prospectui-um.
2070 4483 2421 4564 Marpachio
2468 4489 2719 4563 expecto
2774 4479 2854 4546 12
2882 4483 2965 4559 fl.,

266 4578 620 4659 Waiblinga
665 4569 786 4661 8¹),
845 4579 937 4648 fl.,
993 4577 1318 4656 Esselinga
1363 4597 1401 4638 a
1447 4576 1700 4656 quodam
1756 4583 2031 4637 curatore
2082 4571 2573 4651 Wirteinbergico
2619 4571 2967 4636 Heerwarto
3066 4643 3077 4651 ‚

271 4667 354 4732 10
403 4670 496 4742 ss.,
555 4687 736 4749 quam
783 4687 1074 4730 summam
1119 4666 1246 4747 ejus
1293 4666 1446 4728 filius
1493 4665 1588 4728 hic
1635 4685 1674 4726 a
1718 4683 1808 4724 me
1857 4673 2061 4726 mutuo
2088 4661 2348 4735 sumsit,
2408 4670 2473 4721 et
2514 4679 2621 4740 per
2666 4681 2805 4724 suos
2849 4680 2966 4741 pa-

267 4767 475 4820 rentes
533 4777 720 4838 usque
779 4758 858 4819 ad
914 4759 1134 4820 festum
1177 4756 1570 4818 Pentecostes
1619 4751 2123 4833 Gruppenbachio
2180 4757 2622 4812 numeraturum
2673 4749 2964 4830 promisit.

267 4848 438 4911 Nihil
486 4845 581 4910 hic
626 4847 823 4909 oneris
871 4846 984 4909 tibi
1029 4847 1327 4926 imponere
1375 4844 1585 4909 audeo.
1677 4843 1812 4920 Ipse
1862 4851 2061 4904 tamen
2112 4839 2643 4921 Gruppenbachius
2689 4840 2965 4902 Esselin-

269 4955 520 5038 gensem
565 4944 629 4999 et
662 4935 1182 5018 Waiblingensem
1227 4952 1516 4998 summam
1563 4933 1752 5011 (apud
1797 4930 1959 4996 illius
2006 4930 2121 4993 Ioci
2166 4930 2453 4992 decanum
2496 4928 2774 5004 Lucium)
2820 4947 2965 5009 pro-

411 5041 590 5094 rupi-11
616 5041 755 5092 open
777 5040 814 5084 ι.
2512 5029 2546 5084 3
