3634 5575
681 362 824 433 30.
1866 366 2189 419 mmm

623 572 626 575 -
857 525 1112 601 (Eri-ata
1157 532 1399 606 prae-ter
1443 545 1520 587 ea
1565 544 1716 607 quae
1763 526 2029 607 proxime
2072 525 2231 601 misi,
2276 532 2419 587 sunt
2444 524 2629 589 haec:
2652 525 2735 587 in
2772 525 3005 589 tabella
3042 527 3073 589 I
3116 525 3338 589 lineae
3366 520 3411 586 2

681 637 720 678 a
765 612 805 695 15
854 624 918 677 et
959 616 1020 690 ‘14
1067 616 1345 679 circulum
1394 614 1444 689 ῼ
1493 623 1776 765 tanglpnt‚
1836 634 1970 677 cum
2017 618 2067 691 ὃ
2118 614 2406 677 deberent
2460 615 2663 677 orbem
2706 622 2977 701 tangere,
3068 615 3138 679 P.
3192 613 3411 677 4912

681 705 981 807 margine,
1031 704 1224 766 scribe
1272 702 1525 775 Quarta.
1620 700 1826 769 P,80
1874 704 1949 765 ad
1996 699 2036 783 5
2084 710 2181 765 est
2230 700 2308 765 15
2357 702 2454 779 γ’,
2514 712 2713 767 utrum
2759 704 2871 767 hoc
2914 704 3008 766 ita
3054 702 3411 767 correxeris

618 860 630 873 ,
681 794 902 855 nescio,
975 793 1108 873 Ego
1153 813 1212 856 n,
1259 792 1476 874 scripsi
1529 789 1609 854 10
1654 791 1744 869 Υ.
1834 793 1904 855 Ρ.
1954 789 2029 855 81
2087 794 2125 854 l,
2178 790 2262 856 18
2306 792 2609 871 sortiatur,
2658 793 2701 855 1,
2751 788 2837 855 22
2882 794 3084 856 boreo,
3174 793 3261 855 P.
3318 788 3411 855 82

683 885 722 943 l,
773 880 858 946 20
904 881 1116 958 didita,
1162 901 1221 961 p.
1271 878 1357 945 83
1407 883 1446 944 l,
1495 879 1535 945 3
1583 882 1864 957 Maxime,
1917 881 1956 943 l,
2006 878 2066 944 8.
2117 880 2511 956 diademate.)

621 1084 630 1091 ·
857 1004 989 1086 Ego
1036 1026 1180 1069 sane
1227 1024 1344 1067 non
1391 1005 1480 1066 ita
1525 1023 1720 1065 essem
1764 1002 2105 1083 impudens,
2164 1012 2231 1065 ut
2274 1004 2353 1066 H.
2404 1012 2569 1065 tuam
2612 1002 2807 1067 instar
2862 1004 3070 1068 famuli
3131 1004 3411 1082 alicujus

683 1115 816 1157 cum
853 1095 1002 1157 meis
1040 1095 1273 1157 scilicet
1299 1093 1706 1174 mandatis-ad
1740 1092 2305 1173 Gruppenbachium
2336 1094 2708 1173 ablegarem3
2756 1095 2893 1173 quin
2941 1093 3141 1172 potius
3187 1095 3408 1172 ipsum

611 1258 616 1261 Ι
683 1203 796 1264 ego
823 1202 931 1263 per
959 1182 1275 1264 epistolam
1302 1183 1670 1262 alloquerer:
1720 1181 1853 1257 nisi,
1905 1182 2044 1261 quid
2071 1182 2229 1244 inter
2266 1200 2373 1243 vos
2412 1181 2543 1260 jam
2582 1190 2765 1243 antea
2792 1182 3156 1256 convenerit,
3210 1180 3407 1262 quid-

683 1292 794 1353 que
841 1272 982 1334 mihi
1029 1272 1400 1334 scribendum
1447 1270 1546 1345 sit,
1595 1270 1951 1350 ignorarem.
2018 1270 2103 1333 Et
2147 1290 2291 1332 sane
2331 1290 2509 1352 quam
2546 1269 3033 1333 molestissimum
3078 1272 3225 1332 mihi
3284 1278 3409 1343 est,

682 1380 886 1423 omnes
933 1370 1061 1425 tres
1108 1361 1476 1435 tabellariOS,
1528 1360 1626 1441 qui
1674 1379 1780 1420 nos
1828 1358 2048 1422 isthinc
2096 1360 2335 1435 adeunt,
2387 1360 2701 1421 advenisse
2750 1360 2877 1422 sine
2924 1359 3408 1441 exemplaribus,

683 1449 918 1512 Obnixe
946 1468 1114 1531 rogo,
1161 1457 1231 1512 ut
1273 1448 1526 1528 primum
1572 1449 1672 1529 qui
1717 1468 1783 1511 se
1832 1448 2115 1511 obtulerit
2160 1448 2540 1511 tabellarium
2586 1456 2683 1510 tot
2708 1448 2971 1510 oneretis
3020 1449 3407 1529 exemplari-

681 1540 814 1614 buS,
865 1547 1010 1620 quot
1054 1539 1155 1601 ille
1204 1538 1510 1600 commode
1559 1538 1710 1599 ferre
1757 1545 1979 1619 potest,
2042 1538 2178 1601 Nisi
2224 1538 2378 1601 enim
2426 1537 2662 1599 octiduo
2700 1544 2840 1617 post
2874 1538 3105 1618 pascha
3132 1538 3409 1599 babeam

684 1628 1089 1707 exemplaria:
1139 1626 1384 1689 comitia
1428 1626 1534 1688 illa
1579 1627 1918 1706 neglexero,
2004 1624 2334 1689 Steinlinus
2382 1626 2529 1688 nihil
2576 1626 2653 1687 ad
2702 1646 2793 1687 me
2842 1626 2957 1688 nisi
3003 1645 3151 1706 opus
3201 1628 3405 1689 abso·

686 1718 876 1779 lutum
923 1736 1078 1779 esse,
1153 1716 1245 1777 De
1292 1716 1470 1777 titulo
1517 1716 1736 1795 figurae
1784 1736 2009 1777 aeneae
2056 1715 2203 1777 nihil
2250 1715 2527 1778 existimo
2564 1716 2957 1790 scribendum,
3008 1734 3289 1795 speranS,
3344 1715 3409 1777 id

685 1806 988 1886 negotium
1031 1813 1136 1867 tuo
1184 1804 1434 1867 consilio
1473 1804 1604 1884 jam
1641 1812 1823 1866 antea
1858 1805 2007 1867 bene
2038 1804 2297 1867 habere:
2348 1823 2478 1867 cum
2508 1804 2819 1885 negaverit
2848 1803 3408 1885 Gruppenbachius

687 1894 745 1956 in
796 1894 985 1957 literis
1033 1894 1110 1955 ad
1157 1913 1252 1955 me
1301 1893 1460 1955 datis
1509 1912 1712 1954 mense
1758 1892 2077 1969 Januario,
2137 1912 2203 1955 se
2247 1912 2427 1973 posse
2472 1892 2694 1956 diutius
2751 1894 3022 1970 differre,
3088 1912 3273 1975 quam
3326 1892 3409 1955 ad

687 1982 1001 2046 nundinas,
1095 1982 1164 2045 Si
1211 1990 1411 2044 tamen
1460 1982 1650 2043 adhuc
1698 1982 1756 2043 in
1807 2002 1877 2044 eo
1938 1984 2215 2044 haereret
2268 1982 2717 2065 typographus:
2770 1982 2901 2062 jam
2958 2001 3069 2063 ego
3125 1982 3408 2045 animum

687 2092 881 2135 meum
926 2072 1178 2152 explicO,
1228 2078 1522 2133 staturum
1566 2070 1834 2133 vestrum
1881 2072 2175 2133 communi
2223 2070 2489 2133 consilio,
2573 2071 2767 2133 Vides
2813 2072 3079 2134 rationes
3124 2070 3407 2134 instituti

687 2161 822 2224 mei,
899 2162 1162 2223 Primam
1205 2160 1435 2223 inventi
1473 2159 1791 2238 imaginem
1831 2161 2162 2223 obtuleram
2198 2160 2485 2240 principi:
2532 2168 2743 2241 typum
2786 2160 3065 2240 imaginis
3113 2161 3407 2222 nolebam

689 2250 858 2331 quasi
908 2250 1200 2325 suffurari,
1250 2250 1359 2310 sed
1404 2256 1734 2310 mutuatum
1773 2250 2061 2311 confiteri.
2140 2247 2207 2311 Si
2256 2250 2431 2312 aliter
2477 2248 2586 2311 tibi
2634 2249 2886 2325 videtur,
2936 2250 3095 2311 idem
3140 2258 3207 2311 et
3254 2249 3406 2313 mihi

621 2397 635 2405 .
689 2339 1004 2402 videbitur,
1102 2336 1306 2401 Causa
1349 2337 1502 2399 levis
1550 2344 1665 2399 est.
1741 2338 1907 2400 Deus
1956 2337 2100 2419 Opt.
2149 2339 2314 2400 Max,
2407 2336 2484 2399 Η.
2532 2344 2697 2401 tuam
2744 2339 2821 2400 ad
2867 2336 3039 2418 Reip,
3089 2340 3407 2401 literariae

687 2426 1060 2491 commodum
1106 2426 1443 2490 diutissime
1493 2436 1825 2489 conservet,
1917 2428 2097 2490 Vale,
2197 2424 2280 2491 10
2322 2428 2468 2491 Feb,
2518 2435 2596 2491 st,
2646 2447 2704 2490 n,
2754 2446 2891 2490 ann,
2954 2424 3135 2516 1597,

863 2543 942 2606 D,
991 2543 1068 2605 D,
1113 2540 1211 2605 Jo,
1265 2541 1760 2605 Oberndorfferus
1819 2542 2086 2605 medicus
2139 2542 2587 2624 provincialium
2649 2544 2855 2622 ignoto
2909 2542 3022 2605 tibi
3046 2534 3054 2543 ’
3079 2544 3406 2623 plurimam

689 2634 946 2697 salutem
993 2632 1175 2705 dicit,
1241 2652 1312 2693 ac
1359 2648 1540 2711 saepe
1588 2650 1665 2692 ex
1708 2650 1802 2692 me
1861 2632 2130 2712 quaerit,
2189 2640 2387 2693 utrum
2435 2630 2781 2695 calendarii
2835 2631 3140 2713 negotium
3200 2634 3403 2695 adhuc

689 2742 893 2798 verses
941 2722 1051 2783 sub
1076 2714 1398 2790 manibus,
1448 2720 1542 2781 cui
1589 2719 1728 2800 quid
1772 2720 2194 2801 respondeam,
2251 2720 2412 2783 aliud
2460 2742 2574 2783 non
2624 2720 2844 2796 habe0‚
2904 2741 3083 2803 quam
3128 2741 3401 2803 occupa-

690 2812 885 2875 tiones
939 2821 1078 2895 tuas
1100 2858 1115 2885 ,
1183 2809 1558 2890 potissimum
1613 2828 1761 2890 quas
1814 2829 1929 2890 ego
1988 2810 2100 2872 tibi
2161 2830 2373 2873 creem.
2466 2812 2527 2873 Is
2578 2811 2712 2892 jam
2759 2811 3091 2873 discessum
3136 2833 3174 2873 a
3219 2811 3401 2874 nobis

689 2901 1088 2980 Ratisponam
1136 2899 1319 2974 (unde
1369 2898 1648 2959 oriundus
1709 2899 1836 2972 est)
1900 2898 2261 2962 meditatur:
2329 2907 2393 2960 et
2454 2909 2739 2980 quantum
2794 2901 3012 2981 colligo
3071 2901 3232 2981 apud
3285 2921 3399 2963 vos

691 2987 1049 3070 professoris
1095 2987 1420 3050 stationem
1466 2985 1789 3049 desiderat,
1886 2985 2114 3050 Scribit
2160 2987 2345 3050 libros
2393 2990 2467 3050 de
2514 2989 2790 3065 venenis,
2851 2989 2997 3052 item
3044 2991 3401 3053 nomencla-

691 3089 888 3140 turam
934 3076 1325 3158 simplicium:
1377 3075 1794 3138 celeberrimus
1841 3076 1899 3139 in
1950 3085 2098 3151 arte,
2151 3077 2441 3140 celebrior
2488 3079 2621 3141 ideo
2671 3079 2905 3140 futurus
2941 3078 3001 3140 in
3042 3079 3296 3158 theoria,
3348 3077 3403 3140 si

692 3166 898 3230 vivat„
974 3165 1098 3229 Sed
1145 3167 1216 3228 de
1266 3185 1334 3226 eo
1380 3165 1459 3228 D.
1510 3162 1967 3248 Schweiggerus
2014 3169 2188 3247 plura
2233 3166 2346 3228 tibi
2391 3168 2611 3230 referre
2656 3175 2883 3250 potest,

869 3283 948 3345 D,
999 3281 1507 3344 Zimmermannus
1552 3277 1782 3359 pridem
1829 3280 1940 3342 tibi
1984 3299 2156 3342 suam
2211 3281 2469 3344 salutem
2522 3283 2745 3345 ascribi
2788 3283 3015 3362 jussit:
3076 3281 3189 3352 hoc
3234 3291 3400 3346 tem·

639 3424 645 3430 .
693 3391 838 3454 pore
883 3373 961 3434 ob
1008 3370 1309 3433 decretum
1357 3377 1602 3431 senatus
1648 3369 1710 3432 in
1765 3389 1953 3433 causa
2006 3369 2113 3432 filii
2168 3370 2262 3432 sui
2316 3371 2605 3452 iniquiore
2652 3380 2751 3434 est
2794 3370 3010 3434 animo,
3104 3369 3219 3436 Cui
3266 3391 3401 3434 cum

695 3481 808 3542 ego
855 3461 1019 3523 hisce
1066 3458 1275 3522 diebus
1321 3457 1730 3520 vehementius
1777 3459 2085 3540 aliquanto
2142 3459 2535 3535 restitissem,
2600 3461 2833 3541 culpam
2888 3459 2996 3522 filii
3048 3461 3317 3541 corrupti
3365 3481 3403 3522 a

699 3551 990 3614 facultate
1034 3547 1450 3629 philosophica
1494 3547 1552 3610 in
1601 3548 1752 3611 alios
1799 3549 2205 3612 transferens:
2254 3567 2363 3630 per
2404 3549 2862 3630 imprudentiam
2888 3549 3031 3612 mihi
3057 3549 3214 3613 irato
3253 3569 3400 3614 ver-

695 3641 845 3708 bum,
877 3641 988 3704 hoc
1035 3637 1292 3700 excidit:
1339 3637 1438 3698 vel
1479 3635 1804 3699 Maestlino
1852 3646 2010 3700 teste
2058 3637 2295 3718 culpam
2339 3638 2399 3701 in
2446 3647 2639 3702 matre
2685 3638 2966 3713 residere,
3016 3657 3169 3719 quae
3214 3640 3401 3704 filium

695 3729 940 3792 licentia
994 3725 1340 3806 corruperit,
1442 3725 1574 3786 Hoc
1629 3726 1787 3787 dicto
1854 3728 2047 3789 facem
2104 3727 2335 3788 camino
2396 3728 2671 3802 subdidi,
2737 3746 2851 3807 quo
2911 3727 3048 3806 igne
3104 3728 3399 3795 Dominae

696 3819 927 3884 animus
973 3817 1149 3878 simul
1196 3833 1326 3878 cum
1373 3823 1480 3875 tua
1526 3814 1688 3876 fama
1733 3816 1975 3894 flagrat,
2022 3816 2131 3877 sed
2177 3815 2311 3896 igne
2362 3817 2560 3891 fatuo:
2609 3835 2783 3898 quem
2826 3823 2998 3878 tanto
3044 3818 3236 3880 minus
3286 3838 3397 3882 cu·

697 3908 880 3975 rabis,
928 3924 1040 3988 quo
1087 3902 1456 3986 perspectior
1501 3903 1612 3965 tibi
1658 3911 1757 3966 est
1791 3903 1981 3982 ipsius
2012 3905 2261 3968 animus,
2340 3904 2729 3968 Scribendum
2757 3914 2957 3968 autem
2984 3909 3208 3982 censui,
3258 3908 3399 3988 quia

695 3997 925 4062 minata
969 4004 1095 4068 est,
1143 4013 1207 4056 se
1255 3994 1366 4055 hoc
1412 3991 1523 4054 tibi
1568 3990 1667 4055 vel
1709 4011 1817 4071 per
1865 3992 2075 4054 literas
2121 3993 2217 4055 vel
2262 4013 2369 4074 per
2414 3995 2691 4058 nuncium
2734 3997 3261 4076 exprobraturum:
3323 4015 3397 4058 ue

699 4087 932 4149 scilicet
976 4083 1204 4148 sinistri
1251 4081 1394 4161 quid
1439 4079 1512 4143 de
1559 4099 1652 4142 me
1699 4080 2123 4160 suspicareriS,
2181 4089 2363 4162 atque
2419 4091 2487 4146 ut
2530 4085 2685 4147 hunc
2730 4104 2989 4148 errorem
3033 4086 3177 4148 mihi
3223 4095 3397 4150 tanto

697 4165 979 4238 libentius
1027 4171 1428 4244 condonares,
1479 4168 1568 4246 si,
1615 4190 1728 4252 quo
1774 4177 1955 4251 pacto
2004 4170 2318 4245 acciderit,
2366 4173 2531 4254 prius
2576 4193 2745 4236 esses
2792 4175 3060 4238 edoctus.

872 4289 1052 4352 Vale,
1734 4285 1814 4348 H,
1864 4285 2029 4349 Tuae
2738 4288 2913 4352 Grat,
2957 4290 3127 4353 Disc,

2506 4481 2523 4492 ,
2628 4395 2721 4458 Μ.
2771 4395 2915 4460 Joh.
2960 4396 3222 4480 Kepler,

841 4591 1129 4642 Absolutum
1163 4603 1282 4653 opus
1319 4585 1732 4640 Maestlinus
1769 4587 1816 4636 d,
1856 4583 1905 4636 9.
1945 4583 2062 4649 (19)
2099 4585 2271 4638 Martii
2303 4586 2377 4638 his
2412 4589 2569 4639 verbis
2606 4591 2812 4642 nunciat
2846 4591 3093 4657 Keplero:

847 4687 1042 4750 „Qum
1075 4688 1257 4744 laetor,
1294 4685 1362 4735 D.
1397 4685 1549 4734 stater
1585 4683 1909 4742 amicissime,
1958 4685 2209 4736 Prodi-omi
2246 4687 2319 4735 tui
2352 4687 2568 4737 libellum
2602 4688 2803 4739 tandem
2842 4691 2909 4740 ad
2944 4690 3091 4740 finem
3128 4690 3391 4744 deductum

703 4777 828 4814 esse.
901 4760 1079 4825 Longa
1110 4772 1250 4808 mora
1282 4757 1390 4806 fuit.
1461 4755 1665 4820 Speravi
1699 4755 1750 4804 id
1785 4756 1917 4806 brevi
1954 4756 2229 4806 absolutum
2262 4759 2347 4816 iri,
2384 4759 2496 4808 ideo
2532 4772 2706 4821 passus
2742 4775 2875 4817 sum.
2912 4769 2970 4812 ut
3004 4764 3195 4812 interea
3228 4777 3391 4813 meum

703 4835 935 4898 :eripiam
970 4829 1256 4886 differretur,
1291 4829 1436 4894 idque
1468 4841 1581 4877 meo
1617 4828 1806 4892 ingenti
1844 4841 1955 4876 cum
1986 4827 2305 4878 incommodo.
2373 4829 2505 4880 Nam
2539 4830 2654 4880 inde
2692 4832 2889 4894 accidit,
2928 4839 2985 4882 ut
3018 4847 3183 4883 meum
3220 4841 3392 4884 contra

704 4903 1040 4958 calendarium
1074 4913 1250 4954 novum
1283 4901 1515 4964 scriptum
1551 4903 1669 4950 aute
1703 4897 1951 4952 nundinas
1974 4899 2160 4952 absolvi
2180 4913 2281 4950 non
2302 4901 2533 4963 potuerit.
2566 4905 2708 4966 eujus
2732 4905 2901 4970 gratia
2922 4905 2975 4956 in
2997 4918 3239 4971 maguam
3260 4904 3391 4970 apud
