3634 5575
593 357 728 434 ns
899 379 908 388 ·
1689 361 1939 428 Apologia
1971 359 2219 424 τγὼω.

594 525 1009 610 hypotheseos
1057 539 1096 585 a
1139 530 1268 584 tam
1313 520 1629 602 praeclaro
1675 537 1861 600 opere
1906 520 2165 582 lectores
2212 517 2724 586 absterrerentur,
2770 516 2896 578 ista
2942 515 3115 595 quasi
3164 515 3333 577 leni-

595 621 802 678 menta
867 613 1032 694 operi
1091 609 1504 690 Copernicano
1569 608 1963 688 praemittere
2017 607 2303 670 voluisse.
2398 605 2767 686 Copernicus
2832 605 3069 684 quidem
3128 603 3335 664 stoica

595 703 902 782 rigiditate
951 701 1298 762 obfirmatus
1345 698 1526 760 animi
1574 717 1758 759 sensa
1801 695 2057 760 candide
2106 695 2222 759 sibi
2268 695 2611 774 profitenda
2656 693 2920 773 putavit,
2972 692 3159 753 etiam
3188 711 3332 754 cum

599 788 912 872 dispendio
957 789 1133 870 hujus
1181 787 1494 850 scientiae.
1589 783 1918 860 Osiander,
1978 784 2155 846 utilia
2196 783 2393 863 magis
2443 783 2559 845 arti
2601 789 2849 844 secutus
2870 829 2886 855 ‚
2942 780 3333 842 verissimam

601 877 921 959 copon-niel
969 885 1032 939 et
1078 875 1299 938 seriam
1347 875 1709 936 sententiam
1755 873 2132 954 praefatione
2180 892 2293 934 sna
2350 869 2563 933 maluit
2618 869 2941 933 occultare.
3034 867 3331 930 Valuerit

603 985 753 1030 sane
821 965 1134 1028 consilium
1187 965 1301 1026 hoc
1349 960 1636 1025 Osiandri
1690 979 1800 1042 per
1864 963 1977 1024 hos
2026 958 2113 1025 60
2159 979 2378 1022 annos:
2446 967 2683 1039 tempus
2740 959 2871 1037 jam
2926 958 3175 1020 tandem
3228 963 3335 1018 est

599 1057 757 1118 hanc
796 1054 1276 1128 simulationem,
1339 1058 1408 1112 ut
1455 1049 1598 1114 mihi
1671 1051 1913 1130 quidem
1954 1049 2223 1124 videtur,
2290 1046 2367 1109 ex
2410 1049 2665 1129 privatis
2713 1045 3001 1109 Osiandri
3047 1045 3333 1125 epistolis

599 1145 740 1206 dete
783 1160 904 1206 ere.

742 1162 936 1295 gNam
981 1244 1114 1292 cum
1161 1226 1530 1308 Cepernicus
1597 1244 1754 1288 anno
1805 1222 2003 1289 1540.
2052 1223 2187 1287 Cal.
2234 1222 2359 1287 Jul.
2417 1225 2496 1286 ad
2542 1221 2911 1286 Osiandrum
2956 1220 3333 1305 scripsisset,

599 1319 688 1383 sic
741 1316 830 1382 illi
883 1321 1046 1381 iuter
1097 1325 1304 1379 cetera
1357 1315 1684 1398 respondet
1729 1313 2033 1376 Osiander
2088 1331 2243 1374 anno
2286 1309 2475 1376 1541.
2524 1310 2631 1375 20.
2678 1313 2863 1392 Apr.:
2931 1311 3067 1384 „De
3127 1311 3333 1393 hypo-

599 1407 876 1472 thesibus
924 1424 1036 1486 ego
1085 1407 1172 1467 sic
1219 1405 1383 1466 sensi
1429 1421 1688 1484 semper,
1739 1421 1857 1464 non
1906 1419 2043 1462 esse
2090 1402 2375 1463 articulos
2404 1401 2560 1475 fidei,
2610 1402 2719 1462 sed
2758 1400 3147 1462 fundamenta
3192 1399 3333 1461 cal-

601 1495 738 1568 culi,
789 1497 879 1557 ita
922 1503 1020 1568 ut,
1083 1493 1320 1556 etiamsi
1369 1493 1562 1554 falsae
1609 1491 1760 1564 sint,
1816 1491 1993 1553 modo
2038 1497 2303 1552 motuum
2350 1511 2670 1569 φαενομετα
2716 1497 2929 1550 exact-e
2984 1489 3335 1562 exhibeant,

607 1583 756 1646 nihil
803 1585 1062 1657 referat3
1109 1583 1242 1661 quis
1289 1581 1447 1642 enim
1493 1598 1605 1643 nos
1651 1578 1936 1642 certiores
1983 1579 2214 1653 reddet,
2267 1597 2343 1639 an
2374 1577 2537 1640 Solis
2582 1577 2921 1658 inaequalis
2966 1585 3167 1640 motus
3214 1595 3335 1637 no·-

521 1743 528 1754 ,
607 1672 766 1734 mine
828 1667 1080 1752 epicycli
1145 1690 1222 1731 an
1268 1669 1504 1755 nemine
1553 1669 2026 1730 eccentrieitatis
2075 1668 2415 1744 contingat,
2478 1667 2529 1728 si
2576 1667 2919 1729 Ptolemaei
2960 1666 3338 1748 hypotheses

611 1779 962 1839 sequamur,
999 1777 1132 1820 cum
1178 1755 1238 1818 id
1285 1757 1482 1837 possit
1526 1765 1861 1836 utrumque.
1955 1754 2162 1826 Quare
2208 1755 2528 1834 plausibile
2578 1756 2705 1816 fore
2742 1756 3067 1829 videretur,
3118 1755 3170 1815 si
3216 1757 3337 1818 hac

611 1848 684 1908 de
733 1865 798 1910 re
844 1848 904 1909 iu
952 1845 1328 1926 praefatione
1377 1845 1642 1907 nonnihil
1673 1846 2030 1924 attingeres.
2127 1842 2230 1906 Sic
2262 1844 2415 1905 enim
2446 1843 2809 1922 placidiores
2847 1844 3133 1905 redderes
3160 1845 3337 1924 peri-

607 1937 954 2018 patheticos
1020 1941 1086 1996 et
1137 1934 1485 2011 theologos,
1555 1951 1704 2014 quos
1751 1933 2232 1995 contradicturos
2279 1932 2563 1994 metuis.“
2664 1932 2763 1994 Ad
2820 1931 3139 2014 Rheticum
3184 1951 3338 1994 vero

609 2023 818 2088 eodem
849 2024 946 2086 die
975 2024 1064 2085 sie
1093 2022 1303 2085 scribit
1332 2020 1666 2084 Osiauder:
1716 2020 2195 2102 „peripathetici
2258 2029 2322 2083 et
2370 2020 2635 2100 theologi
2684 2021 2863 2083 faci-le
2910 2021 3337 2102 placabantur,

607 2113 662 2176 si
709 2112 1042 2186 audierint,
1111 2111 1381 2190 ejusdem
1439 2111 1788 2191 apparentis
1836 2118 2033 2174 motus
2078 2109 2283 2172 varias
2336 2127 2471 2170 esse
2532 2127 2711 2189 posse
2758 2111 3154 2191 hypotheses,
3222 2129 3339 2171 nec

611 2217 722 2264 eas
780 2199 981 2264 afferri
1031 2201 1188 2280 quod
1235 2207 1400 2260 certo
1445 2201 1537 2261 ita
1583 2200 1737 2272 sint,
1785 2199 1893 2260 sed
1952 2199 2109 2279 quod
2154 2199 2447 2261 calculum
2495 2198 2847 2278 apparentis
2905 2205 2969 2261 et
3014 2198 3339 2278 compositi

609 2297 811 2353 motus
855 2307 1036 2370 quam
1083 2287 1566 2356 commodissime
1612 2287 1923 2367 gubernet,
1974 2295 2039 2348 et
2082 2287 2209 2349 fieri
2254 2305 2452 2367 posse,
2502 2295 2571 2348 ut
2598 2287 2753 2348 alius
2784 2287 2911 2368 quis
2942 2287 3095 2349 alias
3134 2287 3339 2369 hypo-

609 2379 818 2442 theses
867 2377 1204 2458 excogitet3
1251 2383 1315 2438 et
1361 2375 1655 2456 imagines
1703 2377 1799 2438 hic
1849 2384 2045 2455 aptas,
2092 2376 2195 2438 ille
2242 2375 2539 2454 aptiores,
2590 2376 2843 2438 eandem
2890 2384 3089 2438 tamen
3128 2384 3339 2438 motus

611 2466 1034 2548 apparentiam
1092 2473 1446 2540 causantes,
1512 2483 1584 2526 ac
1629 2483 1766 2526 esse
1822 2464 2135 2544 unicuique
2198 2464 2475 2540 liberum,
2542 2463 2661 2526 imo
2706 2465 3209 2544 gratificaturum,
3280 2465 3337 2526 si

611 2555 1048 2618 commodiores
1105 2552 1414 2634 excogitet
1423 2571 1442 2628 3
1505 2553 1594 2614 ita
1641 2571 1679 2614 a
1721 2553 2065 2614 vindicandi
2114 2553 2441 2615 severitate
2502 2554 2577 2614 ad
2625 2553 2969 2633 exquirendi
3016 2553 3339 2616 illecebras

609 2643 852 2706 avocati
919 2661 990 2704 ac
1036 2640 1346 2722 provocati
1392 2642 1648 2722 primum
1693 2641 2038 2720 aequiores,
2120 2650 2247 2703 tum
2298 2642 2525 2704 frustra
2570 2649 2927 2722 quaerentes
2972 2643 3227 2721 pedibus
3276 2643 3337 2704 in

609 2732 874 2796 auctoris
922 2731 1286 2794 sententiam
1331 2729 1572 2793 ibunt.“
1661 2729 1774 2793 His
1834 2731 2097 2795 auctoris
2144 2730 2364 2807 verbis,
2412 2740 2655 2811 praeter
2700 2749 2831 2792 eam
2878 2749 3054 2811 quam
3101 2731 3223 2793 dixi
3272 2731 3337 2793 iu

607 2822 986 2903 praefatione
1032 2825 1383 2898 usurpatam
1431 2818 1874 2883 simulationem
1928 2820 2256 2882 manifesta
2314 2838 2546 2900 quoque
2606 2828 2864 2899 apparet
2917 2820 3337 2899 aequivocatio

609 2910 778 2972 vocis
841 2908 1217 2990 hypothesis.
1314 2906 1511 2987 Supra
1557 2926 1812 2988 namque
1861 2908 2119 2982 dictum,
2172 2908 2463 2987 quasdam
2516 2926 2653 2969 esse
2700 2909 2872 2987 quasi
2918 2907 3127 2971 minuti
3176 2908 3340 2970 aeris

548 2997 560 3001 ”
607 2998 1008 3081 hypotheses,
1057 2996 1161 3056 vix
1216 2995 1432 3074 dignas
1478 2997 1592 3057 hoc
1657 2996 1923 3069 nomine,
1996 2996 2287 3075 quasdam
2346 2998 2552 3077 justas
2597 3004 2661 3058 et
2702 3014 2845 3057 vere
2893 2997 3337 3059 astronomicas

607 3085 999 3169 hypotheses.
1091 3084 1180 3147 Ut
1226 3102 1360 3145 cum
1404 3084 1464 3145 in
1514 3084 1786 3164 exemplo
1836 3082 2123 3146 Osiandri
2171 3085 2633 3147 determinamus
2680 3094 2745 3147 et
2772 3087 3155 3148 enunciamus
3182 3104 3334 3165 por-

603 3176 832 3236 tionem
878 3172 1083 3235 circuli
1129 3171 1470 3252 planetarii,
1522 3190 1674 3252 quae
1723 3173 1808 3235 sit
1852 3174 1912 3234 in
1968 3192 2085 3234 uno
2132 3172 2365 3234 zodiaci
2412 3174 2813 3248 semicircuIO,
2862 3174 3045 3253 digna
3093 3176 3333 3236 nomine

607 3262 960 3347 hypothesis
1007 3268 1132 3330 est,
1187 3278 1300 3322 nec
1348 3259 1568 3322 variari
1636 3269 1744 3322 aut
1789 3262 2029 3323 omnino
2086 3260 2245 3322 falsa
2292 3268 2427 3322 esse
2481 3270 2706 3341 potest.
2804 3264 2893 3323 At
2938 3281 3071 3324 cum
3120 3264 3332 3323 calcu-

608 3352 730 3413 lum
797 3368 1086 3411 ascensus
1151 3355 1214 3411 et
1261 3348 1588 3411 descensus
1651 3349 1939 3428 planetae
2004 3348 2063 3410 in
2126 3349 2249 3411 illis
2306 3350 2723 3429 inaequalibus
2780 3350 3155 3431 portionibus
3217 3370 3335 3413 ex-

605 3439 921 3512 struimus,
983 3455 1164 3517 saepe
1219 3436 1282 3498 id
1327 3438 1501 3499 varia
1559 3437 1751 3499 forma
1791 3445 1999 3519 potest
2060 3438 2291 3517 perfici,
2350 3446 2413 3500 et
2468 3439 2835 3521 hypotheses
2882 3440 3121 3521 quidem
3178 3440 3339 3501 alias

606 3528 684 3589 ad
731 3524 1410 3605 efficiendam-priorem
1464 3526 1634 3587 illam
1682 3534 1745 3587 et
1790 3526 2260 3589 astronomicam
2291 3528 2649 3608 hypothesin
2684 3546 3097 3607 comparamus
3146 3528 3337 3599 (alius

603 3614 802 3696 posito
851 3624 1059 3676 centro
1108 3614 1311 3675 circuli
1357 3613 1682 3693 planetarii
1739 3633 1924 3693 supra
1972 3622 2239 3677 centrum
2284 3615 2509 3689 mundi,
2560 3614 2711 3676 alius
2762 3616 3027 3698 epicyclo
3072 3616 3131 3676 in
3180 3634 3334 3677 cou-

604 3703 932 3765 ceutricum
977 3703 1272 3777 inserto),
1323 3703 1428 3763 sed
1469 3720 1622 3782 qnae
1670 3722 1788 3763 non
1834 3704 2005 3783 ipsae
2050 3721 2157 3783 per
2204 3722 2341 3765 sese
2388 3704 2856 3778 astronomicae,
2922 3720 3127 3765 verum
3173 3724 3329 3781 geo-

605 3790 894 3853 metricae
940 3790 1144 3869 potius
1194 3790 1560 3871 hypotheses
1609 3799 1768 3853 sunt.
1864 3793 1963 3853 Ita
2011 3792 2064 3853 si
2112 3793 2244 3872 quis
2283 3799 2662 3854 astronomus
2692 3793 2874 3866 dicat,
2924 3790 3086 3853 viam
3116 3794 3331 3854 Lunae

604 3879 840 3942 evalem
889 3879 1224 3956 exprimere
1275 3878 1544 3953 formam,
1594 3879 1951 3959 hypothesis
1998 3888 2097 3941 est
2124 3881 2561 3953 astronomica3
2610 3898 2741 3942 cum
2778 3880 3061 3954 ostendit,
3112 3881 3332 3960 quibus

604 3968 843 4029 circulis
899 3966 1238 4046 hujusmodi
1301 3968 1496 4028 ovalis
1555 3967 1748 4046 figura
1793 3969 2003 4030 confici
2056 3970 2278 4049 possit,
2348 3970 2783 4051 hypothesibus
2840 3968 3029 4030 utitur
3075 3987 3328 4048 geome-

601 4057 792 4119 tricis.
883 4054 970 4117 Et
997 4054 1404 4143 Ptolemaeus,⁴
1453 4074 1586 4118 cum
1633 4056 1865 4119 diceret
1908 4058 2289 4136 planetarum
2318 4066 2513 4120 motus
2560 4059 2621 4119 in
2652 4076 2921 4137 apogaeo
2968 4058 3327 4131 lentescere,

603 4146 662 4207 iu
710 4144 994 4225 perigaeo
1053 4144 1412 4217 accelerari,
1478 4144 1843 4225 hypothesin
1906 4146 2055 4209 fecit
2100 4147 2595 4215 astronomicam,
2662 4165 2795 4209 cum
2840 4164 2985 4207 vero
3040 4156 3329 4225 punctum

602 4232 994 4314 aequalitatis
1051 4232 1406 4308 introducit,
1474 4234 1534 4294 id
1581 4240 1650 4295 ut
1695 4242 2005 4314 geometra
2062 4236 2240 4307 facit,
2308 4236 2523 4297 calculi
2572 4254 2759 4297 causa
2782 4284 2797 4312 ,
2866 4244 2933 4297 ut
2988 4235 3143 4307 ratio
3192 4236 3329 4298 iniri

599 4322 826 4401 possit,
894 4328 1181 4401 quantum
1249 4322 1550 4383 lentescat
1613 4323 1713 4384 ille
1773 4323 2057 4403 planetae
2120 4332 2323 4385 motus
2381 4323 2593 4403 quovis
2654 4331 2957 4385 momento
3015 4324 3327 4404 temporis.

597 4410 774 4473 Hauc
835 4409 1261 4492 hypothesium
1319 4410 1738 4474 diversitatem
1803 4430 1978 4472 nemo
2037 4411 2457 4474 consideratus
2524 4420 2621 4473 est
2687 4412 2786 4493 qui
2850 4431 2965 4474 non
3036 4422 3330 4492 agnoscat

603 4498 994 4578 manibusque
1039 4498 1272 4577 palpet.
1364 4499 1456 4560 At
1499 4516 1643 4560 vero
1693 4497 1997 4561 Osiauder
2046 4499 2445 4579 Cepernicum
2492 4501 2595 4567 vel.
2638 4500 2839 4580 potius
2886 4502 3019 4581 ejus
3068 4502 3328 4563 lectores

605 4585 1099 4665 aequivocatione
1163 4585 1502 4649 ludificatus
1547 4594 1672 4662 est,
1741 4606 1849 4662 ea,
1916 4607 2069 4668 quae
2136 4590 2194 4650 in
2257 4589 2643 4668 geometricis
2698 4588 3135 4671 hypothesibus
3178 4608 3327 4652 vera

601 4681 760 4749 suut,
813 4676 888 4735 ad
939 4674 1376 4736 astronomicas
1421 4676 1814 4747 transferens,
1866 4694 1999 4737 cum
2048 4677 2463 4739 diversissima
2510 4678 2593 4740 sit
2634 4686 3022 4758 utrarumque
3072 4678 3246 4740 ratio.

783 4760 1056 4837 Summa,
1127 4764 1246 4824 tria
1293 4770 1434 4825 sunt
1479 4762 1538 4823 in
1579 4765 1984 4826 astronomia:
2056 4766 2420 4847 hypotheses
2468 4768 2895 4846 geometricae,
2959 4766 3324 4846 hypotheses

606 4853 1043 4915 astronomicae
1095 4859 1158 4913 et
1205 4851 1318 4933 ipsi
1369 4860 1732 4931 apparentes
1781 4853 2091 4914 stellarum
2136 4863 2369 4929 motus3
2416 4862 2740 4937 propterea
2786 4864 2846 4918 et
2875 4856 2991 4917 duo
3038 4854 3325 4919 distincta
