3634 5575
519 320 651 389 264
1616 321 1866 389 apologis
1898 320 2144 385 ryoaonn

518 480 757 564 cipnam
822 480 1007 545 etiam
1066 480 1341 545 fraudem
1398 480 1773 547 committat.
1841 480 2042 545 visum
2093 487 2192 543 est
2251 478 2556 559 peculiare
2613 486 2802 561 capnt
2859 478 2920 541 iu
2969 498 3048 541 ea
3089 497 3248 542 con-

520 588 795 635 sumere:
860 569 919 633 in
968 570 1141 649 cujus
1187 569 1361 633 initio
1426 589 1579 650 quae
1630 570 1706 631 de
1753 568 2080 651 Apollonio
2147 568 2324 631 nobis
2381 566 2670 631 constant
2723 588 2802 631 ex
2855 567 2974 629 fide
3037 566 3244 647 dignis

522 658 869 724 auctoribus
904 658 1335 740 judicabimus3
1382 666 1601 738 postea
1644 676 1840 739 nugas
1869 657 2013 723 Ursi
2061 675 2196 719 cum
2244 656 2368 720 illis
2413 658 2810 721 conferemus.

1695 896 2069 907 ---—·—-—-—--—-

1102 1062 1133 1071 -v

1664 1095 1906 1195 Caput
1955 1094 2092 1171 ΠΙ.

788 1270 1033 1337 Nullas
1076 1280 1327 1339 emutare
1370 1270 1703 1357 Apollonii
1744 1273 2030 1357 Per-qaeu·
2073 1273 2444 1359 hypotheses
2486 1270 2962 1335 astronomicae.

701 1429 882 1503 Quod
926 1431 987 1493 in
1034 1431 1442 1495 architectura
1484 1452 1597 1494 usu
1640 1432 1827 1508 venit,
1877 1440 1944 1496 ut
1988 1452 2105 1495 non
2153 1452 2230 1496 ex
2256 1451 2377 1495 una
2404 1430 2642 1493 officina
2685 1434 2969 1510 petantur
3015 1428 3242 1502 omnia,

523 1520 681 1595 calx,
729 1528 1133 1596 caementum,
1182 1521 1365 1594 clavi,
1416 1539 1589 1583 serae
1610 1568 1626 1597 ,
1687 1522 2021 1594 fenestrae,
2085 1540 2196 1583 nec
2243 1520 2403 1583 idem
2450 1518 2819 1581 architectus
2865 1524 2931 1578 et
2977 1516 3246 1597 lapicida

522 1609 605 1672 sit
666 1615 731 1671 et
774 1606 1065 1688 lignarius
1122 1616 1184 1671 et
1229 1608 1513 1672 ferrarius
1569 1617 1633 1670 et
1681 1610 2040 1672 arcularius:
2108 1610 2266 1671 idem
2303 1616 2369 1671 et
2424 1608 2484 1670 in
2543 1604 2946 1671 astronomico
2992 1604 3244 1685 negotio

520 1715 635 1759 usu
678 1694 875 1759 venit.
956 1697 1201 1761 Etenim
1248 1697 1349 1779 qui
1394 1696 1555 1759 omni
1599 1697 1783 1761 animi
1829 1699 2197 1779 cogitatione
2244 1697 2305 1759 iu
2333 1696 2408 1777 id⁶
2439 1696 2708 1759 intentus
2745 1702 2860 1771 est,
2909 1704 2978 1757 nt
3023 1714 3097 1755 ex
3143 1693 3240 1768 iis,

523 1804 677 1867 quae
722 1784 784 1846 in
832 1787 1001 1850 coelo
1047 1786 1303 1849 diversis
1351 1785 1724 1866 temporibus
1770 1788 2074 1863 eveniunt,
2124 1785 2642 1867 argumentatione
2690 1783 2998 1858 derivata,
3043 1782 3242 1865 hypo-

524 1874 733 1937 theses
781 1873 1016 1955 aliquas
1072 1875 1275 1937 mundi
1342 1875 1598 1938 formam
1645 1876 2054 1956 exprimentes
2102 1875 2471 1949 constituat,
2535 1873 2693 1934 hunc
2740 1871 3061 1934 architecti
3104 1872 3242 1935 loco

523 1963 749 2026 habeo:
818 1963 985 2044 cujus
1034 1964 1273 2046 quidem
1318 1971 1496 2026 tanta
1544 1970 1639 2026 est
1684 1964 2031 2044 occupatio,
2099 1972 2168 2025 ut
2204 1961 2574 2044 impossibile
2621 1962 2731 2037 sit,
2796 1960 2992 2041 ipsum
3041 1961 3245 2023 omnia

524 2072 565 2115 a
608 2070 677 2115 se
722 2049 856 2131 ipso
902 2060 1131 2133 petere.
1224 2050 1473 2133 Accipit
1517 2052 1700 2132 igitur
1728 2051 2185 2116 observationes
2233 2053 2422 2132 ipsas,
2469 2051 2567 2112 vel
2606 2069 2812 2112 omnes
2859 2050 2956 2111 vel
3001 2050 3242 2129 aliquas

527 2141 604 2203 ab
653 2140 789 2202 aliis
811 2159 829 2213 ;
878 2148 1035 2217 sunt,
1088 2140 1187 2221 qui
1232 2140 1476 2203 tabulas
1522 2140 1614 2203 illi
1650 2149 2009 2206 construant
2051 2141 2184 2204 usui
2213 2139 2558 2222 quotidiano
2589 2138 2986 2201 necessarias..
3045 2137 3244 2201 'Alius

530 2227 947 2293 arithmeticos
994 2230 1341 2310 praeceptis
1398 2230 1599 2291 clarus
1666 2229 1934 2292 nonnihil
1999 2230 2187 2292 habet
2245 2230 2307 2291 in
2356 2248 2467 2290 sua
2513 2226 2907 2308 supellectili,
2973 2227 3131 2307 quod
3180 2225 3242 2289 in

527 2336 699 2381 suum
764 2336 939 2381 usum
1004 2317 1230 2397 seligat
1275 2318 1518 2379 artifex.
1609 2318 1789 2380 Alius
1836 2318 2124 2398 operandi
2178 2338 2288 2399 per
2333 2335 2610 2380 numeros
2670 2314 3025 2394 compendia
3069 2333 3240 2377 com-

526 2404 891 2482 miniscitur,
961 2406 1115 2469 alius
1175 2405 1514 2469 doctrinam
1559 2406 1795 2470 sinuum
1843 2406 2167 2469 artificiose
2213 2406 2432 2481 tradit,
2503 2403 2658 2467 alius
2713 2403 3018 2483 triangula
3062 2404 3247 2465 docet

529 2494 854 2557 aestimare
904 2493 1159 2560 facilius.
1251 2494 1525 2575 Denique
1574 2501 1745 2570 sunt,
1796 2495 1896 2575 qui
1943 2494 2323 2575 geometricis
2367 2454 2760 2575 problematis
2810 2492 3241 2555 demonstran-

530 2584 623 2646 dis
670 2581 939 2645 lahorem
993 2582 1345 2663 principalis
1392 2572 1691 2645 artificis
1701 2602 1819 2645 non
1867 2584 2247 2647 mediocriter
2305 2582 2642 2645 sublevant.
2735 2578 2822 2643 Et
2879 2588 3110 2654 tamen,
3165 2585 3246 2643 ut

529 2671 629 2754 qui
676 2670 884 2734 clavos
932 2671 1125 2746 cudit,
1175 2674 1472 2735 fenestras
1519 2672 1846 2748 construit,
1903 2672 2136 2757 lapides
2181 2673 2541 2753 imperatam
2585 2671 2649 2733 iu
2696 2671 2948 2732 formam
2993 2667 3242 2737 excidit,

526 2778 643 2824 uon
710 2759 846 2823 ideo
912 2768 1011 2823 est
1052 2760 1365 2825 habendus
1418 2777 1527 2841 pro
1574 2760 1940 2838 architecto,
2009 2761 2127 2824 etsi
2183 2760 2313 2841 ejus
2359 2778 2543 2840 opera
2607 2759 2795 2823 utitur
2855 2756 3240 2831 architectus,

530 2851 857 2930 domusque
905 2857 1211 2912 structura
1240 2869 1355 2912 non
1386 2849 1540 2925 huic,
1591 2849 1700 2912 sed
1734 2849 2067 2913 architecto
2099 2848 2496 2912 adscribitur:
2543 2848 2636 2911 ita
2663 2857 2728 2910 et
2753 2847 2815 2910 in
2853 2845 3246 2920 astronomia,

527 2956 648 3000 non
696 2938 837 3018 quia
882 2945 1261 3000 astronomus
1309 2937 1436 3000 sine
1466 2939 1797 3019 geometria
1844 2947 1910 3001 et
1936 2939 2335 3013 arithmetica,
2382 2937 2638 3017 geminis
2681 2937 2817 3013 alis,
2864 2943 3246 2998 astronomus

530 3044 667 3088 esse
732 3042 848 3088 non
911 3033 1154 3106 potest,
1222 3033 1551 3107 propterea
1614 3026 1824 3089 statim
1881 3036 2266 3090 astronomus
2324 3034 2458 3100 est,
2533 3025 2634 3106 qui
2682 2985 2874 3088 boniis
2934 3015 3250 3104 geometra

528 3115 840 3194 bonusque
887 3123 986 3176 est
1030 3114 1474 3186 arithmeticus.
1542 3134 1653 3177 nec
1701 3116 1751 3177 si
1802 3117 1936 3196 quis
1983 3116 2259 3178 doctrina
2323 3072 2757 3202 triaiigulorum
2814 3113 3043 3175 tradita
3089 3111 3247 3173 arti-

530 3203 703 3265 ficem
748 3203 809 3263 in
857 3203 1183 3266 condendis
1231 3203 1455 3266 tabulis
1502 3204 1742 3284 egregie
1779 3205 1969 3285 juvit,
2031 3212 2356 3286 propterea
2416 3193 2758 3265 tabularum
2801 3202 2899 3264 vel
2943 3199 3246 3282 hypothe-

538 3291 692 3354 sium
722 3298 934 3354 auctor
962 3299 1079 3354 est.
1171 3291 1343 3354 Haec
1372 3311 1508 3354 cum
1554 3293 1645 3354 ita
1690 3311 1757 3354 se
1804 3293 2090 3368 habeant,
2139 3293 2530 3354 vehementer
2565 3291 2738 3353 initio
2767 3291 2966 3364 miror,
3015 3289 3244 3368 Apol-

533 3379 684 3442 lon
666 3399 735 3442 10
767 3380 843 3441 ab
864 3381 1024 3444 Urso
1044 3379 1226 3444 tribui
1246 3380 1613 3462 hypotheses
1644 3381 2081 3444 astronomicas
2098 3380 2453 3464 peculiares,
2505 3379 2812 3462 qu1,.quod
2841 3377 3248 3441 astronomica

460 3479 465 3483 ’
530 3467 772 3544 attinet,
820 3469 968 3531 nihil
1016 3469 1253 3532 omnino
1302 3469 1589 3549 scriptum
1652 3469 1897 3550 reliquit
1947 3471 2193 3551 praeter
2238 3469 2669 3551 geometricum
2715 3468 3024 3548 problema
3068 3470 3244 3546 (pro-

533 3557 799 3621 fessione
845 3577 1101 3638 namque
1148 3566 1461 3639 geometra
1505 3557 1683 3634 fuit),
1746 3577 1861 3640 quo
1907 3558 2295 3621 Ptolemaeus
2351 3559 2413 3620 in
2463 3556 2826 3620 stationibus
2862 3556 3246 3637 planetarum

534 3645 1038 3720 demonstrandis,
1088 3647 1149 3709 iu
1194 3655 1371 3727 parte
1416 3666 1629 3727 nempe
1678 3647 1890 3709 domus
1929 3648 2294 3724 exornanda,
2341 3666 2485 3709 usus
2523 3655 2641 3709 est.
2732 3647 2821 3710 Ut
2865 3652 3068 3707 autem
3113 3643 3247 3721 cla-

534 3734 772 3798 rissime
817 3743 1050 3815 pateat,
1102 3735 1243 3816 quid
1270 3735 1633 3814 Apollonius
1681 3736 2206 3811 demonstraverit,
2257 3736 2399 3816 quid
2445 3755 2587 3798 vero
2625 3735 2819 3798 Ursus
2865 3732 3249 3796 securissime

535 3823 862 3898 fabuletur,
930 3842 1044 3903 age
1099 3831 1293 3886 totam
1340 3824 1468 3904 ejus
1515 3825 1908 3887 intentionem
1973 3844 2005 3886 e
2053 3826 2219 3887 fonte
2266 3843 2407 3902 suo,
2475 3844 2558 3886 sc.
2625 3843 2657 3884 e
2702 3823 3050 3886 Ptolemaeo
3100 3823 3248 3903 (quo

536 3911 758 3986 misso,
826 3912 984 3991 quod
1030 3912 1417 3974 vehementer
1462 3913 1672 3986 miror,
1737 3913 1931 3977 Ursus
1987 3915 2064 3976 ad
2112 3913 2368 3976 rivulum
2431 3913 2568 3975 inde
2617 3912 2964 3987 deductum,
3032 3929 3119 3972 sc.
3169 3910 3248 3971 ad

532 3997 933 4082 Gopernicnm
976 4003 1299 4082 provocat)
1346 3999 1406 4062 in
1453 4001 1563 4063 has
1610 4002 1886 4083 pagellas
1935 4003 2338 4065 derivabimus
2386 4009 2450 4064 et
2495 4009 2976 4082 transponemus.
3049 3998 3247 4080 Equi-

532 4089 671 4151 dem
732 4090 889 4169 quod
935 4091 1159 4166 Ursus,
1226 4090 1393 4153 nulla
1434 4090 1770 4153 Ptolemaei
1834 4092 2134 4154 mentione
2200 4092 2392 4167 facta,
2462 4090 2561 4171 qui
2607 4089 2940 4153 clarissime
2987 4097 3250 4151 mentem

529 4177 841 4258 Apollonii
889 4178 1187 4259 exposuit,
1233 4179 1299 4240 in⁴
1326 4177 1682 4260 Copernico,
1732 4180 1832 4261 qui
1868 4179 2177 4243 obscurius
2205 4199 2331 4243 rem
2361 4179 2664 4260 exprimit,
2711 4198 2991 4259 magnum
3029 4196 3249 4242 causae

532 4266 898 4347 praesidium
947 4267 1134 4348 ponit,
1182 4267 1243 4330 id
1292 4267 1584 4348 ejusmodi
1634 4277 1755 4344 est,
1821 4276 1894 4332 ut
1945 4287 2225 4348 magnam
2273 4269 2674 4349 suspicionem
2733 4267 3023 4344 concitet,
3089 4285 3249 4328 nun-

534 4373 712 4435 quam
756 4355 951 4418 visum
1000 4355 1157 4419 Urso
1208 4355 1647 4427 Ptolemaeum,
1706 4357 1814 4419 sed
1873 4357 2151 4420 extitisse
2195 4359 2548 4420 monitorem
2597 4357 2888 4440 aliquem,
2947 4355 3046 4438 qui
3089 4356 3250 4419 Urso
3361 4400 3368 4408 -

532 4442 884 4523 subjiceret,
934 4445 1059 4507 tale
1108 4445 1247 4526 quid
1293 4444 1599 4524 Apollonii
1645 4445 1959 4526 problema
2004 4465 2235 4527 sapere,
2277 4446 2483 4527 qualia
2527 4446 2829 4528 Tychonis
2874 4446 2936 4508 in
2983 4463 3050 4508 se
3097 4463 3248 4507 con-

530 4529 730 4594 tinent
773 4533 1160 4615 hypotheses,
1211 4539 1274 4595 et
1322 4533 1468 4596 illud
1515 4536 1755 4615 quidem
1782 4535 2097 4614 problema
2123 4534 2476 4615 bipartitum
2505 4553 2662 4596 esse.
2756 4535 3019 4597 Tantum
3068 4531 3246 4607 enim,

530 4636 643 4681 nec
688 4621 863 4699 plura
909 4641 1019 4684 nec
1066 4621 1447 4686 distinctiora
1473 4623 1665 4688 Ursus
1715 4626 1788 4685 de
1830 4623 2176 4704 Apollonio,
2226 4642 2359 4686 cum
2403 4625 2554 4686 haec
2602 4622 2915 4698 scriberet,
2962 4622 3246 4684 sciverat.

535 4705 661 4769 Sed
708 4707 787 4768 ad
830 4709 1264 4775 Ptolemaeum.
1361 4709 1511 4774 Cum
1570 4731 1645 4773 ex
1692 4718 1898 4774 aetate
1959 4713 2018 4775 in
2064 4732 2282 4792 magno
2339 4713 2534 4792 pretio
2581 4719 2790 4773 essent
2844 4712 3248 4792 geometricae

531 4796 1095 4875 demonstrationes,
1148 4809 1209 4863 et
1255 4800 1425 4863 flocci
1470 4801 1872 4882 penderentur
1915 4801 2014 4862 vel
2060 4802 2442 4865 mechanicae
2473 4799 2908 4884 descriptiones
2957 4800 3053 4862 vel
3099 4817 3245 4886 pro-
