3634 5575
1418 382 1587 439 Noae
1620 384 1852 439 aalma..
2354 352 2360 356 ’
2881 386 3021 461 ⁶59

298 548 501 605 dictum
539 552 643 605 aut
680 545 949 603 invidiose
988 547 1231 617 torqueri
1272 548 1467 617 possit.
1530 547 1801 619 Quidquid
1845 547 1988 603 enim
2027 564 2210 605 rerum
2249 563 2476 607 suarum
2513 557 2808 625 magnates
2850 567 2889 610 a
2922 571 3014 611 me

298 628 521 701 oblique
562 627 860 698 perstringi
902 626 1091 681 dolere
1131 627 1345 697 possint
1364 669 1378 692 ,
1440 634 1733 699 postquam
1774 634 2008 683 eventus
2050 630 2308 683 admonet
2326 672 2340 694 ,
2399 630 2544 686 idem
2601 632 2769 687 etiam
2825 648 3016 689 eorum

298 708 603 765 adversarii
664 712 895 777 possunt
957 714 1018 760 et
1064 707 1236 761 multo
1304 708 1515 779 mag-im
1576 708 1659 761 ita
1716 708 1863 763 enim
1903 708 2096 779 scripsi
2137 710 2326 764 dedita
2367 725 2559 781 opera.
2643 712 2732 767 De
2772 712 3014 769 Animali

296 788 520 863 generis
566 787 811 842 neutrius
855 786 970 841 alia
1010 792 1098 840 est
1137 788 1421 857 responsio
1442 830 1456 851 ,
1502 804 1574 841 ex
1618 804 1729 859 qua
1766 788 1873 843 hoc
1911 806 2075 843 unum
2135 790 2365 844 verbum
2421 790 2528 845 hac
2585 791 2706 845 vice
2747 808 3007 865 excerpo,

296 870 442 941 quod
484 869 878 939 quaerentibus
921 866 1101 921 dicere
1142 867 1347 937 possis:
1391 867 1659 923 neminem
1700 884 1907 933 eorum,
1951 868 2043 940 qui
2084 868 2343 923 dubitant
2384 869 2511 941 quid
2537 870 2720 937 velim,
2765 873 2868 926 sub
2909 872 3014 927 hoc

296 948 523 1005 animali
566 944 978 1019 comprehendi;
1039 945 1131 1017 qui
1186 965 1317 1001 vero
1360 946 1550 1002 moniti
1592 964 1721 1001 vere
1763 954 1927 1013 sunt,
1991 948 2043 1001 id
2103 965 2163 1003 se
2205 947 2552 1005 intellexisse
2594 950 2771 1007 literis
2815 952 2887 1005 ad
2927 970 3014 1007 me

165 1002 197 1029 ⁸
294 1028 517 1099 scriptis
555 1034 685 1083 sunt
724 1026 935 1082 testati.
993 1027 1181 1093 Errat,
1226 1026 1530 1098 quicunque
1572 1034 1797 1097 torquet
1835 1044 1961 1083 mea
2000 1028 2177 1082 verba
2215 1028 2570 1084 insolentius:
2615 1030 2830 1085 habent
2871 1030 3018 1087 enim

292 1108 401 1163 illa
438 1108 739 1178 simplicem
778 1114 841 1161 et
879 1106 1105 1175 planum
1146 1124 1365 1161 sensum
1384 1147 1401 1171 ,
1462 1106 1553 1177 qui
1575 1148 1590 1171 ‚
1653 1106 1886 1161 detectis
1939 1108 2194 1177 partibus
2236 1124 2376 1179 quas
2415 1110 2718 1181 perstrinxi
2739 1151 2754 1175 ,
2815 1110 3018 1167 nemini

293 1206 407 1243 non
446 1188 669 1243 evidens
710 1192 773 1241 et
812 1185 1005 1241 obvius
1047 1194 1151 1251 est,
1196 1187 1474 1257 exceptis,
1518 1203 1659 1259 quae
1701 1188 1768 1241 de
1809 1186 2068 1241 Eckardo
2113 1186 2306 1243 italico
2327 1228 2342 1255 ,
2386 1190 2480 1261 qui
2517 1189 2883 1261 explicandus
2923 1208 3012 1247 re-

294 1274 449 1332 stat3
492 1268 719 1332 scilicet,
764 1268 906 1338 quod
950 1266 1045 1320 ille
1086 1284 1196 1320 non
1239 1265 1314 1320 sit
1352 1266 1411 1321 in
1454 1266 1638 1333 ltalia,
1683 1268 1779 1321 sed
1823 1276 1980 1322 trans
2029 1282 2198 1323 mare.

478 1362 601 1413 Cum
634 1360 711 1412 his
750 1366 1093 1425 comparentur
1125 1362 1401 1427 sequentia,
1440 1376 1569 1427 quae
1602 1376 1631 1413 e
1661 1362 1816 1414 literis
1841 1362 2046 1427 Keplerl
2079 1368 2132 1413 et
2173 1360 2311 1413 Petri
2335 1362 2557 1431 Cragon,
2597 1362 2779 1417 medici
2813 1369 2871 1415 et
2906 1376 3015 1417 ma-

276 1434 557 1484 thematici
596 1432 913 1489 nanciacum,
948 1434 1133 1482 mutuis
1174 1432 1512 1482 desumimus.
3053 1435 3066 1443 ”

474 1504 750 1566 Quaerenti
784 1502 823 1551 C
842 1507 907 1553 ru
919 1517 1089 1569 gero:
1143 1504 1423 1569 „quodnam
1456 1504 1588 1553 istud
1610 1504 1817 1554 taudem
1850 1504 2032 1555 animal
2059 1504 2256 1570 generis
2277 1500 2570 1601 necuim?
2608 1504 2738 1557 haec
2761 1506 3018 1570 respondit

293 1584 543 1647 Kepierus
584 1581 657 1645 (d.
698 1580 787 1632 28.
824 1582 965 1633 Febr.
1009 1580 1201 1645 182sp
1250 1594 1359 1631 non
1400 1576 1595 1646 scripsi
1636 1578 1703 1630 de
1736 1577 1996 1640 „animali
2014 1578 2238 1650 generis
2267 1578 2516 1633 neutrius
2581 1592 2762 1633 vanae
2795 1580 3019 1651 gloriae

293 1672 483 1721 causa,
528 1658 624 1711 sed
665 1656 847 1711 animo
889 1656 1285 1719 commodandi;
1330 1672 1499 1728 quare
1542 1662 1603 1711 et
1642 1656 1870 1711 secretis
1913 1658 2088 1713 literis
2128 1658 2384 1712 admonui
2411 1658 2670 1713 sedentes
2697 1658 2756 1713 in
2781 1659 3014 1715 cerebro

294 1736 570 1793 animalis.
653 1738 843 1791 Medos
888 1736 1101 1807 quidem
1142 1736 1441 1800 infortunii,
1484 1737 1628 1807 quod
1668 1734 1998 1803 divinabam,
2043 1738 2200 1792 nulla
2237 1738 2562 1807 comprobat
2597 1754 2784 1793 rerum
2821 1755 3012 1793 conse-

293 1818 444 1871 cutio
486 1816 813 1871 conformis:
857 1815 1135 1870 imminere
1178 1823 1365 1870 tamen
1407 1814 1631 1871 animali
1670 1816 1968 1886 perniciem
2009 1816 2250 1881 aliunde,
2293 1816 2495 1873 videris
2535 1823 2598 1871 et
2637 1826 2701 1872 tu
2742 1818 3014 1893 augurari

293 1894 393 1951 fol.
443 1896 554 1951 133
615 1896 671 1951 in
732 1896 839 1951 fine
906 1900 999 1967 (sc.
1046 1902 1369 1953 Uranodromi
1411 1902 1676 1961 Cometici,
1722 1902 1948 1969 Dantzig
1988 1900 2141 1953 1619.
2217 1902 2467 1970 crugerus
2505 1904 2556 1955 in
2599 1893 2857 1954 hoc'libro
2900 1916 3012 1955 sae-

292 1976 405 2039 pius
442 1972 714 2037 Keplerum
750 1972 963 2024 laudans
1001 1974 1150 2032 dicit,
1197 1989 1290 2023 nec
1342 1990 1441 2023 non
1478 1974 1606 2023 illins
1642 1972 2018 2039 Prognosticum
2057 1975 2123 2023 ad
2159 1988 2320 2026 annos
2359 1970 2496 2023 1818
2536 1981 2589 2025 et
2623 1971 2720 2034 19,
2755 1989 2805 2025 v.
2841 1988 2887 2025 c.
2927 1975 3012 2025 fol.

296 2042 434 2095 129:
470 2047 558 2095 vir
592 2047 750 2095 sitzen
784 2044 866 2093 hie
904 2058 1049 2099 zvar.
1089 2046 1181 2095 vie
1205 2044 1443 2108 Keppleri
1468 2044 1631 2101 Thier.
1670 2045 1721 2094 in
1758 2045 1856 2095 den
1882 2043 2076 2103 Rosen3
2114 2046 2234 2094 aber
2267 2058 2376 2095 vas
2411 2045 2524 2095 thut
2555 2059 2678 2096 man
2709 2044 2762 2095 in
2787 2044 3016 2095 Bohmeu

295 2116 402 2168 und
440 2114 751 2167 Oesterreich
770 2114 795 2165 ζ’
852 2115 977 2165 Was
1012 2114 1322 2181 rathschlagt
1356 2115 1587 2180 dagegen
1624 2114 1711 2164 der
1744 2114 1908 2179 Bapst
1923 2113 1948 2163 ’ἓ
1985 2113 2078 2165 dcc.
2156 2115 2300 2177 Quae
2347 2121 2546 2180 spectat
2577 2114 2826 2181 Keplerus
2862 2116 3014 2165 verba

285 2179 523 2251 'Criigerh
561 2188 687 2240 haec
721 2193 861 2237 sunt:
914 2184 1127 2237 Sonsten
1162 2186 1327 2237 kundt
1361 2200 1479 2235 man
1516 2186 1686 2236 diesen
1724 2184 1964 2237 Cometen
2001 2185 2133 2237 auch
2166 2186 2294 2237 wohl
2329 2185 2695 2252 hieroglyphice
2731 2187 3012 2255 ausslegem

294 2256 453 2311 durch
486 2256 831 2323 Bettachtnng
869 2258 954 2307 der
989 2256 1329 2307 himmlischen
1354 2256 1561 2313 Bilder,
1617 2256 1803 2307 welche
1861 2255 1948 2308 der
1984 2255 2160 2308 Comet
2205 2256 2600 2309 durchwandert.
2674 2258 2808 2309 Aber
2851 2256 3014 2307 solchs

294 2330 365 2382 ist
400 2328 633 2382 odinsum.
706 2326 823 2380 Und
859 2328 979 2379 Gott
1014 2340 1131 2395 mag
1166 2330 1357 2383 visson.
1408 2329 1501 2377 wie
1537 2327 1616 2377 die
1652 2326 1835 2379 hendel
1869 2328 1998 2379 noch
2031 2327 2413 2379 hinauslauffen.
2485 2327 2594 2377 Wir
2626 2324 2792 2379 haben
2827 2328 2920 2377 vol
2955 2342 3012 2379 so

294 2399 605 2451 viel-mach
640 2415 705 2451 zu
740 2400 915 2457 beten,
966 2398 1039 2449 als
1088 2414 1259 2464 grosse
1296 2398 1433 2463 Ding
1478 2412 1541 2447 zu
1587 2397 1768 2449 huffen.
1841 2397 1948 2449 Der
1991 2404 2160 2464 truste
2197 2400 2364 2451 Abfall
2409 2414 2521 2451 rom
2563 2392 2898 2463 Bapstthumb
2947 2400 3018 2449 ist
3125 2460 3148 2471 „

293 2472 486 2521 moines
522 2471 760 2523 eraehten
796 2470 949 2521 echon
984 2470 1293 2535 gesehehen,
1340 2468 1445 2519 und
1479 2469 1599 2519 vird
1632 2470 1727 2520 vol
1762 2468 1880 2519 kein
1914 2474 2166 2535 grosserer
2207 2470 2402 2535 folgem
2449 2484 2506 2519 so
2539 2469 2692 2535 lange
2727 2470 2815 2521 der
2849 2470 3016 2519 Evan-

294 2542 553 2607 gelischen
590 2542 875 2609 Theologen
922 2541 1227 2607 meinigkeit
1274 2539 1475 2591 velaret..
1547 2537 1649 2590 Die
1696 2538 1815 2589 vird
1861 2541 1983 2591 aber
2025 2540 2120 2609 vol
2155 2542 2354 2593 vehren
2389 2542 2490 2591 biss
2525 2554 2594 2593 an
2629 2541 2729 2592 den
2761 2540 3016 2605 sung-ten

295 2612 425 2678 Τις.
500 2612 617 2663 Vnd
673 2628 727 2663 so
772 2627 891 2663 man
938 2612 1050 2663 (lem
1085 2612 1247 2676 Bapst
1294 2612 1466 2661 seinen
1504 2608 1755 2661 Schlussel
1804 2611 1944 2661 nicht
1992 2618 2146 2678 ganta
2183 2625 2298 2663 ause
2335 2612 2422 2663 der
2457 2610 2634 2663 Handt
2667 2612 2858 2663 reissen
2892 2612 3018 2667 han,

294 2684 394 2735 n'el
442 2684 662 2750 veniger
710 2685 831 2735 vird
884 2697 1001 2734 man
1051 2683 1183 2733 ihme
1220 2682 1312 2733 das
1350 2680 1605 2733 Schverdt
1638 2681 1741 2731 und
1776 2682 2034 2733 brachium
2067 2684 2294 2735 seculare
2329 2682 2528 2735 lahmen
2573 2682 2792 2733 konnen.
2865 2680 3016 2733 Were

297 2768 455 2821 gang,
490 2768 637 2808 venn
672 2770 792 2808 man
828 2755 935 2808 sich
971 2755 1079 2809 sein
1114 2769 1209 2808 nur
1244 2752 1494 2808 ervehren
1528 2748 1761 2815 libante).

478 2830 745 2894 Vicinum,
788 2839 953 2902 pergit
984 2835 1253 2900 Kepleuus,
1304 2826 1575 2891 animalis,
1620 2827 1777 2896 cujus
1804 2829 1995 2882 domus
2025 2826 2137 2897 jam
2165 2843 2308 2882 anno
2343 2827 2513 2884 161⁷.
2553 2828 3017 2899 conflagraverat,

300 2909 557 2981 intellige
616 2908 674 2963 in
712 2910 1043 2966 Palatinatu
1084 2908 1455 2980 Neoburgico.
1536 2906 1713 2962 Fideli
1768 2907 1853 2961 illi
1895 2907 2181 2974 monitori,
2229 2908 2522 2971 „Eekard“
2567 2907 2849 2962 nominato
2865 2946 2882 2973 ,
2925 2905 3020 2978 qui

298 3002 410 3040 non
452 2987 589 3040 illud
628 2993 849 3043 tantum
890 2990 1095 3044 animal
1112 3031 1125 3055 ,
1190 2991 1259 3042 de
1301 3005 1408 3060 quo
1446 3001 1559 3059 ego
1578 3028 1593 3053 ,
1638 2989 1733 3041 sed
1774 2988 1961 3043 omnia
1999 2987 2123 3058 ejus
2163 2987 2390 3060 generis
2427 2987 2694 3043 monitum
2733 3005 2812 3042 ex
2847 2985 3022 3041 Italia

299 3065 597 3131 advolavit,
642 3083 837 3121 nomen
876 3085 1065 3122 verum
1106 3085 1229 3122 esse
1272 3075 1495 3122 censete
1538 3067 1611 3122 M.
1657 3068 1964 3123 Antonio
2007 3070 2088 3122 de
2128 3068 2464 3126 Dominis.
2527 3067 2638 3124 sed
2679 3066 2800 3138 quis
2843 3065 3022 3121 credit

300 3145 515 3202 auditui
554 3151 780 3202 nostro?
860 3147 985 3201 Non
1026 3146 1217 3200 mirum
1258 3145 1433 3216 igitur
1454 3187 1469 3210 ,
1529 3147 1575 3199 si
1617 3149 1790 3201 Jonas
1833 3144 2126 3219 profligiat
2166 3165 2240 3203 ex
2281 3149 2482 3204 itinere
2522 3147 2812 3220 imperato.
2893 3147 3020 3219 Ego

300 3227 517 3300 quidem
559 3233 620 3281 et
658 3225 813 3280 illam
854 3226 1028 3296 ipsam
1052 3267 1065 3290 ,
1130 3239 1293 3296 quam
1336 3231 1397 3277 tu
1440 3225 1757 3279 confirmare
1798 3227 2002 3280 videris
2045 3227 2310 3300 suffragio
2330 3269 2346 3292 ,
2388 3229 2669 3284 libidinem
2688 3270 2703 3294 ,
2756 3225 3020 3282 factiosos

298 3311 368 3363 de
410 3311 686 3379 suggestu
725 3309 1017 3361 verborum
1060 3309 1121 3360 et
1160 3303 1521 3358 conviciorum
1564 3302 1789 3374 spiculis
1832 3305 2174 3378 configendi,
2235 3307 2384 3362 hunc
2403 3348 2416 3371 ,
2478 3308 2717 3379 inquam,
2761 3307 3020 3373 fluorem,

299 3389 443 3445 citra
481 3392 793 3458 respectum
834 3387 1164 3441 infirmorum
1205 3389 1557 3456 grassantem
1596 3383 1964 3454 pertinaciter
2007 3391 2067 3438 et
2107 3385 2443 3450 authentice,
2465 3415 2542 3425 --
2572 3393 2632 3440 et
2671 3387 2810 3440 illud
2851 3369 3040 3441 inter-⁹

297 3473 725 3542 pretamentum,
768 3465 1054 3522 ministerii
1100 3471 1155 3519 et
1194 3462 1549 3518 ordinationis
1578 3469 1796 3534 partem
1827 3479 1952 3517 esse
1983 3464 2372 3529 necessariam,
2417 3467 2486 3520 de
2514 3471 2806 3538 sugg-estu,
2851 3465 3024 3519 omnis

298 3548 525 3624 generis
568 3547 878 3602 haereticos
922 3545 1065 3600 omni
1108 3551 1355 3614 tempore
1394 3543 1670 3598 refutandi
1714 3560 1836 3599 cum
1875 3545 2241 3609 vehementia,
2270 3577 2338 3586 --
2363 3545 2551 3598 diesen
2580 3543 2882 3598 Amts-febl
2913 3545 3022 3599 und

298 3627 533 3699 Mangel
567 3657 635 3666 —
668 3628 825 3694 item,
871 3629 1011 3698 quod
1052 3642 1211 3680 nemo
1251 3625 1421 3694 plane
1463 3623 1566 3677 sibi
1607 3623 1930 3694 persuaderi
1969 3624 2184 3696 patitur
2224 3623 2446 3679 axioma
2486 3621 2592 3678 hoc
2643 3617 3019 3689 certissimum,

300 3707 538 3780 publicis
581 3707 1104 3763 debacchationibus
1147 3703 1404 3774 instigari
1446 3709 1505 3757 et
1545 3703 1783 3776 gliscere
1825 3705 2009 3758 studia
2035 3719 2228 3776 prava,
2274 3704 2404 3775 quia
2432 3703 2656 3758 nitimur
2683 3703 2741 3757 in
2766 3703 3018 3768 vetitum,

299 3817 380 3827 --
409 3788 557 3855 item,
607 3790 750 3859 quod
790 3789 926 3853 illud
975 3784 1353 3858 „importune“
1400 3783 1475 3838 sit
1512 3785 1731 3856 reg-ula,
1775 3784 1914 3839 illud
1954 3801 2085 3840 vero
2133 3783 2514 3855 „opportune“
2561 3783 2636 3838 sit
2671 3788 2892 3838 tantum
2917 3801 3018 3838 ex·

298 3867 514 3939 ceptio:
550 3897 620 3907 —
651 3867 799 3924 inter
838 3869 1003 3941 signa
1040 3867 1221 3921 refero
1261 3863 1588 3919 imminentis
1632 3863 1909 3921 interitus.
1979 3865 2122 3921 Nam
2164 3883 2239 3920 ex
2278 3865 2386 3919 hac
2427 3863 2745 3920 temeritate
2783 3863 2852 3918 nt
2889 3879 3018 3934 pro·

296 3965 529 4020 gressus
572 3947 628 4003 in
668 3947 1093 4020 impudentiam,
1155 3964 1229 4000 ex
1269 3945 1377 3998 hac
1432 3944 1487 3998 in
1545 3943 1923 4016 impietatem,
1981 3961 2102 4000 cum
2158 3943 2378 4000 interim
2427 3961 2650 4016 pessum
2691 3943 2739 3998 it
2779 3943 3020 4000 studium

296 4028 451 4082 vitae
493 4027 863 4083 Christianae.
946 4027 1035 4082 Sic
1076 4044 1184 4100 ego
1227 4025 1391 4078 velim
1432 4023 1651 4080 retundi
1693 4023 2103 4092 enthusiastas,
2163 4031 2228 4080 ut
2266 4031 2534 4097 parcatur
2574 4023 2793 4081 interim
2831 4023 3017 4080 verbis

299 4106 612 4179 scripturae
653 4109 720 4162 de
762 4107 1181 4164 mortificatione
1224 4103 1429 4159 veteris
1469 4103 1668 4182 Adami
1711 4101 1806 4158 ac.

474 4202 729 4255 Marcus
767 4202 1097 4254 Antonius
1133 4201 1205 4252 de
1241 4199 1329 4249 Do
1348 4199 1563 4256 minis,
1604 4198 2000 4264 archiepiscopus
2038 4196 2378 4264 spalatensis,
2435 4214 2580 4268 quem
2631 4198 2908 4265 Keplerus,
2960 4205 3018 4250 ut

294 4287 449 4339 supra
484 4274 605 4326 dicit
618 4310 633 4333 ,
670 4276 961 4326 monitorem
996 4273 1225 4323 nominat
1257 4269 1457 4320 fidelem
1492 4269 1774 4342 Eckyrdum
1788 4305 1803 4328 ‚
1863 4270 2054 4321 monita
2089 4284 2185 4321 sua
2215 4271 2398 4336 publici
2431 4271 2554 4334 iuris
2591 4269 2712 4322 fecit
2746 4275 2866 4321 ante
2899 4285 3014 4336 pro-

294 4346 562 4396 fectionem
598 4348 651 4396 in
686 4345 919 4412 Angliam
957 4341 1261 4406 (conscripta
1284 4341 1511 4392 venetiis
1548 4339 1595 4390 d.
1634 4337 1718 4390 20.
1747 4341 1884 4406 Sept.
1913 4337 2097 4403 1616),
2135 4341 2519 4409 Heidelbergae,
2561 4353 2806 4393 excusans
2839 4342 3015 4407 fugam

292 4431 355 4468 cx
390 4416 511 4467 sede
547 4415 967 4481 archiepiscopali,
1005 4414 1405 4465 reformationem
1440 4413 1805 4476 praenuncians
1844 4411 2086 4462 ecclesiae
2119 4411 2428 4470 Catholicae,
2466 4412 2672 4463 hortans
2711 4413 3013 4464 ecclesiasti-

293 4501 397 4545 cos,
432 4493 493 4538 ut
524 4489 679 4540 vitam
716 4495 769 4539 et
802 4501 963 4538 mores
998 4486 1051 4535 in
1086 4485 1293 4536 meliora
1324 4489 1553 4543 vertant.
1596 4489 1685 4541 „ut
1708 4482 1984 4534 schismata
2007 4483 2348 4544 auferantur.“
2385 4498 2592 4537 monens
2627 4481 3012 4550 „coepiscopos”

291 4565 351 4608 ut
384 4565 614 4617 careant,
660 4573 755 4618 „ne
792 4553 1381 4610 excommunicationibus
1416 4555 1705 4618 importunis
1742 4553 2040 4604 charitatem
2075 4555 2362 4618 abrumpere
2398 4560 2598 4606 tentent
2631 4551 2757 4605 &cf
2831 4551 3010 4617 (Prae-

290 4629 429 4680 misit
462 4630 707 4680 Antonius
740 4629 872 4682 hunc
908 4627 1127 4678 libellum
1160 4625 1293 4676 libris
1328 4625 1375 4674 K
1414 4624 1509 4683 „de
1544 4623 1824 4689 Republica
1857 4623 2250 4676 Ecclesiastioa⁸'
2289 4623 2504 4676 Londini
2543 4621 2724 4688 101⁷).

467 4699 613 4751 Haec
648 4701 967 4766 respicientes
1004 4709 1341 4762 summamque
1380 4709 1545 4746 eorum
1568 4731 1583 4752 .
1638 4709 1767 4760 quae
1806 4695 1988 4746 utun.
2027 4695 2092 4746 de
2126 4695 2354 4746 Dom'mis
2390 4697 2444 4750 in
2480 4699 2628 4760 op'ere
2645 4729 2662 4754 ,
2699 4697 2832 4761 quod
2865 4695 3014 4749 modo

291 4769 517 4830 diximus,
550 4771 615 4822 de
640 4773 975 4836 episcoporum
998 4771 1045 4820 vi
1068 4771 1123 4819 in
1146 4767 1479 4835 gubernandis
1504 4767 1649 4817 rebus
1670 4766 1902 4830 politicis.
1927 4765 2062 4818 lianc
2080 4767 2328 4830 sejleieu.
2355 4766 2520 4825 affert„
2545 4766 2744 4823 deinde,
2769 4768 3014 4820 rationem

290 4839 535 4894 babentes
572 4855 757 4906 eorum,
793 4855 923 4907 quae
958 4841 1207 4905 Kepleras
1242 4841 1295 4888 in
1330 4839 1486 4888 literis
1523 4833 1590 4890 ad
1624 4837 1840 4888 Remum
1872 4837 2006 4888 dans
2041 4839 2216 4903 paucis
2251 4838 2316 4890 de
2349 4837 2416 4888 D.
2455 4851 2490 4890 a
2523 4837 2712 4890 usk-u
2747 4835 3014 4906 (Menan.

290 4913 599 4981 inperatoris
636 4913 885 4968 Matthiae
918 4913 1145 4980 magistri
1182 4908 1351 4972 aulae)
1388 4907 1549 4966 affert,
1588 4909 1753 4960 animo
1790 4909 2000 4973 demque
2037 4911 2287 4962 inme-tes
2323 4924 2419 4968 res,
2457 4922 2586 4980 quae
2621 4915 2744 4962 tunc
2781 4910 3014 4964 viennae

2463 4995 2535 5047 ⁴2
2562 4993 2588 5022 ⁸
