3634 5575
18 5086 25 5107 ..-
18 5071 20 5074 Α
18 5025 20 5060 -
17 4527 27 5015 ...--.-—---——-—-——-—-

590 350 721 427 334
1432 364 1633 417 laterae
1668 364 1880 429 aqu-4
1913 366 2220 431 dierumque
2251 373 2454 417 mutuae

769 520 841 581 Si
882 528 950 581 tu
1006 520 1351 597 existimas,
1406 532 1471 585 te
1518 530 1757 601 gratum
1816 522 1962 584 milii
2024 524 2252 598 facere,
2329 542 2426 585 me
2483 524 2818 585 exercendi)
2873 523 3318 603 ebficefienibm

592 626 707 669 non
756 608 959 681 seriis,
1027 617 1090 670 et
1145 610 1205 671 in
1265 611 1473 691 quibus
1534 614 1665 693 ipse
1713 612 1876 672 scias
1934 612 2312 685 solutionem,
2365 612 2616 685 falleris
2710 612 2852 674 Non
2895 620 3037 693 peto
3083 612 3194 673 tibi
3245 626 3318 672 os

590 696 857 772 vincere,
906 697 1013 759 sed
1060 704 1351 769 mentem,
1413 699 1702 774 animum,
1764 701 2130 762 seutentiam
2193 700 2306 763 tibi
2353 700 2581 779 eripere
2627 700 2899 781 penitus:
2967 708 3076 762 aut
3119 719 3318 763 meam

592 785 702 847 tibi
749 788 982 855 cedere,
1032 786 1085 847 si
1132 787 1369 848 viceris.

734 906 1105 957 Fabricius:
1170 907 1224 959 Si
1259 910 1311 959 in
1350 912 1465 960 aere
1501 910 1663 958 nullus
1703 910 1855 967 calor,
1895 917 1952 959 ut
1989 916 2044 959 tu
2080 902 2152 958 vis
2191 908 2264 975 (p.
2308 906 2456 977 3¹51,
2493 911 2625 961 unde
2661 914 2885 960 meteora
2920 910 3099 977 ignita,
3135 910 3316 961 stellae

589 976 851 1027 volantes?
925 976 1071 1029 Certe
1113 994 1145 1029 a
1181 994 1233 1029 se
1272 981 1481 1031 accendi
1519 996 1618 1030 non
1656 987 1878 1044 possunt,
1917 996 2010 1031 nec
2053 996 2085 1030 a
2123 980 2237 1031 Sole‘
2277 980 2372 1030 sub
2399 977 2603 1031 Terram
2642 980 2891 1039 demerem
2930 996 3024 1031 nec
3063 996 3096 1031 a
3131 980 3318 1047 frigidi

543 1060 552 1063 ·
591 1056 774 1098 natura
812 1050 919 1099 loci.
996 1051 1041 1099 A
1076 1051 1292 1113 planetis
1328 1067 1441 1101 vero
1482 1053 1707 1107 accendi.
1747 1052 1942 1101 facilius
1980 1050 2080 1101 dici
2117 1053 2300 1115 potest,
2346 1067 2493 1116 quam
2529 1053 2740 1115 probari.
2817 1050 2973 1117 Cupio
3013 1065 3128 1119 ergo
3164 1058 3224 1103 e‘x'
3262 1052 3314 1103 te

592 1128 923 1187 cognoscere,
979 1122 1218 1185 quomodo
1259 1122 1597 1172 accendantur
1645 1123 1733 1171 illa
1767 1123 1817 1170 in
1857 1124 1972 1172 aere
2011 1130 2063 1172 et
2097 1123 2206 1173 loco
2243 1120 2456 1188 frigido'
2535 1119 2776 1173 'fractum
2812 1124 2943 1172 enim
2979 1122 3117 1173 illum
3154 1128 3315 1173 totu'rii

595 1191 660 1240 ad
698 1188 894 1239 Lunam
931 1206 1101 1256 nsque,
1143 1193 1219 1243 v'el
1258 1195 1408 1242 etiam
1390 1181 1675 1251 ulterius,
1715 1194 1974 1257 frigidum,
2011 1194 2090 1242 vel
2128 1200 2262 1243 certe
2299 1205 2400 1242 ιιοιι
2436 1194 2652 1243 calidum
2691 1208 2820 1250 esse,
2862 1201 2915 1243 et
2953 1209 3046 1259 ego
3084 1196 3311 1257 conjicio.

591 1260 697 1326 Eg‘o
735 1262 987 1311 stellarum
1022 1265 1075 1312 in
1112 1264 1227 1313 agre
1267 1264 1642 1314 discurrentium
1692 1266 1954 1313 materiam
2005 1278 2107 1313 non
2145 1278 2393 1319 crassam
2450 1264 2538 1313 sed
2583 1266 2802 1315 maxime
2837 1265 3026 1325 levem,
3083 1262 3313 1315 subtilem

592 1344 863 1452 ceffiersm.
881 1410 904 1452 t
938 1332 1109 1453 Nemttr
1133 1349 1352 1400 unquam
1389 1351 1450 1385 ex
1476 1336 1701 1386 accensis
1726 1335 1821 1386 illis
1847 1336 2121 1385 volantibus
2146 1336 2335 1385 stellis
2321 1351 2373 1385 ιιι
2399 1335 2600 1385 Terram
2625 1334 2892 1400 quidquam
2921 1336 3147 1387 decidere
3173 1336 3312 1395 vidit,

592 1418 655 1452 au
710 1420 753 1452 vi
816 1418 880 1453 au
940 1419 1070 1454 sensi

770 1492 1176 1573 Keplerus:
1256 1493 1435 1554 Aeris
1486 1491 1789 1571 frigiditas
1841 1492 1948 1554 tibi
2007 1511 2124 1553 non
2172 1492 2397 1570 placet.
2499 1488 2733 1571 objicis
2780 1500 3048 1554 meteora
3094 1494 3310 1573 ignita.

592 1578 833 1659 objicio
881 1600 992 1661 ego
1041 1583 1319 1644 Boream.
1414 1579 1483 1643 Si
1532 1597 1768 1660 semper
1815 1589 2030 1660 suapte
2090 1590 2308 1641 natura
2372 1580 2604 1641 calidus
2675 1586 2809 1651 aer,
2865 1580 3022 1642 unde
3087 1595 3312 1661 quaeso

592 1669 687 1737 fit,
764 1677 830 1729 ut
883 1670 1115 1731 Boreas
1176 1670 1442 1731 membra
1500 1668 1765 1730 adurat?
1857 1669 2016 1730 Nam
2064 1668 2210 1730 illud
2257 1686 2459 1729 rarum
2515 1678 2646 1742 est,
2723 1668 2961 1730 incendi
3010 1676 3304 1745 meteora,

593 1758 704 1819 hoc
750 1769 1101 1840 perpetuum
1132 1776 1385 1839 semper,
1433 1757 1774 1837 infrigidari
1825 1761 2028 1819 aerem
2074 1776 2183 1818 sua
2211 1767 2446 1829 natura,
2497 1758 2614 1818 nisi
2651 1758 3011 1819 calefactum
3045 1758 3308 1819 aliunde.

594 1846 721 1907 Imo
772 1862 909 1908 vero
958 1846 1018 1907 in
1066 1846 1455 1927 sequentibus
1504 1846 1795 1922 declaraS,
1849 1854 1909 1907 te
1956 1862 2184 1909 mecum
2234 1844 2482 1918 sentire,
2532 1847 2592 1907 id
2639 1846 2859 1907 saltem
2906 1858 3121 1927 cupere
3171 1847 3307 1908 dis-

592 1952 755 2007 cere,
833 1954 947 2016 quo
1002 1937 1179 1996 modo
1238 1944 1506 1997 meteora
1565 1935 1673 1996 illa
1726 1934 2143 1996 incendantur.
2237 1932 2634 2013 Respondeo:
2702 1932 2762 1996 si*
2801 1934 3082 2013 flagrant,
3131 1935 3219 1997 sic
3268 1947 3316 1995 a

596 2022 817 2102 frigore
867 2024 1283 2097 incenduntur,
1332 2032 1400 2085 ut
1444 2024 1684 2102 fulgura
1732 2033 1794 2084 et
1842 2023 2091 2084 fulmina
2135 2024 2294 2085 inter
2339 2024 2694 2101 grandines3
2745 2033 3036 2102 coguntur
3082 2024 3307 2105 frigore

594 2111 830 2191 vimque
879 2112 1197 2174 intendunt
1245 2130 1415 2174 suam
1463 2120 1523 2173 et
1571 2111 1874 2172 flammam
1920 2111 2283 2192 concipiunt.

735 2253 1113 2302 Fabricius:
1178 2252 1423 2303 Virtutem
1457 2251 1661 2301 vitalem
1696 2252 1748 2301 in
1784 2252 1984 2303 humido
2019 2252 2229 2303 radicali
2264 2258 2321 2301 tu
2355 2253 2514 2315 prima
2549 2255 2705 2301 caasa
2725 2253 2887 2315 ponis,
2923 2251 3169 2301 secundas
3195 2265 3312 2303 'vere

592 2325 765 2373 uibuis
798 2324 955 2373 motui
992 2323 1139 2374 Solis.
1212 2323 1307 2372 Est
1342 2324 1474 2373 enim
1509 2324 1563 2372 in
1601 2322 1715 2373 Sole
1752 2324 1824 2372 vis
1872 2323 2169 2387 vegetandi,
2223 2322 2582 2376 exstimulandi
2625 2325 2815 2371 animos
2870 2329 2924 2371 et
2977 2323 3122 2372 robur
3160 2324 3310 2373 vitale

592 2410 690 2445 nen
730 2396 927 2463 exigua.
1002 2394 1158 2443 Putas
1205 2409 1319 2443 vero
1372 2408 1483 2443 eam
1531 2394 1759 2443 virtutem
1815 2394 2227 2443 exstimulativam
2274 2392 2364 2442 dte.
2415 2408 2500 2455 pro
2546 2394 2680 2443 vario
2729 2394 2828 2443 situ
2875 2408 2964 2443 suo
3000 2394 3054 2442 in
3089 2393 3312 2445 themate

592 2480 696 2515 non
731 2466 927 2527 variari,
966 2464 1056 2514 sed
1090 2472 1380 2529 perpetuam
1419 2472 1472 2515 et
1509 2464 1601 2513 sibi
1637 2465 1847 2515 similem
1885 2480 2010 2521 esse.
2049 2466 2174 2515 situs
2207 2476 2323 2515 vero
2359 2464 2685 2514 variationem
2721 2465 2868 2515 certis
2903 2464 3142 2527 personis,
3179 2470 3310 2515 tem·

592 2538 791 2600 poribus
827 2543 879 2584 et
913 2536 1037 2584 locis
1071 2536 1329 2585 stiuam-are
1366 2537 1555 2585 animos
1614 2532 1794 2599 (comp.
1834 2552 1882 2599 p.
1924 2532 2068 2597 31⁴).
2144 2534 2468 2599 Respondeo:
2507 2544 2698 2585 certum
2735 2543 2832 2593 est,
2865 2535 3114 2584 homiaem
3149 2538 3312 2585 vivere

594 2608 781 2671 absque
818 2606 949 2665 Sole,
990 2621 1085 2657 nec
1122 2606 1207 2657 Sol
1245 2608 1393 2656 unica
1417 2609 1551 2656 vitae
1576 2608 1821 2656 naturalis
1858 2620 2014 2656 cansa
2051 2614 2146 2665 est,
2183 2608 2274 2657 sed
2309 2606 2488 2656 saltem
2523 2606 2784 2669 adjuvans,
2821 2613 2874 2657 et
2907 2606 3150 2656 relatione
3185 2622 3306 2671 qua·

595 2679 715 2729 dam
752 2679 919 2728 divina
956 2692 1039 2727 cor
1075 2678 1205 2727 vitae
1242 2679 1430 2727 fontem
1464 2679 1668 2743 respicit
1705 2676 1976 2741 (Keplerus
2001 2680 2050 2726 in
2077 2678 2332 2743 margine:
2371 2676 2455 2727 Sol
2493 2691 2577 2725 cor
2611 2679 2814 2741 respicit
2845 2693 2946 2726 non
2982 2686 3088 2727 tam
3113 2678 3314 2729 occulta

595 2750 787 2800 ratione
825 2748 1011 2805 divina,
1051 2762 1199 2813 quam
1234 2750 1503 2799 manifesta
1538 2746 1857 2798 similitudine
1893 2748 2160 2812 naturae),
2212 2750 2341 2799 sicut
2378 2748 2529 2798 ceteri
2567 2748 2799 2812 planetae
2837 2748 2942 2800 alia
2973 2747 3197 2798 membra
3230 2762 3308 2799 re-

595 2822 835 2884 spiciunt,
888 2819 1018 2883 quod
1053 2835 1118 2869 ne
1152 2822 1329 2870 mirum
1364 2820 1454 2869 tibi
1491 2822 1585 2876 sit,
1623 2821 1845 2884 exemplo
1884 2819 2160 2870 declarabo.
2233 2819 2406 2869 Habet
2441 2817 2525 2868 Sol
2572 2821 2787 2870 eundem
2823 2820 3064 2877 calorem,
3119 2825 3312 2884 semper

594 2893 686 2941 sibi
720 2892 958 2947 similem,
1016 2897 1072 2938 at
1107 2892 1297 2941 ratione
1334 2893 1457 2940 situs
1494 2894 1547 2940 in
1584 2892 1722 2941 coelo
1758 2906 1858 2939 non
1895 2893 2074 2955 ubique
2114 2893 2390 2956 aequaliter
2427 2903 2538 2938 eum
2575 2891 2788 2941 calorem
2826 2893 3070 2954 impertit,
3109 2893 3163 2940 in
3197 2899 3312 2940 ortu

594 2963 799 3026 eximius
836 2967 939 3020 est,
978 2961 1055 3010 vel
1092 2962 1243 3010 etiam
1278 2963 1471 3019 nullus.
1511 2963 1563 3012 in
1599 2962 1871 3012 meridiano
1907 2964 2179 3022 maximus,
2234 2965 2310 3012 ita
2343 2968 2402 3011 ut
2437 2963 2534 3009 situ
2568 2963 2784 3012 varietur
2819 2963 2957 3014 calor
2993 2961 3141 3014 Solis.
3213 2961 3313 3012 eu

593 3049 695 3083 non
730 3034 906 3082 eadem
940 3033 1132 3082 ratione
1182 3034 1383 3082 occulta
1428 3033 1543 3082 talis
1580 3036 1651 3082 vis
1689 3033 1942 3083 animandi
1991 3041 2044 3082 et
2079 3033 2346 3099 vegetandi
2393 3033 2647 3082 humidum
2683 3035 2817 3084 vitae
2851 3032 3071 3084 radicale
3110 3033 3307 3084 diversi·

596 3104 738 3154 mode
776 3119 829 3154 se
866 3104 1050 3153 habere
1085 3105 1240 3166 possit
1286 3103 1579 3168 (Keplemm
1644 3103 1777 3164 Quia
1816 3104 1946 3153 aliae
1984 3105 2122 3170 leges
2157 3101 2344 3166 hujus),
2382 3118 2478 3152 nec
2515 3109 2683 3154 tamen
2721 3107 2775 3154 in
2809 3105 2886 3154 his
2923 3105 3147 3154 omnibus
3184 3105 3310 3154 adeo

596 3175 663 3224 ad
700 3189 883 3225 causas
919 3180 971 3224 et
1008 3176 1226 3224 rationes
1262 3175 1517 3225 naturales
1552 3176 1914 3239 respiciendum
1951 3189 2060 3225 esse
2095 3183 2215 3239 puto
2232 3211 2246 3233 ,
2302 3181 2386 3232 ut.
2424 3186 2552 3238 quae
2587 3181 2786 3238 praeter
2821 3181 3054 3225 naturam
3103 3187 3166 3225 ex
3200 3175 3311 3224 sola

596 3245 764 3296 divina
799 3246 1109 3296 ordinatione
1144 3247 1220 3296 ita
1255 3248 1531 3296 constituta
1564 3253 1696 3303 sunt,
1734 3260 1821 3310 pro
1857 3246 1996 3296 falsis
2031 3247 2214 3296 habere
2249 3244 2496 3296 velimus?
2568 3244 2690 3307 (K.:
2727 3247 2904 3307 Proba
2943 3246 3170 3296 divinant
3198 3259 3312 3296 esse

596 3317 1015 3374 constitutionem,
1054 3323 1109 3366 et
1140 3333 1229 3380 pro
1266 3317 1391 3368 falso
1428 3333 1528 3368 non
1563 3316 1804 3378 habebo)-

736 3387 875 3438 Deus
926 3388 1205 3452 apheticam
1250 3390 1346 3438 vim
1397 3389 1640 3438 diversam
1688 3389 2007 3438 luminaribus
2059 3388 2312 3446 attribuit,
2363 3395 2420 3438 ut
2465 3390 2521 3437 in
2563 3388 2656 3438 hoc
2702 3388 2810 3438 loco
2857 3389 3090 3438 thematis
3134 3389 3312 3444 minus,

592 3460 647 3508 in
691 3458 787 3508 alio
834 3460 1019 3524 magis.
1074 3460 1127 3508 in
1177 3460 1323 3508 tertio
1372 3459 1494 3509 nihil
1546 3459 1858 3525 significent3
1920 3473 2039 3508 nam
2093 3459 2226 3508 bona
2276 3465 2326 3508 et
2369 3459 2507 3508 mala
2563 3460 2883 3509 diversimode
2939 3459 3209 3524 dispensat,
3261 3461 3313 3508 et

594 3543 708 3579 cum
760 3545 849 3594 per
901 3531 1048 3595 signa
1095 3531 1283 3580 variam
1336 3529 1470 3581 hanc
1525 3531 1943 3595 dispensationem
1987 3529 2314 3594 praefigurat,
2375 3543 2476 3579 non
2528 3531 2580 3580 in
2634 3531 2810 3596 signis,
2868 3531 2958 3582 sed
3011 3532 3064 3580 in
3115 3531 3311 3581 ordina-

595 3603 729 3650 tione
766 3601 864 3651 Dei
902 3613 1089 3651 causae
1125 3601 1269 3662 hujus
1308 3602 1612 3652 diversitatis
1644 3601 1968 3666 inquirendae
2007 3608 2165 3650 erunt.
2241 3601 2390 3664 Lapis
2435 3613 2530 3650 sua
2563 3609 2747 3652 natura
2791 3617 2890 3652 non
2929 3607 3008 3652 est
3039 3601 3182 3652 limes
3215 3615 3314 3652 nee

594 3673 791 3736 signum
826 3673 963 3734 viae,
997 3672 1076 3722 vel
1112 3672 1249 3722 aliud
1286 3673 1637 3723 adminiculum
1672 3673 1789 3722 huie
1827 3673 1904 3722 vel
1939 3672 2010 3720 illi
2047 3673 2118 3721 rei
2153 3672 2608 3728 accommodatum,
2653 3674 2744 3723 sed
2779 3689 2842 3724 ea
2876 3674 3186 3724 ordinatione
3221 3674 3310 3722 ho-

537 3751 545 3756 '
592 3748 780 3792 minum
818 3745 863 3793 ei
900 3743 1060 3792 officio
1099 3743 1386 3808 delegatur,
1442 3751 1499 3793 ut
1542 3745 1687 3793 modo
1734 3746 1799 3792 sit
1844 3744 1984 3792 limes
2035 3745 2298 3807 agrorum,
2357 3744 2502 3793 modo
2539 3745 2794 3809 angularis
2829 3746 2954 3809 lapis
2989 3745 3042 3794 in
3081 3745 3309 3794 aedificio

596 3815 786 3878 aliquo,
840 3814 983 3864 modo
1022 3815 1220 3879 signum
1268 3816 1378 3864 viae
1415 3814 1493 3863 vel
1528 3814 1934 3878 impedimentum
1971 3815 2076 3876 ejus
2095 3849 2109 3871 ‚
2165 3813 2310 3864 modo
2347 3830 2436 3878 per
2471 3830 2524 3865 se
2556 3816 2698 3877 jacet
2735 3816 2920 3880 absque
2966 3817 3097 3864 omni
3134 3815 3312 3865 officio.

596 3883 814 3934 Stultum
851 3885 933 3935 hic
972 3893 1134 3942 esset,
1189 3886 1243 3934 in
1288 3887 1393 3949 ipso
1438 3885 1604 3948 lapide
1650 3899 1886 3948 quaerere
1923 3887 2197 3940 rationem,
2255 3899 2342 3936 cur
2377 3886 2622 3936 interdum
2671 3887 2812 3936 limes
2848 3894 3009 3948 esset,
3067 3887 3314 3936 interdum

596 3955 752 4014 nihil3
790 3957 882 4005 sed-
914 3959 967 4005 in
1002 3956 1217 4005 hominis
1252 3957 1561 4006 ordinatione
1599 3955 1759 4006 latent
1794 3955 1968 4005 horum
2005 3957 2240 4007 rationes.
2315 3956 2612 4021 (Keplerusz
2671 3957 2896 4018 Summa,
2929 3966 2986 4008 ut
3019 3957 3146 4021 lapis
3182 3959 3308 4006 ordi·

594 4029 797 4076 natione
834 4025 1087 4076 hominnm
1121 4027 1369 4076 interdum
1406 4041 1464 4076 ex
1499 4027 1655 4078 limite
1690 4026 1749 4075 fit
1770 4027 2194 4091 impedimentum,
2233 4029 2307 4077 ita
2331 4027 2416 4077 Sol
2453 4042 2518 4077 ex
2539 4028 2847 4078 ordinatione
2875 4029 3042 4080 divina
3065 4028 3316 4079 interd-n

595 4111 657 4146 ex
690 4099 823 4148 vitae
860 4098 1033 4148 datore
1068 4096 1437 4164 θανασομος.)
1508 4097 1591 4148 Sic
1647 4098 1779 4161 qnod
1816 4097 1899 4148 Sol
1935 4099 1986 4147 in
2023 4097 2138 4148 XII.
2179 4095 2372 4160 (domo)
2427 4114 2512 4162 pso
2550 4101 2656 4148 vita
2707 4101 2938 4164 exiguam
2988 4109 3080 4150 ant
3127 4100 3316 4150 nullam

594 4169 1009 4234 fignificationem
1042 4168 1212 4228 habet,
1252 4171 1301 4217 ia
1339 4170 1386 4218 1.
1422 4175 1477 4219 et
1509 4169 1569 4218 X.
1607 4183 1866 4233 magnam,
1904 4172 1955 4219 in
1982 4169 2122 4218 vm.
2165 4169 2316 4219 aliam
2352 4184 2502 4233 quam
2523 4171 2577 4218 in
2605 4169 2726 4230 vll,
2764 4185 2924 4220 causa
2953 4171 3128 4222 horum
3161 4179 3312 4220 nanu-

592 4241 711 4289 ralis
747 4240 884 4288 nulla
922 4246 998 4289 est
1032 4241 1086 4288 in
1124 4239 1254 4300 Sole,
1296 4242 1385 4290 sed
1420 4241 1472 4289 in
1497 4240 1597 4290 Dei
1632 4240 1945 4290 ordinatione
1983 4240 2282 4304 (Keplerusz
2317 4239 2440 4290 Inde
2467 4240 2732 4290 absurdum
2755 4241 3088 4304 probandam)
3135 4269 3196 4280 --
3229 4255 3312 4292 ne-

592 4311 750 4362 lativa
796 4312 927 4360 enim
975 4311 1123 4376 signa
1156 4319 1275 4362 sunt
1308 4311 1475 4362 sidera
1510 4340 1576 4350 -
1615 4312 1696 4376 qui
1742 4312 1840 4362 hac
1892 4312 2177 4363 diversitate
2224 4311 2486 4362 arbitraria
2522 4312 2653 4361 bona
2686 4313 2820 4362 sarie
2859 4314 3117 4378 dispensat
3131 4349 3145 4368 .
3199 4329 3310 4364 cum

596 4397 695 4431 non
733 4382 878 4431 unius
920 4381 1053 4430 modi
1088 4384 1189 4431 sint
1223 4382 1477 4440 homines,
1540 4397 1633 4432 nec
1680 4397 1778 4432 uno
1817 4383 1962 4432 modo
2001 4389 2160 4447 agant
2198 4391 2287 4432 aut
2320 4384 2520 4441 vivant,
2572 4389 2624 4432 et
2659 4383 2908 4433 actionem
2946 4386 3181 4435 astralem
3233 4385 3310 4434 vel

594 4453 1009 4519 significationem
1047 4459 1135 4502 aut
1170 4454 1477 4517 suspendunt
1512 4459 1601 4502 aut
1627 4461 1874 4502 exserunt.
1951 4450 2246 4516 (Keplerust
2285 4453 2339 4502 Si
2373 4454 2501 4503 haec
2528 4452 2624 4502 Dei
2660 4453 2888 4505 voluntas
2911 4456 3058 4505 nullis
3085 4464 3163 4506 est
3185 4454 3307 4520 legl-

592 4523 683 4573 bue
720 4524 946 4589 alligata.
982 4525 1155 4656 ¹¹3un
1188 4525 1332 4582 seiri3
1370 4525 1413 4574 si
1450 4530 1529 4574 est
1564 4523 1789 4590 alligata,
1822 4528 1928 4587 jam
1965 4526 2106 4574 facta
2141 4531 2218 4574 est
2251 4537 2369 4588 pars
2403 4529 2648 4584 namtas,
2685 4527 2998 4592 accipiatque
3033 4527 3208 4577 nodos
3244 4528 3312 4577 ad

592 4594 743 4644 finem
778 4595 1017 4644 ducentes

740 4665 884 4726 Quod
920 4665 1176 4729 eclipsium
1212 4665 1421 4716 effectus
1455 4680 1545 4730 per
1580 4667 1937 4729 experientiam
1973 4667 2092 4716 mali
2129 4665 2590 4732 deprehendantur,
2645 4683 2746 4718 non
2783 4682 2846 4717 ex
2879 4675 3064 4718 natura
3096 4668 3308 4726 illarum.

598 4735 686 4788 sed
724 4751 785 4786 ex
819 4736 918 4786 Dei
956 4735 1266 4787 ordinatione
1303 4751 1427 4795 esse,
1469 4738 1575 4801 quis
1612 4752 1711 4786 non
1746 4734 1924 4787 videt?
1998 4733 2121 4799 (Kx
2161 4737 2268 4805 Ego
2294 4753 2484 4803 quoque
2512 4735 2671 4800 olim.)
2745 4737 2894 4796 Nam,
2934 4753 3080 4802 quam
3117 4740 3308 4808 physici

599 4807 813 4857 afferunt
850 4818 1073 4864 causam,
1108 4809 1331 4858 invalida
1356 4813 1457 4866 est3
1498 4807 1621 4857 alias
1656 4809 1709 4856 in
1754 4811 1926 4872 quavis
1956 4803 2014 4875 ό
2054 4809 2215 4868 Luna,
2253 4809 2492 4859 destituta
2515 4809 2699 4859 lumine
2727 4807 2869 4868 Solis,
2907 4809 3133 4860 humores
3157 4812 3312 4860 etiam
3367 4837 3383 4840 —

596 4879 891 4932 destitueret
926 4885 979 4930 et
1012 4880 1199 4930 malum
1233 4880 1452 4931 inferret.
1535 4878 1673 4930 ldem
1708 4879 1775 4931 de
1818 4880 2018 4946 reliquis
2059 4881 2276 4946 planetis
2325 4881 2640 4933 sentiendum
2689 4887 2827 4946 puto·
2897 4881 3049 4932 Aliud
3081 4880 3220 4932 Hm
3253 4884 3312 4932 in
