3634 5575
570 335 700 416 238
1091 335 1103 341 “
1765 351 2091 403 mensum.
2116 368 2151 392 ι

569 513 729 576 tanti
792 512 942 574 fiant
989 511 1283 591 epistolae
1342 527 1490 592 quas
1539 511 1721 572 fundo
1786 511 1863 572 ab
1908 511 2012 587 iis,
2065 511 2275 592 quibus
2324 528 2418 575 me
2466 512 2707 574 honoris
2756 533 2943 575 causa
2986 519 3057 575 ut
3100 511 3301 575 disci-

567 604 743 684 pulus
793 600 1112 664 submitto:
1165 619 1277 680 age
1307 606 1372 662 et
1401 599 1543 662 mihi
1581 619 1749 662 meae
1781 600 2077 680 epistolae
2107 609 2284 663 erunt
2330 599 2388 662 in
2420 601 2633 682 preti0,
2684 601 3003 665 scribam
3046 609 3297 678 caute,

569 690 911 754 retinebo
975 688 1440 769 exemplaria.
1533 690 1767 751 Morem
1813 688 2137 751 Frischlini
2205 690 2498 770 sequitur,
2564 690 2713 752 viris
2766 691 2943 754 bonis
3012 690 3297 771 injuriam

571 779 720 852 facit
739 826 754 854 ,
821 779 1194 840 humanitate
1265 777 1530 839 officiose
1575 779 1770 857 magis
1834 796 2013 856 quam
2062 779 2220 840 serio
2280 779 2667 841 scribentium
2733 780 2811 842 ad
2874 780 3299 861 instruendam

567 887 736 930 suam
783 867 1012 930 rabiem
1058 867 1344 944 abutitur.
1439 867 1635 928 Tanto
1683 873 1900 948 peccat
1944 867 2219 946 gravius,
2273 868 2430 948 quod
2477 867 2667 929 virum
2715 887 3039 943 summum,
3108 887 3292 948 quem

567 977 663 1020 me
711 953 992 1018 admirari
1037 955 1231 1030 videt,
1292 954 1442 1016 meis
1490 955 1688 1017 verbis
1738 955 2074 1018 deformare
2124 956 2348 1017 studet.
2440 955 2902 1018 Jurisconsultis
2952 957 3027 1018 do
3076 957 3293 1018 discu-

565 1045 838 1109 tiendum
883 1046 996 1106 hoc
1043 1045 1285 1108 crimen.
1379 1043 1504 1105 Sed
1552 1045 1696 1123 quid
1741 1063 1891 1123 opus
1938 1054 2037 1106 est
2100 1064 2194 1106 me
2241 1044 2358 1125 ipsi
2417 1045 2713 1119 scribere,
2788 1064 2923 1108 cum
2978 1046 3066 1108 sit
3128 1047 3297 1108 male

567 1135 824 1197 furiatus
854 1133 1050 1207 home,
1099 1141 1168 1194 ut
1213 1133 1404 1207 video,
1455 1154 1493 1194 a
1521 1151 1637 1212 quo
1667 1133 1881 1194 merito
1912 1133 2243 1195 cavendum
2280 1141 2396 1204 est,
2442 1152 2520 1193 ne
2560 1151 2740 1212 porro
2774 1153 3007 1215 quoque
3054 1135 3295 1197 laedat.

567 1223 832 1284 Videtur
875 1222 988 1283 hoc
1034 1221 1224 1300 ipsum
1273 1221 1334 1281 in
1380 1239 1574 1282 meam
1622 1240 1737 1282 non
1782 1221 1975 1282 minus
2022 1241 2202 1302 quam
2233 1221 2533 1303 Tychonis
2583 1222 2799 1283 fecisse
2839 1221 3292 1285 contumeliam.

571 1310 724 1375 Cum
781 1311 934 1372 enim
983 1329 1076 1372 me
1123 1309 1289 1388 prius
1350 1310 1700 1384 laudasset,
1769 1318 1986 1392 postea
2033 1318 2368 1389 comperto,
2429 1309 2734 1389 suspicere
2781 1329 2876 1372 me
2926 1311 3296 1392 Tychonem,

565 1401 754 1462 iratus
801 1401 915 1461 hoc
959 1417 1054 1459 me
1102 1405 1431 1460 scommate
1477 1406 1544 1459 et
1588 1398 1845 1460 ludibrio
1884 1399 2216 1476 insignivit.
2310 1399 2557 1461 Utinam
2594 1416 2735 1486 vero
2766 1407 3095 1462 monstrum
3132 1400 3291 1462 illud

566 1489 822 1563 videam,
873 1488 1032 1568 quod
1077 1505 1274 1548 meam
1320 1487 1486 1548 illam
1517 1487 1837 1566 epistolam
1866 1487 2145 1550 cornibus
2182 1487 2545 1548 circumfert.
2642 1486 2926 1550 Ceterum
2966 1488 3293 1550 abstinebo

563 1578 809 1658 penitus
856 1576 934 1637 ab
979 1575 1215 1637 homine
1263 1582 1327 1635 et
1371 1594 1468 1637 me
1517 1577 1665 1638 data
1711 1575 2031 1638 occasione
2075 1577 2349 1656 purgabo
2398 1575 2686 1656 Tychoni,
2761 1577 2919 1656 quod
2966 1583 3031 1637 et
3072 1584 3135 1638 te
3184 1595 3299 1639 oro

567 1673 632 1728 ut
681 1665 892 1727 facias.
987 1665 1274 1726 Mittatur
1319 1664 1461 1725 mihi
1511 1665 1821 1744 exemplar
1867 1683 2037 1725 meae
2083 1665 2419 1746 impressae
2466 1663 2782 1743 epistolae,
2832 1683 2973 1726 nam
3001 1665 3117 1727 etsi
3144 1683 3297 1726 ver-

566 1754 774 1816 borum
827 1753 956 1833 jam
1011 1761 1156 1831 post
1208 1759 1445 1814 tantum
1501 1754 1788 1831 temporis
1847 1771 1963 1814 non
2011 1773 2139 1814 sum
2196 1753 2452 1831 amplius
2514 1771 2767 1828 memor,
2838 1753 3017 1814 facile
3083 1760 3293 1816 tamen

569 1859 924 1922 agnoscam,
991 1843 1042 1904 si
1091 1840 1228 1922 quid
1277 1859 1389 1921 ego
1437 1843 1651 1921 scripsi
1699 1843 1869 1922 sique
1908 1842 2157 1904 ulterius
2206 1842 2309 1904 ille
2360 1850 2680 1922 grassatus
2728 1847 2850 1917 est,
2911 1841 3099 1904 verba
3142 1843 3297 1906 mihi

569 1933 726 1993 forte
773 1931 1063 2004 tribuenS,
1113 1949 1266 2011 quae
1316 1949 1452 1991 mea
1497 1949 1612 1992 non
1661 1936 1822 1993 sunt.
1916 1931 2054 1993 Non
2101 1949 2349 2011 possum
2396 1931 2662 2001 credere,
2712 1931 2867 1994 adeo
2896 1949 2992 1992 me
3039 1931 3297 1994 sudasse

569 2019 626 2082 in
673 2020 806 2100 ipso
855 2019 1177 2094 laudando,
1226 2028 1296 2080 nt
1341 2019 1650 2100 superbire
1701 2019 1908 2082 asinus
1956 2021 2169 2082 merito
2218 2027 2451 2100 posset.

568 2247 660 2311 (12
708 2177 1241 2310 {nhfflfimm
1297 2179 1366 2229 ad
1403 2179 1676 2243 Keplernm
1729 2179 1961 2230 datarum
2012 2179 2180 2241 copias
2214 2178 2557 2228 transmittens
2590 2177 2977 2228 Maestlinus
3042 2181 3297 2245 respondit

665 2283 678 2296 .
756 2264 839 2300 an.
949 2285 960 2298 .
1003 2261 1016 2298 :

705 2356 908 2410 Librum
931 2356 1023 2408 feri
1046 2356 1160 2408 Ursi
1183 2359 1363 2420 polius,
1405 2369 1556 2420 quam
1579 2358 1680 2406 veri
1717 2356 1930 2407 hominis
1956 2354 2395 2422 (quemadmodum
2418 2355 2589 2418 'tycho
2636 2369 2751 2405 eum
2776 2352 3020 2420 appellat)
3050 2371 3143 2423 ego
3168 2373 3292 2423 quo·

565 2442 660 2496 que
701 2442 804 2478 nou
840 2429 954 2478 vidi.
1030 2427 1217 2478 Verum
1258 2442 1319 2478 ex
1357 2428 1452 2478 hac
1498 2428 1709 2491 epistola
1733 2427 1983 2490 Tychonis
2025 2428 2191 2478 videre
2238 2427 2325 2477 tibi
2366 2427 2501 2484 licet,
2548 2441 2679 2477 anne
2704 2427 2856 2477 verba
2896 2433 2989 2476 tua
3026 2443 3293 2494 agnoscas.

567 2497 754 2562 Quodsi
791 2500 934 2564 plura
971 2499 1062 2549 tibi
1087 2499 1280 2549 affinxit
1307 2496 1459 2565 (quod
1486 2513 1580 2564 ego
1604 2498 1823 2562 profecto
1866 2499 1986 2548 mihi
2030 2501 2225 2549 omnino
2266 2496 2565 2562 persuadeo)
2588 2500 2777 2562 poteris
2811 2513 2909 2548 non
2935 2505 3131 2548 tantum
3158 2500 3295 2563 apud

563 2565 851 2634 Tychonem
889 2583 939 2620 te
967 2582 1204 2621 excusare
1232 2567 1404 2635 (quam
1441 2571 1602 2633 ipsam
1627 2571 1688 2620 ob
1713 2583 1921 2620 causam
1961 2585 2053 2636 ego
2080 2585 2271 2634 quoque
2311 2570 2556 2620 hactenus
2583 2583 2869 2632 responsum
2914 2569 2980 2618 ad
3005 2569 3293 2632 Tychonem

563 2641 746 2700 distuli,
773 2642 932 2692 donec
957 2657 1017 2692 ex
1039 2647 1094 2692 te
1119 2642 1242 2691 certi
1264 2642 1382 2705 quid
1405 2655 1470 2690 ea
1493 2642 1554 2691 de
1579 2652 1632 2690 re
1659 2638 2058 2706 cognoscerem),
2103 2642 2192 2690 sed
2230 2643 2381 2690 etiam
2418 2642 2733 2690 occasionem
2776 2640 2853 2690 vel
2892 2654 2983 2704 per
3003 2640 3172 2691 literas
3212 2642 3293 2691 vel

566 2713 664 2762 alio
687 2713 830 2762 modo
873 2713 924 2762 id
947 2713 1074 2763 Urso
1119 2712 1441 2776 exprobrandi
1485 2726 1738 2777 quaerere.
1813 2711 1916 2762 Sed
1938 2713 2007 2763 ibi
2034 2713 2233 2764 consilio
2274 2712 2353 2763 vel
2378 2711 2657 2764 consultore
2694 2717 2812 2776 puto
2840 2717 2893 2762 te
2916 2726 3021 2762 uon
3046 2712 3291 2778 indigere.

565 2783 702 2836 Male
725 2783 937 2835 furiatus
963 2790 1096 2835 certe
1122 2790 1200 2835 est
1219 2783 1365 2833 homo
1391 2784 1485 2833 iste
1509 2800 1652 2835 verus
1678 2790 1730 2834 et
1754 2784 1887 2835 ferus
1912 2799 2071 2835 ursus.

703 2924 1016 2989 Keplerus
1065 2926 1338 2975 transmisit
1375 2923 1646 2975 Maestlino
1695 2924 1866 2975 literas
1900 2940 2015 2975 suas
2054 2923 2491 2991 „expurgatorias“
2507 2962 2522 2984 ,
2577 2928 2661 2990 qui
2709 2938 2795 2976 eas
2844 2932 3133 2992 „gratanter
3167 2929 3295 2993 legit

561 2998 749 3063 sibique
791 3001 845 3046 et
879 2996 1097 3060 Keplero
1133 2998 1194 3047 de
1236 2997 1530 3062 purgatione
1567 3010 1661 3047 sua
1692 2996 2011 3045 vehementer
2050 2997 2381 3062 gratulatur“.
2460 2995 2615 3061 Spero
2629 3031 2646 3058 ,
2690 3000 2865 3063 pergit,
2911 3000 3071 3063 ipsum
3095 2999 3290 3062 Tycho·

561 3084 678 3119 nem
737 3068 888 3117 etiam
932 3069 1126 3117 omnino
1179 3074 1470 3118 contentum
1492 3068 1610 3119 fore.
1699 3067 1806 3133 Ego
1835 3068 1995 3117 eidem
2038 3068 2257 3118 nondum
2301 3068 2531 3132 respondi
2566 3068 2644 3117 his
2688 3068 2879 3119 duabus
2932 3070 3093 3121 causis
3132 3072 3291 3134 impe-

563 3140 714 3189 ditus:
751 3140 906 3202 primo
932 3141 1050 3202 quia
1071 3138 1187 3203 quid
1209 3154 1295 3203 pro
1321 3145 1372 3189 te
1411 3139 1804 3203 respondendum
1834 3146 1979 3197 esset,
2027 3140 2348 3204 ignorabam3
2390 3140 2780 3202 exspectandum
2806 3155 2921 3206 ergo
2979 3142 3096 3191 mihi
3136 3143 3291 3193 fuisse

563 3210 751 3271 censui,
796 3215 853 3258 ut
875 3210 1218 3275 intelligerem,
1259 3224 1326 3259 an
1362 3208 1474 3259 illas
1497 3210 1666 3261 literas
1711 3210 1777 3260 ad
1801 3210 1979 3259 Forum
2024 3224 2337 3275 agnosceres.
2413 3210 2610 3259 Etenim
2653 3211 2850 3261 omnino
2894 3212 3057 3270 credo,
3109 3212 3288 3263 Forum

560 3282 697 3330 illum
721 3280 963 3330 nonnulla
987 3281 1048 3331 de
1071 3297 1160 3331 suo
1186 3283 1258 3331 eis
1282 3280 1551 3332 effinxisse.
1623 3281 1770 3332 Nunc
1785 3286 1966 3330 autem
1990 3294 2148 3345 spero,
2194 3281 2481 3343 Tychonem
2518 3281 2614 3331 hac
2638 3288 2729 3332 tua
2764 3288 2823 3331 ut
2847 3282 2945 3332 dixi
2984 3286 3283 3349 purgatione

563 3353 744 3415 optime
769 3357 1055 3401 contentum
1081 3354 1199 3403 fore.
1249 3352 1424 3402 Altera
1448 3366 1604 3403 causa
1628 3360 1723 3411 est,
1748 3352 1877 3417 quod
1900 3352 2103 3402 ubinam
2128 3356 2368 3402 terrarum
2394 3354 2459 3402 sit
2482 3352 2651 3415 Tycho
2676 3355 2892 3405 incertus
2918 3370 3042 3403 sum.
3120 3354 3279 3405 Ham-

561 3424 703 3488 burgi
727 3423 859 3473 enim
885 3436 996 3472 eum
1039 3438 1138 3473 non
1165 3424 1373 3488 amplius
1400 3436 1524 3481 esse,
1569 3424 1636 3474 ad
1659 3440 1739 3475 me
1765 3434 2047 3488 quanquam
2087 3424 2275 3473 incerto
2309 3425 2491 3475 nuncio
2535 3425 2755 3475 delatum
2780 3425 2887 3475 fuit.
2964 3425 3099 3487 Quin
3132 3428 3287 3476 etiam

561 3495 826 3549 ferebatur,
865 3495 1026 3557 ipsum
1052 3494 1314 3559 aliquando
1351 3494 1598 3559 superiore
1635 3510 1764 3546 anuo
1804 3508 1907 3544 non
1930 3494 2097 3557 procul
2120 3494 2237 3543 hinc
2261 3492 2375 3556 (sed
2397 3496 2481 3545 ubi
2522 3501 2575 3545 et
2600 3510 2749 3559 quam
2786 3495 2975 3559 procul,
3022 3502 3111 3546 aut
3152 3512 3218 3547 an
3244 3512 3281 3547 a

564 3566 746 3616 dextris
770 3564 848 3615 vel
871 3566 1080 3615 sinistris
1103 3566 1370 3617 resciscere
1396 3582 1494 3614 non
1518 3564 1681 3630 potui)
1705 3566 1978 3622 transiisse,
2024 3580 2174 3631 quare
2199 3580 2292 3629 quo
2329 3567 2576 3615 mitterem
2600 3566 2770 3617 literas
2805 3568 3161 3617 incertissimus
3190 3568 3284 3617 fui.

564 3634 663 3698 (Ex
699 3636 909 3701 epistola
944 3635 992 3685 d.
1033 3636 1080 3687 d.
1122 3634 1208 3686 22.
1246 3638 1364 3701 Apr.
1404 3633 1534 3698 99.).

701 3776 769 3827 D.
813 3773 898 3827 29.
942 3778 1074 3843 Aug.
1122 3774 1206 3826 99.
1245 3776 1494 3841 Keplerus
1529 3778 1658 3829 haec
1694 3778 1758 3829 de
1794 3777 1921 3829 Urso
1966 3777 2103 3828 dedit
2142 3776 2440 3829 Maestlino:

741 3883 946 3965 Tycho
991 3883 1386 3964 Witebergae
1433 3892 1560 3957 est3
1609 3883 1810 3963 agitur
1862 3890 1933 3945 ut
1966 3884 2238 3962 Pragam
2284 3890 2578 3945 transeat.
2671 3884 2893 3946 Libelli
2946 3884 3109 3947 illius
3154 3886 3287 3968 Ty-

561 3971 1034 4052 chonomastigis
1081 3974 1391 4052 exemplar
1437 3974 1515 4036 ad
1561 3990 1656 4035 me
1691 3972 1866 4035 -misit
1912 3972 1988 4033 D.
2037 3970 2418 4047 Herwartus,
2476 3972 2571 4033 vir
2614 3972 2861 4048 nobilis,
2922 3975 3095 4035 aulae
3143 3976 3275 4037 Ba-

561 4061 803 4123 varicae
869 4061 1294 4136 cancellarius,
1361 4062 1427 4123 in·
1480 4062 1640 4125 omni
1687 4060 2095 4122 doctrinarum
2152 4078 2371 4139 genere
2432 4060 2996 4125 exercitatissimus,
3088 4064 3161 4125 In
3208 4082 3279 4125 eo

563 4150 810 4212 tandem
862 4148 986 4211 vidi
1050 4150 1373 4229 epistolam
1428 4170 1651 4224 meam,
1719 4168 1899 4230 quam
1962 4150 2075 4210 hoc
2130 4148 2381 4210 consilio
2440 4150 2721 4212 inseruit:
2788 4152 3103 4231 proposuit
3146 4152 3279 4213 -sibi

563 4238 908 4320 Tychonem
955 4247 1019 4300 et
1072 4238 1428 4301 Roeslinum
1489 4238 1894 4319 exagitandos
1960 4254 2095 4299 cum
2140 4236 2403 4299 inventis
2460 4246 2525 4299 et
2570 4238 3081 4317 speculationibus
3128 4240 3273 4303 suis.

565 4326 856 4389 Roeslino
925 4326 1133 4407 oincit
1187 4328 1643 4409 amplitudinem
1699 4324 1862 4389 orbis
1908 4326 2117 4388 Martii
2177 4326 2545 4389 contrariam
2602 4326 3148 4402 observationibus,
3218 4338 3282 4391 et

565 4416 944 4479 demonstrat
987 4415 1283 4479 rationem
1326 4415 1663 4499 inquirendi
1711 4414 2040 4477 distantias
2088 4432 2164 4476 ex
2210 4414 2532 4477 anomalia.
2628 4416 2773 4476 Inde
2825 4416 3030 4477 addit:
3084 4417 3279 4491 „Hinc

565 4503 754 4565 etiam
800 4504 1143 4567 examinare
1190 4504 1363 4581 licet,
1414 4523 1571 4567 anne
1615 4521 1722 4583 per
1769 4504 1969 4566 omnia
2014 4522 2163 4566 vera
2208 4504 2290 4565 sit
2336 4503 2660 4576 (veriorem
2707 4504 2863 4565 enim
2910 4504 3036 4566 scio
3082 4504 3277 4588 hypo-

560 4590 836 4655 thesibus
881 4593 1184 4667 Roeslini)
1233 4594 1536 4657 sententia
1579 4594 1658 4655 D.
1705 4592 1983 4673 Kepleri,
2031 4608 2211 4673 quam
2259 4592 2338 4653 ad
2382 4610 2476 4652 me
2522 4592 2875 4671 perscripsit
2929 4593 3095 4655 hisce
3144 4593 3275 4655 luce

563 4680 766 4759 dignis
796 4680 1056 4744 literis.“
1103 4680 1258 4745 Cum
1285 4684 1648 4746 mentionem
1678 4682 1870 4745 faciat
1898 4680 2169 4761 opusculi
2196 4680 2313 4743 mei
2341 4680 2621 4741 nundinis
2652 4680 3275 4743 Francofordensibus

452 4762 461 4772 '
563 4768 875 4850 publicati,
915 4769 1118 4833 nescio
1165 4782 1270 4834 cur
1313 4770 1448 4834 luce
1493 4770 1710 4851 dignas
1756 4770 1870 4833 has
1898 4776 2144 4832 censeat
2176 4770 2407 4841 literas,
2456 4768 2572 4829 nisi
2602 4770 2741 4848 qnia
2770 4770 3272 4849 ipsum-laudant.

567 4856 626 4921 A
673 4856 886 4939 quibus
933 4876 1011 4919 an
1057 4860 1284 4941 aliquid
1330 4858 1709 4963 desumserit,
1759 4858 1997 4922 nescio:
2046 4876 2199 4941 quae
2226 4856 2418 4940 ponit,
2468 4856 2671 4918 omnia
2698 4873 2835 4921 mea
2880 4864 3039 4923 sunt.
3122 4854 3275 4923 Gom
