3634 5575
1349 391 1414 444 «ιο
1445 393 1592 442 num
1629 390 1949 457 astrologicis.
2638 369 2647 387 ¹
2877 379 3037 450 πε·

296 553 460 615 Nam
508 551 566 614 in
611 551 824 634 impari
873 569 1138 626 numero,
1186 569 1320 614 cum
1349 550 1481 630 pari
1507 557 1877 632 comparato,
1929 559 2182 632 apparet
2210 551 2395 613 etiam
2424 562 2731 611 excessus.
2800 543 3011 606 Mares

295 641 485 721 igitur
527 640 933 722 Pythagoraei
982 661 1126 702 suas
1173 639 1402 701 habent
1443 641 1744 704 mentulas
1766 689 1781 715 ‚
1832 641 1939 702 ssd
1989 641 2265 703 femellae
2310 636 2753 720 Pythagoricae
2798 638 3015 695 carent

287 728 510 792 vulvis.

477 817 620 880 Jam
666 819 742 878 ad
765 814 986 897 ‘ipsum
1017 817 1282 878 auctoris
1328 817 1668 880 institutum
1715 818 1913 889 venio,
1962 820 2061 899 qui
2103 824 2299 904 putat,
2350 836 2415 878 se
2462 813 2817 876 chordarum
2861 828 3009 889 pro-

288 907 602 988 portiones
650 925 727 967 ex
773 906 1048 987 sphaeris
1096 906 1464 968 coelestibus
1494 906 1833 970 deduxisse.
1915 905 2075 968 Mira
2110 906 2453 988 persuasi03
2504 921 2635 965 cum
2674 901 2778 962 ille
2808 898 3009 978 potius

294 1015 374 1058 ex
447 994 708 1076 cognitis
779 995 1133 1057 chordarum
1205 994 1690 1076 proportionibus
1773 995 2107 1076 opinionem
2182 994 2525 1074 conceperit
2600 993 2673 1052 de
2754 1004 3007 1070 propor-

291 1083 459 1147 tione
533 1084 922 1166 sphaerarum
983 1083 1371 1157 coelestium3
1453 1083 1608 1145 unde
1691 1085 2015 1147 musicales
2096 1103 2273 1148 veras
2339 1079 2671 1145 extruxerit
2690 1127 2705 1152 ,
2784 1075 3007 1139 nescio.

298 1175 531 1248 Video,
601 1173 844 1234 eosdem
902 1191 1040 1234 esse
1101 1189 1380 1234 numeros
1444 1189 1578 1233 cum
1633 1171 2041 1249 Calvisianis,
2110 1183 2173 1235 et
2232 1191 2407 1236 aures
2462 1171 2740 1252 probant.
2814 1165 3013 1228 Diffe-

205 1333 220 1346 ·
295 1263 500 1325 rentia
561 1262 622 1326 in
683 1281 756 1325 eo
815 1272 950 1336 est,
1023 1261 1179 1340 quod
1226 1258 1532 1324 Calvisius
1589 1281 1630 1322 a
1671 1262 1711 1322 h
1767 1262 1983 1342 incipit
2025 1262 2275 1326 vocibus
2327 1259 2667 1322 adscribere
2715 1272 3009 1328 numeros,

293 1351 680 1414 Reinhardus
737 1351 816 1412 ab
857 1369 913 1412 e.
1007 1350 1142 1412 Etsi
1189 1356 1390 1412 autem
1437 1349 1652 1412 literae
1699 1359 1841 1414 sunt
1884 1352 2199 1414 technicae
2244 1356 2619 1431 possuntque
2668 1359 3011 1407 accommo-

295 1439 428 1502 dari
475 1457 586 1519 pro
633 1447 944 1502 auctorum
992 1439 1200 1514 lubitu,
1247 1446 1452 1500 umen
1499 1447 1600 1500 sto
1645 1459 1780 1502 cum
1811 1436 2111 1516 Calvisi03
2163 1459 2350 1503 causa
2394 1443 2699 1517 sequetur,
2747 1433 2799 1495 si
2844 1430 3009 1512 prius

293 1530 410 1590 hoc
459 1527 765 1602 addidero,
813 1545 910 1588 me
957 1527 1216 1590 libenter
1257 1526 1348 1588 uti
1392 1526 1639 1590 vocibus
1685 1529 1987 1608 propriis:
2038 1537 2103 1592 et
2144 1547 2254 1610 pro
2284 1529 2566 1592 lemmate
2594 1524 2795 1586 dicere
2824 1518 3007 1582 semi·-

296 1618 554 1690 toninm3
623 1618 842 1681 lemma
904 1615 1060 1678 enim
1125 1623 1306 1678 sonat
1349 1615 1624 1678 relictum
1667 1626 1810 1696 post
1860 1618 2293 1680 abscissionem
2348 1613 2775 1696 proportionis.
2870 1607 3015 1670 Jam

293 1724 440 1766 vero
487 1706 712 1786 gradus
777 1723 986 1768 vocum
1032 1704 1302 1780 ἐμμελεις
1365 1723 1484 1766 uon
1539 1713 1869 1770 nascuntur
1933 1723 2008 1768 ex
2062 1705 2437 1770 abscissione
2456 1751 2473 1779 ,
2539 1709 2611 1764 ut
2652 1697 3017 1781 opinabatur

293 1795 496 1867 Plato,
545 1795 653 1856 sed
701 1813 776 1855 ex
823 1793 1272 1873 comparatione
1320 1793 1794 1858 harmonicamm
1845 1797 2317 1875 proportionum.
2382 1793 2621 1856 Natura
2666 1788 2827 1852 enim
2864 1803 3013 1849 con-

297 1882 503 1946 stituit
549 1883 922 1946 harmoniam
979 1876 1040 1966 ²1,
1105 1889 1166 1943 et
1225 1877 1328 1964 ⁸14,
1389 1879 1647 1964 quarum*
1681 1883 2022 1946 differentia
2081 1893 2177 1946 est
2230 1877 2305 1966 ⁸),
2330 1931 2345 1958 ,
2404 1898 2581 1964 quem
2626 1879 2761 1941 dico
2806 1887 3013 1938 tonum

293 1973 624 2052 majorem:
674 1972 764 2032 sic
810 1973 1024 2034 eadem
1069 1977 1290 2034 natura
1336 1971 1650 2034 constituit
1707 1967 1768 2054 ²l,
1830 1983 1895 2034 et
1938 1967 2002 2054 Ἰ,
2027 2023 2043 2049 ,
2094 1991 2343 2054 quarum
2374 1970 2713 2032 differentia
2742 1971 2838 2028 est
2876 1961 3013 2048 ⁸1¹0,

297 2079 474 2141 quem
521 2060 654 2122 dico
700 2068 908 2122 tonum
955 2061 1262 2136 minorem,
1313 2068 1380 2121 ut
1415 2068 1544 2134 est3
1591 2061 1849 2141 denique
1878 2071 2095 2124 natura
2130 2059 2448 2122 constituit
2498 2053 2569 2139 Ἴ,
2610 2063 2675 2118 et
2714 2049 2809 2135 Ἃ,
2860 2071 3013 2133 qua·

303 2167 435 2210 rum
479 2148 820 2212 differentia
866 2157 964 2210 est-
1025 2142 1157 2230 “lu
1183 2196 1199 2222 ν
1253 2149 1411 2228 quod
1457 2147 1590 2210 dico
1635 2151 2041 2212 usitatissima
2069 2149 2313 2211 notione
2343 2146 2743 2210 semitonium.
2820 2141 3013 2204 Reiu-

298 2237 524 2300 hardus
572 2237 873 2315 appellat:
923 2237 1139 2298 lemma
1185 2245 1250 2298 et
1293 2245 1500 2298 tonum
1545 2237 1857 2316 majorem.
1950 2239 2031 2300 Hi
2079 2246 2219 2300 sunt
2268 2236 2491 2317 gradus
2537 2251 2747 2295 vocum
2780 2229 3011 2304 usitati,

297 2334 366 2387 et
412 2325 774 2388 naturaliter
817 2325 1092 2390 omnibus
1134 2326 1480 2403 placentes,
1531 2327 1744 2405 quibus
1791 2327 1951 2388 addo
1998 2325 2570 2388 discriminationem
2618 2327 2833 2384 cantus
2880 2317 3011 2379 duri

298 2423 362 2476 et
408 2413 628 2475 mollis.
720 2413 964 2476 Natura
1008 2413 1164 2474 enim
1211 2413 1527 2476 constituit
1579 2407 1650 2498 ‘15
1709 2421 1772 2475 et
1828 2410 1933 2493 ⁸0,
1997 2433 2245 2496 quarum
2303 2411 2643 2476 differentia
2689 2415 2787 2469 est
2840 2399 3011 2488 ²⁴12„

301 2521 482 2583 quam
530 2503 770 2582 appello
819 2501 1041 2576 diesin,
1109 2501 1282 2581 quasi
1331 2502 1742 2564 remissionem
1789 2503 2083 2566 chordae:
2150 2523 2225 2565 ea
2284 2519 2477 2580 neque
2540 2507 2717 2562 tonus
2738 2545 2755 2572 ,
2824 2513 3015 2576 neque

299 2591 698 2665 semitonium,
747 2589 888 2670 quia
933 2609 1048 2652 non
1098 2589 1335 2652 canitur
1379 2612 1415 2653 a
1500 2592 1538 2652 b
1585 2591 1642 2652 in
1691 2593 1755 2664 h,
1815 2593 1933 2654 nisi
1980 2593 2039 2654 in
2078 2591 2413 2654 mutatione
2458 2589 2623 2661 tonl3
2674 2584 3019 2664 agnoscitur

301 2687 504 2741 tamen
553 2679 631 2740 ab
678 2679 944 2741 auribus.
1039 2677 1333 2758 Superest
1378 2697 1637 2756 comma,
1705 2674 1840 2762 Μ1,,ι
1868 2729 1883 2754 ,
1950 2682 2107 2760 quod
2154 2688 2251 2743 est
2306 2677 2645 2741 differentia
2692 2677 2846 2736 inter
2901 2665 3009 2755 ’lm

300 2775 365 2831 et
417 2759 531 2847 ⁸103
593 2785 703 2830 nec
751 2767 1100 2849 agnoscitur
1145 2768 1430 2849 explicite
1477 2769 1552 2831 ab
1601 2771 1874 2845 auribus,
1944 2770 2061 2833 sed
2100 2777 2333 2833 tautum
2379 2766 2669 2847 implicite
2716 2781 2823 2844 per
2866 2779 3010 2842 pro-

298 2876 572 2937 gressum
619 2866 678 2919 et
727 2857 1172 2920 successionem
1218 2876 1468 2932 vocnm;
1517 2860 1734 2939 quippe
1781 2878 1975 2940 neque
2022 2868 2119 2923 est
2164 2857 2505 2921 differentia
2542 2853 3015 2915 harmonicarum

303 2947 772 3025 proportionum,
803 2947 929 3007 sed
977 2946 1448 3009 differentiarum
1493 2948 1856 3011 differentia.

475 3034 646 3095 Haec
691 3032 872 3115 igitur
919 3035 1140 3096 addere
1188 3035 1366 3097 volui.
1460 3036 1635 3099 Nunc
1681 3056 1932 3101 eausam
1978 3036 2195 3103 dicam,
2244 3054 2351 3097 cur
2396 3033 2475 3095 ab
2520 3032 2560 3093 h
2607 3031 2809 3091 malim
2858 3028 3013 3090 inci-

301 3141 446 3203 pere
495 3140 770 3183 numeros
814 3122 1175 3197 Reinhardi,
1243 3142 1418 3203 quam
1467 3124 1543 3185 ab
1591 3144 1646 3187 e.
1739 3124 2049 3188 Usitatum
2108 3133 2207 3187 est
2260 3124 2321 3185 in
2368 3128 2579 3184 nostra
2622 3119 2883 3190 musica,
2948 3124 3017 3179 ut

298 3218 512 3273 cantus
557 3210 772 3273 molles
817 3211 1011 3289 magis
1057 3229 1344 3273 canamus
1393 3233 1432 3274 a
1515 3232 1547 3274 c
1605 3214 1664 3275 in
1709 3214 1780 3286 b,
1834 3232 2013 3293 quam
2062 3230 2099 3273 a
2192 3230 2225 3274 c
2269 3213 2330 3273 in
2380 3210 2495 3273 dis.
2588 3209 2803 3287 Itaque
2848 3207 3019 3268 locus

305 3298 492 3361 diesis
552 3290 694 3379 ²*lu
755 3299 1036 3361 usitatior
1066 3306 1164 3360 est
1190 3299 1352 3361 inter
1398 3300 1438 3361 b
1481 3308 1548 3362 et
1592 3302 1663 3374 h;
1711 3320 1851 3363 nam
1900 3324 1939 3362 a
1991 3321 2025 3363 c
2069 3301 2267 3363 mollis
2296 3310 2511 3362 cantus
2540 3318 2647 3377 per
2696 3298 2752 3369 b,
2800 3304 2867 3357 et
2901 3294 3017 3357 du-

301 3408 406 3450 rus
454 3406 561 3467 per
609 3388 647 3448 h
695 3386 1092 3449 usitatissime
1139 3387 1392 3450 canitur.
1488 3387 1640 3451 Cum
1687 3400 1888 3453 autem
1936 3391 1994 3451 in
2048 3390 2155 3451 illo
2210 3394 2542 3471 systemate
2592 3392 3017 3463 διατεσσαρων,

307 3478 464 3559 quod
511 3476 698 3538 babet
743 3476 900 3538 infra
945 3484 1150 3537 tonum
1195 3478 1520 3556 majorem,
1589 3478 1784 3541 medio
1834 3479 1967 3539 loco
2016 3478 2341 3551 minorem,
2392 3492 2574 3553 supra
2630 3472 3014 3535 semitonium·

304 3566 392 3640 (in
442 3566 740 3627 numeris:
819 3560 959 3638 180,
1018 3560 1160 3640 160,
1217 3560 1361 3635 144,
1417 3562 1600 3639 135),
1661 3574 1879 3630 cantus
1926 3565 2127 3629 mollis
2186 3574 2423 3627 statuat
2474 3563 2595 3625 imo
2631 3564 2765 3625 loco
2812 3560 3008 3639 majo-

302 3673 445 3728 rem,
493 3653 690 3715 medio
739 3654 870 3715 loco
917 3654 1316 3728 semitonium,
1367 3672 1600 3717 summo
1645 3656 1934 3718 minorem
1966 3664 2171 3717 tonum
2217 3654 2309 3728 (in
2338 3650 2627 3715 numeris:
2686 3646 2829 3723 180,
2868 3644 3013 3721 160,

305 3741 450 3815 150,
505 3738 678 3815 135),
731 3742 1072 3803 differentia
1115 3741 1298 3820 igitur
1342 3742 1503 3804 iuter
1545 3762 1728 3806 voces
1777 3744 1995 3805 tertias
2049 3740 2175 3807 144
2222 3749 2286 3804 et
2336 3739 2463 3805 150
2510 3750 2608 3803 est
2656 3732 2822 3823 usu.
2896 3735 3018 3799 Est

301 3830 482 3911 igitur
527 3831 586 3893 in
636 3832 782 3891 duro
830 3831 1014 3891 tertia
1061 3849 1180 3893 vox
1227 3832 1305 3892 ab
1350 3830 1510 3893 infra
1556 3834 1631 3909 h,
1701 3834 1762 3894 in
1811 3832 1975 3894 molli
2027 3833 2083 3895 b.
2180 3832 2247 3894 Si
2294 3832 2446 3904 hoc,
2516 3849 2661 3899 ergo
2706 3827 2829 3889 im'a
2873 3842 3011 3893 vox.

299 3939 406 3999 per
463 3916 583 3983 180
629 3919 908 3999 signata,
977 3929 1074 3980 est
1119 3938 1178 3998 g.
1271 3918 1357 3980 Et
1403 3921 1542 3998 quia
1594 3917 1720 3984 144
1781 3931 1876 3983 est
1922 3922 2001 3994 h,
2066 3922 2251 3999 igitur
2316 3920 2517 3997 etiam,
2547 3916 2885 3980 Reinhardi
2930 3909 3017 3976 48

305 4008 504 4087 (cujus
551 4016 648 4069 est
700 4003 827 4070 144
875 4007 1150 4087 triplum)
1186 4008 1324 4069 ,erit
1367 4009 1426 4071 h.
1518 4010 1865 4073 Differimus
1908 4010 2095 4089 igitur
2140 4010 2199 4071 in
2250 4027 2354 4084 eo,
2422 4008 2581 4089 quod
2628 4007 2730 4067 ille
2776 4004 2935 4066 inter
2979 4020 3019 4081 g

297 4104 360 4159 et
404 4098 440 4158 h
489 4097 708 4159 statuit
771 4090 864 4178 ’Ἃ
891 4144 907 4170 ,
959 4115 1070 4176 ego
1125 4089 1234 4176 ⁰l,;
1283 4106 1496 4159 contra
1541 4098 1641 4160 ille
1691 4120 1730 4159 a
1814 4100 1854 4160 h
1902 4098 2051 4160 facit
2105 4092 2174 4177 Ἲς,
2233 4114 2345 4177 ego
2402 4090 2538 4179 ¹7¹⁰.
2642 4097 2849 4175 ltaque
2884 4092 3020 4154 sola

303 4204 420 4249 vox
467 4204 506 4245 a
553 4204 666 4246 uno
713 4193 1010 4246 commate
1059 4187 1219 4263 apud
1266 4205 1360 4247 me
1411 4194 1508 4249 est
1553 4186 1754 4256 altior,
1803 4206 1985 4267 quam
2032 4185 2426 4267 apudillum.
2504 4186 2589 4247 Et
2616 4182 2757 4265 quia
2786 4180 3014 4255 nescio,

303 4274 456 4335 unde
484 4273 587 4335 ille
624 4272 716 4335 sui
745 4272 1130 4335 monochordi
1170 4272 1526 4337 divisionem
1567 4276 1921 4349 extruxerit,
1954 4275 2223 4354 aperiam
2261 4292 2373 4353 ego
2406 4292 2623 4337 causas
2652 4290 2825 4335 meae
2856 4269 3017 4332 divi·
3075 4314 3089 4329 .

301 4360 508 4424 sioniS.
601 4362 760 4423 Nam
805 4361 858 4423 si
905 4369 1132 4423 rectam
1181 4380 1294 4441 ego
1341 4362 1501 4424 viam
1545 4363 1784 4437 insisto,
1834 4372 2091 4444 oportet,
2142 4373 2211 4424 ut
2256 4362 2388 4443 ipse
2418 4362 2744 4424 erraverit:
2793 4361 2867 4422 de
2899 4375 3015 4438 quo

303 4449 390 4512 sic
429 4449 750 4530 judicabis.
843 4448 1095 4511 Aurium
1135 4450 1426 4529 judicium
1464 4452 1522 4513 in
1571 4452 1899 4515 harmoniis
1946 4451 2281 4531 judicandis
2328 4451 2599 4514 admittit
2644 4449 2909 4529 aliquam
2956 4446 3015 4508 in

303 4539 552 4601 vocibus
596 4538 974 4600 latitudinem
997 4586 1013 4612 ,
1079 4538 1244 4600 intra
1287 4557 1464 4618 quam
1511 4540 1775 4604 incertus
1824 4542 2015 4603 fertur
2059 4540 2331 4611 auditus,
2396 4540 2695 4620 quodnam
2742 4536 2826 4598 sit
2868 4533 3017 4598 illud

303 4628 622 4707 genuinum
669 4635 1050 4701 momentum,
1101 4626 1160 4687 in
1207 4646 1322 4707 quo
1369 4628 1522 4691 duae
1567 4648 1750 4692 voces
1796 4629 2023 4709 optime
2070 4628 2585 4700 concordaverint,
2638 4627 2833 4687 altera
2879 4644 3015 4685 ma-

304 4725 483 4779 nente
529 4734 698 4789 voce,
749 4714 946 4776 altera
990 4712 1304 4795 paullatim
1349 4716 1606 4778 intensa.
1690 4718 1825 4780 Hoc
1876 4718 2365 4781 animadvertens
2402 4717 2792 4779 Ptolemaeus
2838 4712 3018 4793 petiit

307 4806 538 4868 auditui
584 4802 914 4867 subsidium
959 4824 994 4865 a
1041 4805 1298 4867 ratione.
1395 4806 1626 4869 Verum
1669 4806 1863 4886 ipsius
1909 4807 2065 4869 ratio
2086 4853 2103 4880 ,
2172 4806 2291 4867 etsi
2350 4814 2417 4867 ut
2450 4804 2777 4887 -plurimum
2822 4802 3015 4863 satis-
