3634 5575
1350 382 1664 448 mom.
1699 333 2003 432 mssa..
2124 445 2143 464 ,
2896 369 3029 450 42‘9

315 550 616 626 quatenns
661 539 916 622 antiqua
959 541 1250 622 dogmata
1291 539 1472 620 paulo
1519 539 1899 625 generaliora
1942 537 2121 603 facio.
2212 539 2373 604 Nam
2428 539 2623 620 primo
2668 540 2826 621 quod
2872 539 3029 604 Ter-

318 651 454 694 ram
501 631 754 707 attinet,
803 648 940 692 esse
987 629 1176 692 totius
1225 629 1388 709 ejus,
1439 629 1738 712 quatenus
1783 637 1941 705 tota,
1992 629 2243 693 formam
2286 629 2686 704 nobiliorem,
2730 647 2907 710 quam
2956 647 3032 693 ea

319 728 450 797 est,
509 739 662 801 quae
709 720 770 782 in
819 717 1090 798 qualibet
1133 718 1317 798 gleba
1363 718 1742 800 agnoscitur,
1799 737 1971 781 nemo
2019 719 2286 798 negabit.
2378 717 2535 781 Eam
2578 735 2723 780 vero
2772 719 3029 781 formam

315 829 396 870 ex
455 808 802 871 animalium
860 808 1216 870 facultatum
1271 824 1490 887 genere
1555 826 1724 880 esse,
1800 826 1987 887 opera
2048 807 2237 887 ipsius
2304 814 2596 888 arguunt,
2681 825 2833 887 quae
2889 816 3033 870 sunt

315 899 632 977 generatio
678 896 1092 971 metallorum,
1147 897 1526 959 conservatio
1575 896 1792 958 caloris
1841 896 2199 973 Terrestris,
2252 897 2567 960 exsudatio
2615 903 2903 976 vaporum
2950 896 3026 958 ad

317 986 652 1062 fluviorum,
699 985 1060 1068 pluviarum,
1108 994 1562 1065 ceterorumque
1607 993 2009 1048 meteororum
2026 985 2607 1066 progenerationem.
2702 983 2875 1056 Quae
2922 1005 3025 1046 ar-

319 1084 548 1155 guunt,
613 1077 868 1140 formam
929 1073 1060 1153 ejus
1115 1093 1252 1136 esse
1313 1093 1432 1138 non
1479 1074 1700 1136 saltem
1745 1075 2283 1148 conservatricem,
2352 1074 2545 1157 qualis
2599 1073 2662 1135 in
2710 1075 3028 1156 lapidibus,

317 1163 430 1226 sed
475 1166 714 1229 omnino
758 1163 1218 1244 vegetatricem.

487 1291 494 1302 .
1423 1249 1696 1314 Thesis
1740 1251 1939 1314 XLII.
2052 1263 2061 1292 ¹

498 1332 712 1416 Neque
759 1341 961 1402 tamen
1009 1339 1144 1401 ideo
1191 1357 1440 1402 necesse
1489 1347 1586 1402 est
1631 1358 1903 1402 crescere
1932 1341 2178 1402 Terram
2226 1347 2332 1402 aut
2368 1339 2501 1402 loco
2548 1337 2795 1401 moveri.
2870 1337 3029 1402 Nam

323 1439 514 1504 neque
558 1423 826 1489 humana
869 1437 969 1489 est
1013 1429 1144 1509 ejus
1191 1428 1422 1502 anima,
1489 1447 1680 1510 neque
1729 1429 2009 1492 animalis
2056 1428 2327 1508 proprie,
2390 1446 2582 1508 neque
2639 1427 2835 1507 qualis
2882 1429 3027 1492 stir-

319 1510 504 1590 pium,
552 1513 661 1574 sed
705 1515 1030 1595 peculiaris
1078 1517 1331 1599 speciei,
1385 1536 1536 1598 quae
1584 1517 1987 1580 definitionem
2034 1518 2110 1578 ab
2158 1535 2337 1599 opere
2384 1535 2493 1578 suo
2542 1515 2823 1592 sortitur,
2870 1516 3033 1596 sicut

323 1599 482 1662 aliae
530 1620 762 1684 quoque
818 1605 1056 1686 species
1102 1605 1448 1668 animalium
1505 1606 1883 1669 facultatum.
1974 1605 2063 1668 Et
2117 1624 2271 1685 quae
2326 1605 2483 1684 ratio
2529 1613 2770 1666 veteres
2827 1605 3031 1684 coegit

321 1688 570 1752 tertiam
615 1693 850 1756 animae
896 1694 1158 1773 speciem
1205 1695 1264 1757 in
1293 1695 1522 1776 plantis
1567 1694 1885 1772 collocare,
1936 1695 2149 1757 eadem
2187 1711 2299 1757 nos
2336 1692 2518 1774 cogit,
2568 1701 2846 1774 quartam
2874 1694 3029 1757 hanc

321 1777 618 1842 collocare
663 1780 724 1844 in
772 1783 978 1847 Terra.

1409 1871 1672 1934 Thesis
1718 1871 1949 1935 XLIII.

499 1953 624 2018 Sed
671 1976 784 2021 nec
831 1958 980 2022 illud
1015 1959 1368 2036 absurdum,
1421 1961 1716 2024 animales
1763 1961 2113 2033 facultates,
2162 1976 2313 2038 quae
2364 1957 2635 2021 discursu
2680 1978 2798 2022 non
2844 1966 3031 2022 utun-

321 2049 436 2116 tur,
485 2043 898 2126 intelligentes
945 2067 1081 2111 esse
1127 2048 1514 2128 geometriae,
1563 2063 1752 2130 eaque
1799 2069 1911 2112 ceu
1955 2048 2215 2129 quodam
2260 2046 2497 2127 objecto
2545 2049 2793 2110 moveri.
2868 2047 3029 2110 Sunt

323 2133 602 2212 exempla
643 2135 931 2198 confessa
974 2137 1036 2198 in
1080 2144 1342 2218 promtu.
1435 2138 1572 2201 Non
1619 2137 2015 2201 ratiocinatur
2060 2135 2293 2198 arboris
2342 2136 2601 2198 facultas
2628 2136 2891 2216 plastica
2899 2155 2920 2210 3
2968 2144 3033 2198 et

321 2225 526 2282 tamen
575 2219 884 2286 Creatoris
935 2225 1112 2304 jussa
1177 2235 1242 2288 nt
1303 2227 1623 2306 plurimum
1683 2225 2035 2306 exsequitur
2086 2224 2148 2286 in
2196 2221 2571 2286 ordinatione
2628 2225 2905 2287 foliorum
2952 2225 3031 2286 ad

323 2309 814 2372 commoditatem
878 2313 1108 2376 fructus
1173 2315 1368 2395 adque
1433 2323 1668 2378 certum
1749 2316 1946 2378 finem.
2054 2310 2212 2382 Quin
2276 2312 2463 2375 etiam
2529 2312 3033 2393 pulchritudinem

327 2415 482 2472 eam,
533 2417 688 2480 quae
733 2419 812 2462 ex
853 2402 1116 2464 numeris
1163 2410 1278 2478 est,
1328 2404 1530 2466 omnia
1573 2403 1808 2465 semina
1850 2402 2134 2465 retinent.
2229 2397 2520 2470 Quinario
2561 2402 2819 2481 plurima
2846 2401 3029 2481 plan-

323 2491 524 2548 tarum
569 2504 796 2567 genera
837 2496 1112 2566 utuntur3
1159 2509 1278 2554 non
1323 2493 1692 2555 necessitate
1737 2491 2027 2554 materiae
2075 2508 2152 2552 ex
2199 2487 2413 2552 arbore
2468 2490 2533 2552 in
2577 2508 2817 2569 pomum
2865 2489 3029 2552 deri-

325 2581 500 2649 vata,
565 2574 628 2637 in
676 2595 794 2658 qua
839 2578 1217 2642 derivatione
1264 2581 1414 2643 haec
1463 2581 1715 2662 quinarii
1763 2580 2043 2643 custodia
2086 2575 2477 2659 impossibilis
2524 2587 2649 2654 est;
2708 2579 2818 2640 sed
2862 2597 3031 2641 com-

327 2663 730 2727 municatione
778 2666 1091 2730 facultatis
1136 2669 1470 2749 plasticae,
1529 2689 1680 2751 quae
1727 2671 1919 2732 habet
1964 2667 2219 2750 quinarii
2276 2667 2657 2747 congenitam
2693 2667 3031 2747 pulchritu-

327 2753 546 2817 dinem.
658 2753 784 2818 Sed
849 2756 1167 2837 ignobilior
1229 2757 1386 2823 haec
1451 2760 1644 2823 adhuc
1693 2759 1851 2823 ratio
1918 2766 2039 2833 est,
2116 2756 2427 2839 minusque
2491 2755 2812 2830 mirabilis,
2894 2756 3035 2839 qnia

328 2844 592 2905 facultas
646 2844 808 2907 intra
853 2866 918 2908 se
961 2848 1154 2927 ipsam
1203 2857 1408 2911 manet
1453 2858 1516 2913 et
1561 2849 1895 2929 quinarium
1959 2865 2134 2928 quem
2188 2846 2375 2909 habet
2426 2853 2746 2927 propagat.
2854 2846 3033 2909 Dabo

327 2931 668 3012 exemplum
729 2937 1262 2999 accommodatius.
1351 2939 1412 3001 N
1415 2957 1489 3000 on
1553 2938 1951 3001 ratiocinatur
1994 2936 2285 3011 rusticus,
2357 2954 2535 3015 quam
2588 2936 3035 3015 proportionem

328 3020 754 3099 geometricam
809 3023 1080 3093 obtineat
1137 3044 1258 3089 vox
1303 3028 1384 3090 ad
1432 3046 1660 3090 vocem.
1753 3027 1841 3090 Et
1894 3034 2097 3089 tamen
2142 3024 2251 3087 illa
2296 3024 2501 3087 fidium
2556 3024 2865 3087 harmonia
2920 3042 3032 3085 ex-

330 3116 546 3171 tranea
589 3128 700 3189 per
743 3130 920 3173 aures
965 3114 1178 3176 rustici
1221 3115 1284 3177 in
1311 3124 1576 3179 mentem
1611 3116 1881 3179 illabitur
1908 3114 2325 3193 hominemque
2354 3113 2683 3189 exhilarat3
2730 3132 2849 3175 non
2886 3130 3033 3175 sane

203 3261 210 3269 ,
330 3197 630 3261 mistionis
675 3217 888 3261 vocum
933 3202 1364 3275 moderatione,
1409 3224 1528 3267 non
1575 3206 1698 3267 leni
1743 3204 1977 3267 aurium
2024 3202 2392 3264 demulsione
2440 3204 2655 3281 (saepe
2692 3202 2851 3265 enim
2896 3202 3033 3265 vio-

331 3285 480 3349 lenti
525 3286 658 3349 soni
705 3306 882 3351 aures
929 3289 1178 3353 laedunt
1223 3300 1289 3354 et
1331 3293 1712 3355 nihilominus
1759 3292 2159 3355 consonantia
2203 3291 2511 3353 delectant
2558 3294 2697 3364 sua)
2744 3310 2861 3354 non
2909 3291 3037 3353 nlla
3104 3354 3109 3361 ,

329 3375 451 3439 alia
497 3376 572 3437 de
619 3396 838 3453 cansa,
905 3398 1060 3459 quae
1115 3380 1422 3464 hucusque
1479 3380 1728 3445 inveniri
1771 3380 2072 3463 potuerit:
2142 3380 2249 3441 sed
2315 3380 2469 3442 hauc
2527 3398 2705 3443 unam
2761 3381 2837 3443 ob
2884 3398 3031 3455 rem,

329 3463 496 3545 quia,
556 3472 624 3527 ut
679 3466 742 3527 in
783 3467 1168 3531 Harmonicis
1211 3470 1510 3549 probabo,
1571 3471 1821 3533 formam
1868 3468 2277 3532 consonantiis
2324 3462 2607 3531 conciliat
2668 3469 3037 3549 geometrica

323 3553 527 3633 aliqua
589 3554 746 3617 ratio
799 3554 916 3617 toti
975 3558 1194 3620 mundo
1251 3560 1482 3640 reliquo
1529 3559 1881 3633 familiaris,
1949 3557 2211 3619 maxime
2270 3556 2514 3629 animis,
2572 3576 2721 3638 quos
2790 3558 3035 3639 quidam

239 3640 250 3665 ‘
323 3651 592 3704 veterum
654 3643 1000 3707 harmonias
1065 3647 1286 3709 dixere.
1392 3647 1508 3711 His
1573 3668 1716 3729 ergo
1776 3646 2069 3726 exemplis
2144 3664 2254 3708 ceu
2324 3644 2609 3725 gradibus
2676 3645 3035 3725 quibusdam

323 3730 520 3793 evecti
567 3732 893 3795 audeamus
957 3734 1144 3799 etiam
1199 3737 1278 3798 ad
1333 3736 1446 3799 huc
1505 3738 1739 3800 culmen
1795 3736 2154 3810 ascendere,
2220 3742 2291 3797 ut
2354 3734 2669 3797 credamus
2722 3734 2923 3797 inesse
2968 3736 3031 3797 in

320 3819 508 3881 Terra
552 3820 675 3884 vim
721 3822 1044 3885 animalem
1087 3826 1550 3905 vegetatricem‚
1607 3827 1668 3889 in
1727 3825 1786 3887 vi
1846 3824 2091 3887 animali
2146 3842 2391 3887 sensum
2428 3824 2724 3903 quendam
2780 3842 3031 3903 geome-

225 3924 236 3935 ‘
319 3907 500 3983 triae,
549 3908 728 3991 idque
775 3912 1134 3987 formaliter,
1183 3920 1246 3977 et
1291 3916 1366 3977 ob
1414 3916 1476 3978 id
1520 3916 1752 3996 ipsum,
1814 3916 1955 3996 quia
1998 3914 2091 3975 vis
2140 3913 2247 3975 illa
2293 3932 2369 3975 ex
2415 3929 2635 3993 genere
2682 3912 3029 3975 animalium

321 3992 678 4062 facultatum
727 4008 853 4063 est:
895 4020 1048 4082 quae
1096 4004 1370 4083 quamvis
1417 4005 1582 4085 operi
1628 4024 1737 4068 suo
1785 4020 2023 4083 semper
2068 4002 2377 4078 incumbit,
2434 4000 2629 4082 magis
2675 4008 2879 4063 tamen
2915 4020 3029 4089 ex-

319 4086 692 4163 stimulatur,
749 4089 986 4171 quando
1034 4092 1148 4154 hoc
1194 4100 1542 4174 aspectuum
1589 4094 1780 4157 veluti
1826 4091 2047 4173 pabulo
2066 4162 2077 4171 p
2095 4091 2294 4171 aliquo
2340 4090 2621 4155 reficitur.
2706 4088 3029 4163 ‚Quemad-

316 4176 552 4239 modum
598 4178 784 4257 igitur
827 4178 988 4241 auris
1033 4198 1144 4259 per
1189 4189 1541 4244 concentum
1587 4182 1931 4261 instigatur,
1982 4188 2051 4241 ut
2094 4180 2415 4259 diligenter
2462 4180 2797 4254 auscultet,
2846 4188 3029 4260 atque

317 4262 406 4325 ita
449 4272 624 4327 tanto
669 4267 865 4347 magis
911 4268 1122 4331 audiat
1169 4271 1574 4350 (voluptatem
1621 4288 1942 4351 quaerens,
1994 4288 2149 4349 quae
2194 4268 2490 4331 sensionis
2536 4270 2829 4349 perfectio
2876 4269 3027 4343 est),

319 4350 404 4413 sic
451 4354 642 4415 Terra
695 4372 806 4435 per
861 4358 1275 4437 vegetantium
1331 4358 1633 4421 radiorum
1671 4358 1961 4431 (diximus
2018 4357 2175 4419 enim
2236 4358 2535 4420 calfacere
2590 4358 2729 4420 illos
2794 4365 2859 4420 et
2912 4356 3029 4419 hu·-

321 4444 616 4517 mectare)
663 4445 1094 4521 geometricum
1141 4466 1496 4510 concursum
1543 4448 1994 4521 exstimulatur,
2045 4454 2113 4508 ut
2149 4446 2469 4527 diligenter
2516 4466 2623 4509 seu
2670 4452 2843 4509 tanto
2890 4464 3027 4509 ma-

313 4528 404 4607 gis
449 4531 856 4610 vegetationis
901 4536 1070 4614 operi
1113 4534 1366 4599 insistat
1409 4555 1804 4617 magnamque
1852 4554 2145 4617 vaporum
2190 4535 2427 4616 copiam
2472 4536 2751 4598 exsudet.

1398 4626 1660 4687 Thesis
1706 4625 1939 4687 XLIV.

481 4704 628 4771 Etsi
689 4724 834 4771 vero
891 4710 1002 4772 has
1059 4713 1440 4793 operationes
1505 4721 1859 4793 aspectuum
1902 4712 2169 4776 nonnihil
2216 4713 2458 4775 variant
2502 4712 2767 4791 ipsorum
2810 4711 3029 4790 plane-

311 4802 502 4861 tarum
565 4797 844 4862 diversae
905 4806 1159 4865 naturae
1219 4820 1404 4883 supra
1448 4804 1819 4884 explicatae;
1884 4808 1953 4864 ut
2000 4800 2181 4865 aliter
2222 4808 2501 4863 movetur
2555 4802 2745 4863 Terra
2788 4822 2827 4863 a
2872 4816 3026 4879 geo-

309 4886 556 4951 metrica
598 4884 1188 4981 mixtione-Saturni
1233 4900 1300 4955 et
1347 4892 1570 4957 Martis
1617 4891 2053 4956 contrariorum
2071 4933 2090 4964 ,
2140 4891 2318 4955 aliter
2362 4910 2401 4953 a
2434 4888 2609 4953 Jovis
2656 4897 2721 4953 et
2765 4888 3027 4953 Veneris
