3634 5575
627 381 726 451 ’io
1467 457 1472 465 ,
1819 390 2143 443 moenium.

637 545 1046 611 Stadlerorum
1089 557 1540 655 praeceptorem
1577 552 2160 615 commendaveram:
2202 551 2307 611 sed
2346 560 2475 613 c‘um
2503 552 2605 615 ille
2620 551 3137 640 imparatissimus
3163 556 3333 612 esset

639 640 715 699 ad
743 638 878 713 iter,
927 648 990 701 et
1032 640 1202 721 proin
1249 640 1432 702 etiam
1478 640 2048 720 perturbatissimuS,
2098 648 2329 703 mutato
2376 641 2625 703 consilio
2672 640 2894 703 tradidi
2923 639 3163 703 famulo.
3210 636 3333 701 Est

637 737 836 789 autem
893 726 996 791 ille
1053 747 1220 791 meus
1279 729 1516 809 collega
1569 730 1897 792 eruditione
1954 750 2141 810 aeque
2200 739 2381 811 atque
2438 748 2666 792 morum
2714 730 3092 809 praestantia
3143 746 3331 808 supra

634 823 966 879 ceterorum
1010 818 1312 880 hominum
1357 826 1606 879 sortem.
1697 818 1991 881 Memoria
2032 819 2395 899 prodigiosa,
2442 835 2625 881 aurea
2670 818 2873 893 dictio,
2923 818 3095 881 varia
3122 817 3329 880 scien-

635 904 739 979 tia,
779 904 1066 986 judicium
1101 906 1323 980 foelix:
1371 908 1478 968 sed
1511 906 1742 969 animus
1767 908 2075 989 perpetuis
2104 909 2262 970 curis
2292 926 2489 986 aeger,
2536 907 2751 982 tristis,
2782 908 3056 988 simplex,
3086 906 3331 969 nimium

635 1003 895 1075 apertus.
991 994 1222 1071 Quibus
1271 995 1345 1057 de
1391 996 1590 1057 causis
1639 1014 1749 1075 ego
1796 1014 2055 1072 moveor,
2106 1005 2173 1058 ut
2215 997 2326 1059 tibi
2370 991 2654 1076 privatim
2692 996 2969 1071 scribam,
3010 995 3166 1076 quod
3194 996 3325 1057 for-

633 1091 800 1145 tasse
836 1084 1070 1163 publice
1115 1085 1387 1146 interest.
1487 1084 1708 1146 Vester
1759 1084 1865 1146 ille
1920 1084 2207 1147 Hetlerus
2262 1085 2359 1148 hic
2410 1086 2471 1147 in
2530 1103 2758 1147 summo
2814 1086 3035 1147 honore
3082 1083 3329 1146 babitus

635 1179 762 1235 ost:
803 1180 982 1252 atque
1018 1174 1079 1235 id
1125 1190 1308 1253 opera
1343 1173 1718 1253 potissimum
1750 1173 2059 1254 Speidelii'
2080 1174 2437 1237 secretarii:
2486 1176 2651 1255 cnjus
2696 1174 2807 1236 viri
2856 1174 2979 1247 (sui
3024 1174 3165 1236 olim
3206 1190 3327 1253 po-

507 1338 514 1345 ·
629 1260 885 1340 polaris)
942 1262 1275 1324 authoritas
1335 1262 1423 1324 illi
1483 1262 1712 1325 aditum
1765 1264 2059 1342 patefecit
2115 1264 2191 1325 ad
2238 1264 2595 1345 praecipuae
2642 1258 2981 1328 nobilitatis
3030 1261 3324 1324 homines.
3418 1288 3425 1299 ·

635 1350 1038 1413 Veruntamen
1083 1360 1400 1431 postquam
1445 1351 1546 1413 ille
1585 1351 1737 1413 abiit
1782 1352 1918 1414 hinc
1940 1400 1955 1425 ,
2004 1352 2345 1433 paedagogi
2384 1353 2625 1431 pristini
2671 1352 2887 1417 remoti
2932 1352 3327 1414 commisera-

629 1440 788 1499 tione
847 1439 1070 1501 factum
1125 1449 1247 1514 est,
1315 1449 1383 1502 ut
1436 1441 1585 1503 haec
1641 1441 1769 1521 ejus
1826 1442 2167 1521 negociatio
2224 1442 2299 1502 de
2355 1442 2665 1522 discipulis
2713 1440 3119 1504 adsciscendis
3164 1440 3325 1502 male

533 1580 538 1588 .
629 1528 832 1589 audire
879 1527 1187 1609 inceperit.
1279 1529 1437 1591 Nam
1467 1530 1524 1591 in
1553 1526 1821 1603 Austris,
1872 1529 2082 1611 Styria
2110 1537 2173 1592 et
2200 1528 2519 1593 Carinthia
2562 1530 2827 1610 suscepit
2870 1529 3121 1610 aliquos.
3184 1531 3325 1592 Ita-

629 1626 740 1696 que
785 1616 875 1678 ita
921 1616 1301 1697 interpretari
1351 1626 1674 1698 coeperunt
1717 1619 2185 1681 calumniatores
2232 1620 2507 1699 quidam:
2554 1619 2728 1699 quasi
2772 1617 2930 1698 ipse,
2979 1627 3047 1681 ut
3080 1619 3325 1697 profes-

626 1706 780 1767 soris
815 1706 991 1780 filius,
1041 1707 1118 1768 ad
1166 1706 1641 1786 amplificandam
1679 1726 1851 1770 suam
1891 1708 2259 1771 academiam
2286 1707 2688 1782 descenderit,
2737 1708 3041 1770 auditores
3070 1706 3325 1787 conqui-

627 1793 834 1869 situm,
905 1813 1150 1874 quornm
1193 1796 1398 1875 inopia
1442 1796 1620 1859 isthic
1664 1798 2033 1877 premamini.
2126 1798 2259 1858 Huc
2321 1797 2581 1859 accessit
2636 1797 2829 1873 aliud,
2886 1797 3042 1877 quod
3086 1805 3325 1877 partem

623 1884 906 1947 nobilium
924 1932 939 1956 ,
1001 1892 1322 1964 perspecta
1383 1885 1755 1949 absurditate
1803 1904 2029 1947 morum
2076 1886 2133 1948 in
2163 1879 2429 1971 'obtruso
2472 1894 2861 1966 praeceptore
2909 1886 3079 1957 (nam
3122 1884 3323 1948 Ride-

625 1972 766 2035 lium
812 1973 1094 2035 Hetlerus
1142 1974 1273 2053 ipse
1321 1975 1605 2053 suscepit,
1647 1992 1800 2037 novo
1830 1976 1925 2037 hic
1956 1974 2277 2054 exemplo),
2325 1972 2632 2056 poenitere
2679 1974 2826 2037 facti
2868 1975 3114 2054 incepit.
3186 1974 3325 2037 Nec

624 2061 849 2136 dubito,
897 2061 1012 2124 nisi
1060 2063 1285 2143 aliquid
1329 2064 1681 2125 authoritati
1720 2064 2009 2143 Speidelii
2058 2064 2343 2137 dedisset,
2392 2072 2809 2126 revocaturum
2850 2062 3037 2125 fuisse
3082 2080 3323 2125 omnem

623 2158 1017 2213 contractum.
1107 2152 1282 2215 Nunc
1328 2160 1629 2232 parentes,
1680 2153 1778 2233 qui
1826 2160 2009 2215 antea
2052 2153 2145 2215 usi
2174 2162 2349 2215 erant
2392 2153 2628 2216 homine
2676 2152 3153 2231 elegantissimo,
3200 2170 3321 2214 no-

623 2240 776 2302 mine
842 2246 904 2302 et
957 2257 1022 2302 re
1087 2241 1312 2302 urbano
1379 2241 1739 2321 (cujusmodi
1794 2242 2035 2305 minime
2076 2236 2178 2305 'est
2220 2242 2529 2313 Ridelins)
2592 2243 2650 2304 in
2708 2242 2971 2303 maxima
3024 2240 3122 2303 hic
3178 2248 3323 2303 sunt

625 2328 1058 2396 sollicitudine.
1108 2329 1248 2409 quid
1294 2329 1368 2392 de
1413 2331 1528 2391 hac
1573 2330 1802 2393 lubrica
1844 2331 2223 2393 institutione
2268 2333 2525 2393 futurum
2562 2332 2661 2394 sit.
2754 2329 2933 2402 Quod
2978 2330 3030 2393 si
3078 2330 3322 2411 gravior

623 2417 826 2498 aliqua
871 2417 1116 2499 querela
1161 2427 1266 2480 aut
1311 2418 1384 2479 de
1429 2429 1818 2499 praeceptore
1880 2420 2008 2500 (qui
2056 2420 2292 2481 minime
2350 2420 2493 2481 mihi
2550 2428 2725 2500 aptus
2770 2420 3007 2483 videtur
3066 2420 3144 2481 ad
3203 2420 3321 2483 hoc

620 2506 907 2582 officium)
955 2512 1062 2569 aut
1107 2507 1181 2568 de
1227 2507 1484 2589 hospitis
1519 2509 1754 2571 Hetleri
1797 2509 2131 2571 tenacitate
2172 2509 2359 2591 (quod
2402 2512 2631 2581 metuo)
2678 2509 2941 2571 existat:
2992 2516 3189 2571 actum
3220 2514 3323 2570 est

618 2596 712 2663 hic
761 2595 836 2657 de
883 2596 1044 2659 fama
1089 2596 1454 2659 academiae.
1549 2594 1810 2668 Quidam
1857 2598 2010 2659 enim
2055 2614 2365 2677 procerum
2400 2597 2536 2659 odio
2576 2595 2907 2660 Suevorum
2946 2598 3317 2678 quorundam

620 2684 694 2746 de
739 2684 877 2765 ipsa
921 2685 1108 2748 etiam
1153 2685 1466 2748 academia
1509 2704 1628 2747 nou
1671 2687 1824 2747 bene
1872 2685 2158 2749 sentiunt.
2259 2684 2436 2757 Quod
2492 2685 2544 2748 si
2602 2695 2669 2748 tu
2728 2704 3071 2768 quacunque
3130 2686 3193 2747 in
3248 2706 3319 2749 re

617 2773 714 2836 vel
757 2782 1208 2854 praeceptorem
1259 2774 1652 2848 admonendo,
1699 2776 1794 2838 vel
1842 2774 2019 2837 aliter
2061 2784 2371 2856 praestare
2419 2775 2559 2856 quid
2597 2782 2802 2855 potes:
2852 2775 2913 2838 id
2931 2794 3112 2838 ‘omne
3141 2775 3320 2837 cedet

624 2863 684 2924 in
729 2863 1014 2925 honorem
1059 2864 1421 2927 academiae.
1515 2863 1717 2925 Velim
1755 2883 1829 2926 ex
1858 2865 2133 2944 Zieglero
2172 2865 2375 2944 capiat
2418 2866 2613 2927 ideam
2652 2864 3059 2945 praeceptoris
3103 2863 3317 2945 hujus-

629 2951 804 3014 modi.
899 2951 1095 3012 Venio
1158 2952 1341 3032 igitur
1393 2952 1472 3014 ad
1516 2963 1897 3031 praesentem
1940 2953 2312 3015 studiosum:
2362 2954 2458 3034 qni
2504 2953 2598 3015 hic
2638 2955 2885 3016 honeste
2933 2953 3103 3028 vixit,
3154 2953 3313 3014 etin

627 3039 930 3103 exercitiis
978 3041 1390 3114 scholasticiS,
1435 3042 1792 3121 praesertim
1838 3041 2367 3105 declamationibus
2412 3043 2666 3123 poeticis
2714 3044 2943 3124 aliquot
2988 3041 3318 3122 specimina
3381 3073 3390 3082 ·

627 3127 835 3192 edidit.
929 3127 1080 3192 Cum
1125 3129 1309 3210 igitur
1353 3130 1430 3192 ad
1476 3149 1585 3192 vos
1632 3132 1903 3206 accedat,
1952 3137 2235 3212 capturus
2282 3131 2611 3194 uberiorem
2650 3132 2903 3213 aliquem
2933 3131 3151 3212 ingenii
3180 3130 3313 3193 cul-

625 3225 783 3293 tum:
845 3219 1121 3282 existimo
1176 3239 1292 3280 non
1344 3219 1649 3299 indignum
1703 3239 1839 3282 esse
1862 3264 1877 3288 ,
1944 3222 2043 3300 qui
2100 3225 2201 3281 tuo
2262 3222 2463 3283 favore
2508 3221 2568 3283 in
2613 3221 3083 3301 promotionibus
3114 3229 3313 3301 ,atque

625 3307 956 3387 ubicunque
986 3307 1134 3369 alibi
1158 3308 1521 3370 sublevetur.
1615 3307 1740 3370 Sed
1785 3309 1861 3370 ad
1906 3327 2053 3371 rem.
2148 3307 2440 3372 Secundis
2470 3309 2661 3372 literis
2691 3310 2951 3390 promisi,
3000 3328 3093 3371 me
3120 3309 3315 3389 prima

627 3396 942 3458 occasione
1006 3397 1322 3460 missurum
1363 3397 1730 3477 integrum
1777 3397 2210 3478 opu-sculum.
2302 3397 2488 3476 Atqui
2542 3399 2793 3461 necdum
2848 3399 2995 3460 illud
3044 3398 3311 3472 absolvi-;

623 3485 858 3547 videbis
905 3485 1060 3548 enim
1107 3485 1207 3549 ubi
1251 3486 1561 3549 haeream:
1619 3494 1684 3548 et
1740 3487 2083 3566 insperatus
2133 3487 2320 3567 ipsius
2364 3487 2595 3549 Wurzii
2654 3488 2853 3549 abitus
2904 3495 3172 3566 tempore
3218 3505 3311 3548 me

625 3574 950 3652 excludit,·
985 3575 1325 3658 quominus,
1387 3594 1538 3657 quae
1600 3575 1839 3657 scripsi,
1900 3576 2204 3656 descripta
2248 3578 2325 3638 ad
2372 3585 2432 3638 te
2479 3577 2720 3639 mittere
2757 3577 3001 3655 possim.
3094 3575 3309 3638 Sumes

623 3662 804 3742 igitur
849 3683 1070 3736 eorum,
1118 3684 1268 3747 quae
1315 3663 1727 3745 ἀγεωμετρητα
1771 3673 1931 3736 sunt,
1974 3665 2217 3726 brevem
2266 3683 2573 3727 summam.
2666 3665 2846 3727 Initio
2894 3666 3124 3748 aliquot
3170 3665 3307 3727 the·

624 3751 786 3814 sibus
833 3753 906 3814 de
954 3751 1159 3815 Sacris
1207 3753 1396 3815 literis
1443 3772 1592 3833 ago:
1641 3763 1708 3815 et
1751 3753 2115 3824 demonstr-0,
2163 3753 2453 3832 quomodo
2503 3754 2677 3816 simul
2714 3762 2779 3816 et
2806 3754 2926 3818 illis
2954 3775 3063 3818 sua
3090 3754 3307 3816 autho-

585 3840 773 3902 ·ritas
820 3847 1074 3916 constet,
1125 3849 1189 3903 et
1232 3849 1433 3904 tamen
1481 3839 1865 3924 Copernicus‚
1916 3842 1970 3904 si
2017 3840 2195 3902 aliter
2241 3850 2643 3904 consentanea
2690 3845 2870 3919 dicat,
2918 3864 2996 3907 ex
3039 3844 3162 3906 illis
3208 3861 3308 3904 re·-

541 4009 544 4012 .
622 3929 802 3993 futari
847 3950 964 3993 non
1009 3929 1224 4010 possit.
1315 3929 1549 3994 Deinde
1597 3940 1722 3993 tres
1770 3931 1953 3992 affero
2002 3930 2286 4004 rationes,
2335 3929 2545 4012 quibus
2583 3943 2780 3995 motus
2810 3952 3045 4015 semper
3075 3931 3306 4012 Coper-

619 4019 754 4080 nico
799 4019 1190 4083 adhaeserim.
1282 4019 1486 4082 Prima
1540 4028 1638 4082 est
1691 4021 2131 4082 astronomica:
2194 4020 2293 4082 ubi
2338 4021 2459 4082 illis
2504 4023 2835 4106 respondeo
2856 4071 2871 4098 ,
2940 4023 3036 4102 qui
3082 4021 3305 4095 dicunt,

620 4125 696 4169 ex
744 4108 898 4171 falso
942 4109 1250 4188 interdum
1284 4109 1452 4190 sequi
1498 4127 1731 4171 verum:
1780 4107 1964 4188 igitur
2007 4107 2136 4173 fieri
2182 4127 2379 4188 posse,
2426 4116 2495 4170 ut
2540 4109 2906 4191 Cepernicus
2952 4111 3168 4172 falsum
3194 4127 3309 4190 po·
3344 4125 3351 4132 ·

617 4205 755 4274 nat,
813 4197 930 4260 etsi
978 4217 1050 4261 ex
1096 4197 1198 4260 illo
1245 4216 1448 4260 verum
1492 4197 1888 4278 pulcherrime
1936 4199 2328 4259 demonstret.
2419 4197 2549 4277 Ego
2598 4199 2844 4279 negavi,
2892 4199 3004 4262 hoc
3051 4199 3139 4261 ita
3182 4195 3309 4260 fieri
3418 4223 3423 4227 ·

621 4304 819 4366 posse.
911 4286 1127 4350 Altera
1172 4293 1268 4348 est
1308 4286 1575 4369 physica,
1625 4286 1726 4350 nbi
1769 4287 2074 4366 promitto,
2120 4305 2214 4349 me
2260 4293 2453 4349 totam
2487 4289 2704 4350 molem
2734 4289 3149 4370 hypothesium
3179 4285 3304 4352 Co·-

619 4376 1068 4454 peruicauarum
1115 4393 1189 4437 ex
1234 4383 1484 4438 naturae
1531 4375 1794 4438 fontibus
1842 4377 2017 4455 longe
2063 4376 2285 4438 rectius
2332 4385 2512 4456 atque
2568 4379 2961 4451 contrarium,
3020 4379 3309 4440 defensu-

621 4481 768 4527 rum.
857 4465 1065 4528 Tertia
1110 4472 1206 4526 est
1249 4474 1388 4526 tuus
1433 4465 1534 4526 ille
1581 4473 1821 4526 cometa
1849 4465 2162 4526 Venereus
2188 4461 2259 4536 ⁸).
2350 4465 2463 4527 His
2508 4466 2856 4546 praemissis
2902 4468 2977 4528 ad
3005 4467 3140 4548 ipsa
3164 4485 3303 4529 cor·-

619 4570 766 4632 pora
813 4553 1050 4615 accedo.
1145 4551 1492 4635 Syllogismi
1537 4555 1836 4634 generalis
1883 4553 2041 4616 idem
2102 4552 2335 4633 quidem
2390 4555 2711 4630 intentum,
2775 4557 2887 4618 sed
2946 4557 3124 4636 paulo
3180 4555 3305 4618 alia

629 4641 834 4717 verba,
881 4660 1058 4722 quam
1090 4641 1222 4723 jam
1265 4643 1452 4722 leges.
1544 4642 1855 4718 Videmus,
1904 4642 2095 4705 Deum
2142 4661 2379 4705 creasse
2426 4662 2675 4724 corpora
2720 4646 3014 4707 mundana
3058 4645 3136 4706 ad
3164 4664 3299 4709 cer-

619 4739 746 4793 tum
790 4749 1113 4794 nnmerum.
1204 4732 1498 4795 Numerus
1555 4739 1753 4793 autem
1812 4739 1910 4794 est
1964 4731 2323 4811 quantitatis
2368 4733 2677 4808 accidens,
2742 4753 3016 4796 numerus
3060 4733 3301 4814 inquam

621 4821 682 4882 in
729 4820 967 4882 mundo.
1057 4819 1214 4882 Nam
1259 4828 1402 4882 ante
1448 4819 1726 4882 mundum
1771 4821 1967 4882 nullus
2012 4829 2147 4881 erat
2172 4839 2448 4883 numerus
2478 4829 2719 4900 praeter
2746 4823 3095 4898 trinitatem,
3148 4842 3301 4904 quae
3349 4876 3355 4884 .

623 4916 720 4972 est
761 4907 891 4992 ipse
911 4899 1124 4973 Deus.
1215 4907 1416 4981 Quare
1481 4907 1533 4972 si
1597 4908 1675 4972 ad
1731 4925 2103 4974 numerorum
2156 4927 2493 4973 mensuram
2546 4918 2643 4976 est
2696 4912 2971 4974 conditus
3030 4912 3299 4984 mundus,
