3634 5575
488 352 621 421 320
964 354 969 357 ’
1328 354 1531 407 Literae
1566 354 1771 421 Kepleri
1816 354 2120 421 aliorumque
2155 363 2360 409 mutuae

485 496 646 567 tiones
682 514 891 574 faciant,
930 521 985 566 et
1004 504 1304 579 'quomodo‘l
1376 512 1531 565 Ratio
1556 477 1832 565 Ptblemnei
1867 514 1988 565 mihi
2025 530 2126 565 uon
2161 515 2425 577 satisfacit,
2465 514 2596 580 quod
2619 512 2746 567 hora
2767 516 2818 566 in
2839 514 2954 567 Sole
2992 530 3199 577 annum,

484 588 539 635 ln
574 584 723 639 Luna
754 600 977 637 mensem
1012 588 1301 637 constituat.
1375 584 1479 637 Res
1516 600 1639 637 sane
1675 587 1994 651 inquisitione
2031 586 2334 653 dignissima.

664 658 896 737 Keple
914 678 1073 721 rus:
1121 658 1217 718 De
1282 658 1499 720 effectu
1562 657 1875 737 eclipsium
1941 658 2214 719 invenies
2264 658 2320 719 in
2367 657 2520 721 meis
2567 658 2838 721 thesibus
2885 660 3200 722 Meteoro-

489 746 717 826 logicis,
810 744 971 808 Sane
1022 753 1085 808 et
1128 745 1189 807 in
1234 746 1587 809 Ptolemaeo
1636 755 1699 808 e‘t
1746 766 1858 827 ego
1907 766 2154 808 causam
2201 748 2540 827 naturalem
2589 747 2890 821 desidero,
2951 768 3057 809 cur
3105 748 3202 809 ef-

488 836 683 897 fectus
730 842 827 897 tot
870 835 1175 897 mensibus
1224 834 1283 896 in
1330 832 1477 897 Sole
1526 843 1588 897 et
1633 834 1810 897 Luna
1857 836 2184 911 differatur,
2235 844 2382 916 quot
2413 835 2575 898 horis
2605 835 2852 915 eclipsis
2883 858 2919 897 a
2957 837 3201 898 cardine

466 924 683 1003 abest,
733 932 796 986 et
842 935 1045 985 tamen
1084 922 1215 1002 jam
1261 924 1650 1003 singularium
1688 918 1938 985 ⁴duratio
1984 942 2091 1003 per
2120 925 2301 986 horas
2349 926 2410 986 in
2441 924 2614 987 Luna
2656 944 2916 1000 menses,
2966 924 3026 987 in
3057 924 3201 988 Sole

488 1032 677 1075 annos
726 1012 1043 1091 significet.
1140 1010 1342 1083 Quare
1398 1012 1540 1074 olim
1606 1032 1717 1091 ego
1766 1013 1978 1074 eadem
2025 1032 2159 1075 cum
2207 1013 2560 1075 Ptolemaeo
2629 1014 2908 1085 licentia,
2965 1014 3204 1077 scilicet

486 1121 604 1164 non
649 1120 857 1181 parva,
907 1102 1096 1163 talem
1145 1101 1226 1162 fui
1275 1109 1518 1163 secutus
1569 1102 1840 1163 modum:
1891 1109 2036 1181 quot
2082 1101 2245 1163 boris
2295 1102 2582 1164 luminare
2621 1122 2806 1183 supra
2835 1103 3204 1173 horizontem
3305 1094 3318 1103 ’

487 1192 739 1264 mansit,
802 1198 901 1253 tot
944 1190 1004 1251 in
1053 1190 1227 1253 Luna
1273 1208 1545 1265 menses,
1617 1190 1676 1251 in
1726 1190 1869 1253 Sole
1917 1190 2056 1252 anni
2105 1190 2270 1252 fuere
2315 1192 2796 1272 praesuppositi,
2865 1210 2940 1253 ex
2988 1189 3202 1272 quibus

488 1278 581 1341 illi
630 1280 909 1341 effectum
956 1278 1320 1355 sentiebant,
1374 1278 1475 1359 qni
1520 1279 1970 1358 respondebant
2015 1279 2179 1341 horis
2227 1279 2304 1341 ab
2345 1288 2475 1341 ortu
2523 1280 2796 1343 defectus
2831 1281 3202 1343 determina·

433 1384 442 1395 ·
487 1369 589 1430 tis.
684 1369 946 1443 Verum,
1006 1369 1115 1429 hoc
1162 1368 1339 1429 modo
1377 1368 1452 1429 ad
1498 1368 1936 1429 Ptolemaicum
1983 1368 2362 1443 confirmato,
2429 1360 2786 1449 principium
2831 1369 3204 1449 operationis

491 1457 733 1536 eclipsis
782 1456 1015 1519 Solaris
1080 1457 1365 1530 cadebat¹
1406 1464 1547 1517 ante
1615 1456 1852 1519 initium
1897 1456 2214 1536 eclipseos:
2311 1456 2502 1531 Puto,
2571 1458 2843 1534 defectus
2901 1476 3018 1519 non
3065 1458 3196 1536 pati

489 1553 614 1607 tam
663 1546 1025 1625 exquisitum
1073 1546 1387 1620 calculum,
1438 1564 1549 1607 nec
1597 1564 1745 1625 opus
1794 1563 1950 1621 esse,
2002 1564 2136 1607 cum
2173 1546 2385 1625 cuique
2434 1546 2555 1608 diei
2584 1546 2667 1607 sit
2698 1566 2809 1608 sua
2836 1546 3198 1625 significatio

490 1634 551 1694 in
600 1634 782 1695 astris
830 1652 906 1694 ex
952 1632 1297 1713 aspectibus
1346 1640 1409 1694 et
1454 1634 1830 1696 transitibus,
1927 1632 2080 1696 Cum
2111 1634 2304 1695 adhuc
2351 1635 2612 1697 nondum
2655 1641 2968 1696 exstarent
3015 1635 3204 1714 ephe-

490 1722 769 1797 merideS,
818 1743 856 1783 a
887 1719 1214 1785 Chaldaeis
1263 1730 1403 1784 sunt
1448 1722 1829 1785 introductae
1879 1723 2284 1802 profectiones
2335 1723 2413 1785 ad
2455 1723 2892 1786 sublevandum
2941 1724 3206 1785 laborem

492 1809 829 1872 calculandi
876 1818 1065 1872 astra.

631 1899 993 1949 Fabricius:
1043 1898 1124 1948 An
1174 1898 1384 1949 thema
1434 1900 1883 1963 conceptionis
1919 1899 2176 1963 praevalet
2212 1900 2418 1965 genesi,
2479 1899 2560 1951 vel
2599 1898 2811 1951 contra?
2883 1898 2990 1965 Ego
3028 1902 3200 1966 genesi

488 1970 649 2021 tribuo
684 1969 793 2034 plus
808 2005 821 2028 ‚
861 1971 980 2035 quia
1014 1977 1133 2021 tunc
1170 1984 1282 2020 cum
1318 1974 1435 2021 aere
1470 1970 1663 2021 imbibit
1698 1972 1826 2021 vires
1863 1971 2013 2032 coeli,
2050 1986 2150 2021 non
2186 1972 2240 2021 in
2277 1972 2619 2035 conceptione,
2642 1971 2744 2021 ‘ubi
2778 1985 2880 2022 nou
2917 1980 2997 2023 est
3039 1971 3206 2029 homo,

395 2093 403 2101 ,
489 2042 579 2093 sed
614 2042 747 2091 rudis
782 2044 1009 2092 materia.

666 2112 1066 2193 Keplerus:
1119 2110 1516 2192 Conceptioni
1536 2112 1762 2193 aliquid
1793 2112 2011 2188 tribuo,
2059 2120 2307 2192 propter
2337 2131 2715 2177 consensum.
2794 2114 2962 2176 Nihil
2990 2132 3205 2195 nempe

496 2202 699 2281 magni
749 2234 831 2246 -
880 2210 977 2264 est
1032 2208 1235 2263 autem
1282 2220 1378 2263 res
1426 2220 1647 2281 magna
1705 2202 1850 2263 felix
1898 2202 2211 2282 conceptio
2261 2233 2344 2243 —
2393 2204 2462 2264 fit
2519 2202 2648 2265 sine
2707 2222 3006 2265 consensu
3055 2205 3206 2265 coeli

489 2290 771 2366 natalitii,
820 2299 884 2352 et
931 2308 1127 2371 „quae
1172 2290 1234 2353 in
1281 2308 1396 2351 uno
1445 2292 1625 2353 tertio
1672 2289 1832 2351 inter
1877 2310 1942 2351 se
1991 2291 2440 2352 consentiunt.“
2533 2290 2867 2373 Conceptio
2922 2310 3057 2353 cum
3087 2310 3205 2372 pa·-

494 2380 763 2443 rentibus
804 2378 1140 2450 consentit,
1189 2378 1480 2441 nativitas
1528 2398 1662 2441 cum
1708 2378 1951 2454 iisdem,
2019 2397 2160 2459 ergo
2208 2387 2274 2440 et
2320 2381 2635 2460 conceptio
2684 2399 2818 2442 cum
2862 2380 3204 2443 nativitate.

496 2470 566 2532 In
614 2468 823 2549 genesi
870 2488 1011 2530 vero
1061 2469 1461 2531 discernenda
1511 2469 1688 2548 plane
1737 2468 1879 2529 mihi
1941 2470 2147 2530 thema
2201 2468 2547 2532 natalitium
2593 2468 2835 2531 sufficit.
2930 2468 3053 2530 Sed
3101 2476 3230 2549 tue..

496 2576 681 2619 causa
728 2566 824 2619 est
868 2558 1044 2632 bona,
1096 2575 1205 2619 nec
1251 2556 1705 2637 philosophica:
1756 2576 1936 2631 „cum
1966 2563 2106 2619 aere
2153 2558 2312 2620 vires
2361 2558 2512 2623 coeli
2547 2558 2820 2621 haurit.“
2914 2558 3012 2619 Ita
3057 2558 3207 2619 bene

495 2646 722 2717 dixisti,
771 2654 839 2707 ut
882 2647 1107 2721 rhetor,
1158 2655 1225 2707 at
1268 2666 1384 2707 non
1432 2656 1500 2708 ut
1544 2646 2014 2727 philosophicus
2111 2646 2291 2707 Vires
2337 2664 2549 2725 nempe
2597 2646 2752 2709 coeli
2795 2657 3048 2726 propter
3093 2664 3202 2706 ve-

494 2736 756 2798 hiculum
804 2736 963 2798 aeris
1011 2754 1129 2798 non
1176 2734 1567 2806 imbibuntur,
1638 2735 1979 2798 consistunt
2025 2734 2180 2798 enim
2229 2734 2289 2796 in
2337 2736 2770 2816 imaginatione
2815 2754 3013 2798 rerum
3061 2734 3206 2798 sub-

497 2825 808 2888 lunarium.
892 2862 897 2866 -

630 2912 992 2962 Fabricius:
1032 2910 1163 2971 Quia
1198 2915 1250 2962 te
1286 2913 1339 2961 in
1375 2911 1666 2976 physicis
1703 2912 2272 2976 speculationibus
2310 2911 2552 2962 excellere
2589 2913 2763 2970 video,
2816 2912 2930 2964 ideo
2967 2919 3021 2963 et
3055 2913 3208 2963 hasce

489 3002 520 3052 q
536 2999 573 3034 u
592 2997 625 3035 a
642 2999 671 3034 e
688 2998 713 3032 s
730 2984 837 3033 tio
855 2998 890 3032 n
908 2997 937 3033 e
956 2997 981 3031 s
1016 2981 1096 3046 ph
1114 2997 1148 3045 y
1165 2997 1189 3031 s
1209 2984 1227 3031 i
1244 2998 1271 3034 c
1294 2997 1327 3032 a
1346 2999 1369 3032 s
1406 2983 1549 3032 simul
1584 2984 1673 3033 tibi
1709 2998 1996 3047 proponere·
2021 2984 2152 3033 volui
2189 2984 2544 3034 discutiendas.

640 3052 931 3116 Quaeritur,
972 3067 1038 3104 an
1074 3053 1168 3103 ful
1187 3056 1365 3125 mina
1398 3055 1499 3104 sint
1532 3055 1817 3116 materiata,
1859 3055 1936 3104 vel
1971 3056 2170 3118 spiritus
2196 3053 2427 3104 tantum?
2501 3053 2554 3103 Si
2591 3057 2878 3114 materiata,
2915 3070 3004 3105 cur
3037 3056 3210 3124 homo.

492 3127 569 3177 vel
606 3126 707 3176 alia
743 3133 973 3176 ereatura
1008 3126 1260 3183 animata,
1309 3139 1411 3175 non
1445 3125 1677 3176 laedatur
1710 3126 1806 3174 illis
1846 3126 2019 3175 eodem
2065 3125 2210 3175 modo
2264 3141 2352 3189 per
2390 3125 2756 3187 disjectionem.
2820 3127 3208 3176 vulnerationem

492 3203 583 3248 aut
620 3198 1042 3257 deformationem,
1080 3203 1139 3245 ut
1173 3197 1299 3246 muri
1337 3204 1389 3246 et
1423 3195 1621 3246 turres?
1694 3195 1971 3246 Materiata
2006 3211 2184 3260 nempe
2218 3197 2381 3246 locum
2419 3197 2691 3260 requirunt,
2731 3205 2783 3246 et
2809 3205 3070 3262 propterea
3107 3198 3208 3247 alia

490 3283 698 3333 corpora
730 3269 957 3333 ingressa
985 3268 1193 3318 violenti
1227 3274 1382 3324 motu.
1423 3281 1487 3316 ea
1520 3268 1739 3318 sensibili
1774 3269 1996 3318 laesione
2035 3269 2276 3319 afficiunt.
2354 3265 2451 3328 Qui
2487 3267 2567 3329 fit,
2621 3269 2750 3333 quod
2801 3275 2824 3317 t
2843 3284 2870 3317 o
2886 3285 2920 3319 n
2937 3271 2954 3318 i
2971 3275 2995 3317 t
3013 3285 3037 3318 r
3057 3284 3091 3318 u
3107 3283 3208 3317 um

488 3339 712 3462 {aggere}
722 3340 883 3461 οιιιιὲἓ
916 3335 1192 3460 mugil-inari
1221 3353 1464 3390 summum
1502 3336 1535 3387 4
1570 3339 1802 3390 milliaria
1837 3355 1938 3410 uon
1975 3340 2257 3401 audiantur,
2297 3346 2472 3392 contra
2507 3346 2860 3390 tormentorum
2899 3340 3205 3404 explosiones

632 3447 647 3471 ,
760 3446 775 3470 ,
918 3427 971 3460 m
1174 3448 1187 3461 .

672 3483 1079 3562 Keplerus:
1150 3484 1244 3544 De
1312 3481 1656 3544 fulminibus
1722 3483 1872 3544 haec
1921 3491 2020 3544 est
2077 3502 2214 3544 mea
2260 3483 2568 3544 sententia
2615 3483 2755 3558 (nec
2804 3484 2962 3544 enirn
3009 3481 3204 3544 minus

492 3593 620 3649 me,
668 3591 780 3652 par
826 3579 950 3647 est,
1001 3579 1358 3652 arroganter
1404 3572 1801 3658 respondere.
1847 3590 2025 3651 qnam
2071 3580 2139 3633 tu
2184 3571 2551 3634 confidenter
2599 3571 2896 3652 quaeris):
2957 3581 3021 3632 et
3068 3590 3203 3633 ma-

492 3662 733 3726 terialia
780 3681 937 3734 esse,
986 3668 1050 3723 et
1096 3662 1361 3741 spiritus,
1454 3661 1615 3724 Nam
1663 3668 1727 3722 et
1772 3660 2019 3739 spiritus
2069 3669 2164 3722 est
2209 3661 2487 3722 materia.
2582 3660 2846 3739 Lapides
2901 3679 3043 3722 vero
3092 3680 3204 3722 ne-

494 3752 717 3814 minem
764 3768 1025 3830 unquam
1052 3750 1365 3830 excepisse
1393 3757 1560 3829 puto,
1610 3757 1678 3811 ut
1706 3749 2136 3828 specularetur.
2229 3749 2419 3812 Fallit
2459 3749 2734 3811 homines
2765 3749 2870 3827 via
2894 3768 3000 3816 seu
3029 3749 3218 3828 limes,

497 3840 751 3902 adustus
796 3857 904 3918 per
951 3839 1218 3902 arbores.
1310 3838 1402 3900 At
1446 3857 1565 3900 non
1613 3837 1902 3917 sequitur,
1953 3837 2218 3917 lapidem
2249 3838 2414 3902 illam
2453 3846 2744 3901 metatum
2774 3837 2956 3900 viam.
3047 3839 3204 3900 Pro-

494 3936 726 4010 ponant
772 3929 916 3991 mihi
966 3928 1244 4009 lapidem,
1295 3926 1721 3988 demonstrabo
1760 3925 1914 4001 illis,
1962 3926 2018 3988 si
2064 3927 2264 3990 durior
2313 3947 2430 3990 non
2471 3927 2686 4002 fuerit,
2749 3928 2969 3990 millies
3017 3926 3202 3989 dissi-

496 4019 687 4081 luisse
734 4017 1091 4096 oportuisse.
1181 4018 1273 4078 At
1318 4033 1395 4078 ex
1422 4014 1741 4078 arboribus
1788 4015 2200 4078 exscinditur?
2260 4014 2315 4077 O
2345 4015 2643 4080 imbecille
2685 4016 2944 4078 fulmen!
3011 4016 3114 4078 Au
3140 4022 3203 4078 tu

497 4107 715 4184 credis,
756 4107 910 4166 hanc
956 4105 1307 4168 violentiam
1354 4105 1411 4168 in
1460 4106 1620 4168 nodo
1666 4100 1962 4169 haerere?
2054 4103 2230 4176 Quod
2268 4116 2474 4168 autem
2503 4125 2755 4189 corpora
2798 4123 2918 4166 non
2965 4123 3098 4167 eum
3145 4103 3202 4166 in

496 4195 740 4258 modum
786 4193 1197 4266 fulminentur,
1247 4214 1363 4274 quo
1410 4195 1602 4276 ligna,
1652 4213 1841 4257 causa
1887 4201 1984 4256 est
2028 4195 2344 4270 mollities,
2395 4214 2549 4275 quae
2596 4191 2824 4257 nullam
2870 4193 3056 4255 babet
3102 4213 3203 4256 re-

496 4283 871 4358 sistentiam,
921 4293 985 4348 et
1030 4284 1188 4364 quod
1235 4283 1443 4346 ustilia
1488 4304 1605 4348 non
1646 4293 1822 4360 sunt,
1873 4291 1942 4345 ut
1988 4282 2172 4363 ligna.
2263 4283 2500 4346 Eadem
2545 4303 2758 4358 causa,
2825 4301 2930 4348 cur
2977 4283 3210 4364 liquent

494 4372 766 4436 metalla.
2039 4411 2046 4422 -

674 4461 955 4524 Jucunda
1000 4460 1275 4541 quaestio
1324 4460 1398 4522 de
1444 4460 1695 4522 terribili
1745 4461 2008 4539 fragore.
2049 4457 2056 4462 “
2101 4461 2238 4536 „De
2287 4459 2430 4522 forti
2475 4459 2795 4524 dulced0.“
2865 4459 3062 4522 Judic.
3105 4455 3205 4523 14.

497 4551 661 4631 Ergo
708 4569 1011 4630 nunquam
1057 4549 1187 4611 sine
1232 4549 1389 4612 nube
1436 4557 1631 4610 tonat.
1733 4551 1825 4610 At
1869 4549 2056 4610 imber
2104 4569 2180 4610 ex
2225 4558 2651 4614 concamerata
2697 4549 2950 4626 decidit,
3018 4568 3208 4629 eaque

501 4658 620 4702 non
670 4639 834 4712 alta,
897 4658 974 4700 ex
1020 4657 1242 4718 vapore
1290 4637 1525 4699 scilicet
1567 4637 1983 4718 copiosissime
2041 4638 2218 4701 simul
2273 4657 2350 4700 ex
2413 4646 2578 4702 terra
2643 4639 2968 4701 exhalante
3031 4639 3210 4702 simul

500 4747 539 4788 a
584 4745 840 4808 superno
888 4728 1048 4790 aeris
1097 4728 1319 4807 frigore
1366 4725 1425 4788 in
1474 4744 1692 4806 aquam
1738 4735 2022 4802 cooaoto;
2070 4728 2314 4791 clausus
2343 4727 2546 4809 itaque
2586 4728 2792 4810 fragor
2819 4736 2934 4791 est.
3031 4728 3208 4790 Adde

500 4823 567 4878 et
613 4815 771 4897 quod
819 4816 1101 4880 celeritas
1150 4835 1301 4896 pene
1348 4815 1481 4876 sola
1528 4815 1787 4894 fragoris
1835 4835 2041 4878 causa.
2133 4817 2325 4892 Puto,
2384 4819 2700 4880 materiam
2748 4817 3011 4880 fulminis
3059 4836 3209 4880 ean-

500 4905 638 4970 dem
684 4923 841 4979 esse,
890 4923 1042 4988 quae
1088 4915 1187 4968 est
1230 4905 1291 4968 in
1338 4923 1484 4968 auro
1532 4903 1806 4980 feriente,
1855 4904 2024 4986 cujus
2069 4905 2298 4970 incensi
2344 4905 2504 4970 idem
2549 4915 2648 4971 est
2692 4906 2916 4988 fragor.
