3634 5575
556 359 709 447 ffl-
1409 381 1612 432 uterne
1645 376 1854 446 Ksplerl
1890 380 2193 446 aliorumque
2223 388 2433 448 tuntum

551 541 970 614 Ptolemaeus:
1013 539 1285 602 invenies
1331 539 1622 602 distincta
1665 563 2099 620 τεταρτημορια
2146 541 2605 622 (quadrantes),
2666 541 2727 604 in
2775 541 2991 622 quibus
3037 561 3287 613 μυουσι

564 631 943 704 (versantur)
987 629 1312 708 planetae;
1359 629 1726 708 quadrantes
1761 630 1949 710 igitur
1984 629 2235 693 zodiaci.
2331 629 2561 701 Quales
2610 631 2794 693 vero?
2876 627 3282 706 Ἀπηλιωτικα,

555 719 792 796 infima,
838 716 996 790 ἐωα,
1042 716 1495 792 ἀποκεκλικοτα,
1541 716 1953 795 ἀποκληματα,
1999 719 2113 781 hoc
2160 728 2287 795 est,
2338 718 2415 780 ab
2463 719 2771 782 horizonte
2820 717 3013 779 ortivo
3062 725 3125 778 et
3170 735 3280 777 oc·-

556 806 732 870 ciduo
777 806 1054 885 incepta,
1121 805 1180 866 in
1229 806 1676 886 nonagesimum
1724 807 1910 886 igitur
1954 816 2130 870 extra
2175 807 2567 870 meridianum
2614 807 3023 870 terminantia.
3118 805 3281 867 Nam

555 915 674 960 non
723 895 942 957 dicitur
986 913 1472 974 τεταρτημοριον,
1518 894 1632 957 nisi
1677 897 1984 976 perfectus
2033 897 2363 977 quadrans,
2420 915 2530 958 nec
2576 914 2723 975 pure
2770 895 3110 966 ἆποκλινω,
3160 893 3279 955 nisi

555 1007 594 1046 a
641 977 1026 1064 nonagesimi)
1073 983 1369 1062 inceptus.
1464 983 1821 1046 Decimo:
1886 993 1986 1046 est
2040 985 2245 1066 aliqua
2291 987 2528 1060 domm,
2588 1004 2740 1064 quae
2802 985 3019 1046 dicitur
3064 980 3278 1046 ἐπανα-

561 1095 753 1152 φορας
817 1071 1236 1152 ἀναφερεσθαι
1299 1091 1442 1133 vero
1491 1071 1771 1135 tribuitur
1826 1073 2017 1152 signis
2063 1075 2315 1137 zodiaci.
2410 1074 2639 1134 Domus
2687 1073 2873 1153 igitur
2917 1071 3277 1150 intelligitur

555 1163 630 1223 de
687 1181 828 1222 arcu
881 1161 1152 1236 zodiaci,
1213 1159 1316 1222 ille
1371 1179 1514 1221 vero
1574 1162 1792 1223 dicitur
1850 1165 2395 1241 δοδεκατημοριον.’
2455 1159 2906 1224 Undecimo:
2974 1163 3063 1224 sic
3130 1159 3275 1221 alibi

555 1249 826 1329 appellat
889 1271 961 1311 το
1021 1254 1464 1324 κακοδαιμονων
1529 1246 1752 1322 (monor.
1846 1253 2046 1313 Ζωδια
2110 1260 2253 1313 sunt
2308 1249 2537 1313 zodiaci
2584 1259 2791 1331 partes
2840 1249 3271 1312 duodecimae:

555 1356 706 1417 ergo
755 1339 985 1412 domuS,
1035 1356 1188 1419 quae
1237 1343 1680 1414 κακοδαιμωων
1709 1339 1944 1415 dicitur,
1996 1347 2093 1402 est
2138 1339 2366 1401 zodiaci
2395 1358 2537 1419 pars
2566 1339 2711 1402 XII.
2822 1337 3269 1401 Duodecimo

553 1427 712 1490 ratio
773 1426 1054 1502 accedat,
1131 1445 1264 1488 cum
1313 1428 1386 1488 de
1433 1429 1558 1489 situ
1613 1428 1877 1507 partium
1923 1429 2154 1491 zodiaci
2222 1429 2591 1508 disputatur,
2658 1429 2812 1490 unde
2880 1428 3002 1490 illic
3067 1426 3269 1507 potius

551 1515 839 1594 incipiat,
909 1533 1089 1595 quam
1134 1521 1438 1594 apuncto
1502 1516 1819 1578 altissimo.
1920 1515 2074 1579 Hinc
2120 1517 2509 1578 Ptolemaeus
2558 1515 2721 1587 alibi,
2780 1535 2911 1578 cum
2962 1516 3146 1578 etiam
3195 1515 3267 1575 de

551 1625 752 1674 τοποις
801 1599 1400 1685 συσχηματιζομενοις
1446 1604 1604 1685 agit,
1675 1607 1946 1686 appellat
1990 1629 2095 1668 τω
2152 1627 2303 1668 κατα
2362 1627 2621 1684 κορυφην
2668 1627 2849 1667 conor
2913 1603 3266 1687 quadratum

551 1693 628 1756 ab
694 1693 1048 1770 horoscopo.
1139 1691 1608 1754 Tredecimo:
1678 1715 1716 1754 a
1773 1714 1922 1756 voce
1978 1694 2167 1768 Medii
2206 1693 2399 1757 Coeli.
2494 1693 2562 1756 Si
2611 1695 2768 1756 euim
2830 1695 3112 1757 zodiacus
3152 1699 3269 1770 ,est

545 1782 604 1844 in
655 1780 863 1842 domos
911 1779 1356 1842 distribuendus
1403 1791 1650 1862 propter
1695 1784 2073 1863 planetarum
2133 1780 2190 1845 in
2242 1803 2313 1844 eo
2363 1783 2733 1845 versantium
2783 1791 2985 1845 status
3034 1801 3262 1861 expen-

547 1867 798 1944 dendos,
847 1877 1088 1948 oportet
1131 1869 1338 1950 utique
1387 1871 1519 1951 ejus
1556 1873 1818 1934 medium
1857 1893 1972 1934 non
2002 1873 2247 1936 verbale
2286 1889 2423 1934 esse
2470 1871 2531 1934 in
2562 1871 2909 1947 meridiano,
2962 1871 3070 1932 sed
3100 1869 3261 1932 reale

549 1965 725 2020 extra
771 1957 1164 2020 meridianum
1209 1957 1271 2019 in
1317 1960 1725 2039 nonagesimo.

727 2043 930 2121 Satis,
999 2047 1245 2129 opinor,
1321 2047 1551 2110 obtinui
1615 2049 2029 2129 propositum:
2112 2068 2267 2110 nuuc
2334 2049 2647 2110 audiamus
2712 2065 2889 2126 porro
2949 2047 3257 2109 Stadium:

545 2135 1014 2209 „Ptolemaeus,
1090 2136 1192 2198 ubi
1256 2136 1329 2198 de
1393 2137 1752 2200 deductione
1813 2145 2271 2219 prorogatorum
2321 2137 2486 2216 agit,
2564 2137 2651 2199 M.
2702 2135 2775 2199 C.
2825 2137 2885 2197 in
2934 2135 3261 2198 meridiano

545 2222 932 2286 constituit.“
1023 2223 1142 2286 Est
1187 2243 1330 2304 ergo
1380 2225 1602 2305 duplex
1647 2227 1732 2288 M.
1787 2225 1859 2290 C.
1909 2245 2017 2306 pro
2068 2225 2289 2306 duplici
2332 2225 2637 2300 institute,
2698 2225 2929 2287 duobus
2976 2224 3256 2298 motibus,

545 2312 776 2374 duobus
824 2312 1127 2392 primariis
1175 2312 1412 2376 circulis
1459 2333 1776 2394 eorumque
1824 2316 2001 2396 poliS,
2047 2324 2113 2376 et
2161 2313 2542 2377 latitudinum
2589 2313 3097 2394 verticalibusque
3136 2313 3256 2374 cir-

545 2399 714 2462 culis.
807 2399 968 2463 Nam
1023 2401 1080 2463 si
1135 2403 1210 2463 de
1277 2402 1397 2465 situ
1455 2403 1688 2482 agimus
1745 2405 2013 2479 zodiaci,
2081 2405 2167 2466 M.
2221 2401 2292 2466 C.
2353 2408 2449 2464 est
2504 2402 2563 2463 in
2613 2403 2805 2482 gradu
2852 2401 3257 2482 nonagesimi3

545 2489 640 2550 sin
690 2495 891 2550 autem
941 2490 1014 2553 de
1060 2497 1228 2552 motu
1272 2490 1484 2570 primo,
1532 2500 1602 2553 ut
1646 2491 1706 2552 in·
1754 2492 2032 2555 doctrina
2080 2491 2490 2565 directionum,
2542 2501 2650 2553 aut
2697 2489 2747 2553 si
2787 2491 3255 2564 consideramus,

545 2583 833 2658 quantum
885 2577 1074 2641 distet
1117 2577 1262 2654 Sol,
1315 2579 1521 2655 Luna,
1569 2580 1666 2642 vel
1712 2582 2017 2660 planetae,
2067 2581 2299 2644 ratione
2346 2587 2547 2641 motus
2595 2579 2769 2660 primi
2817 2601 2854 2640 a
2909 2579 3252 2665 meridiane,

543 2665 620 2728 ab
669 2685 740 2728 eo
787 2685 875 2728 sc.
923 2674 1167 2747 punct0,
1217 2668 1276 2730 in
1327 2686 1440 2747 quo
1489 2669 1576 2730 illi
1621 2688 1693 2729 eo
1741 2669 1838 2732 die
1886 2671 2011 2732 fieri
2058 2676 2317 2749 possunt
2362 2667 2664 2742 altissimi,
2716 2677 2782 2729 ut
2832 2669 2900 2728 fit
2943 2669 3005 2729 in
3055 2666 3253 2746 capite

543 2757 616 2818 de
666 2754 1066 2835 dignitatibus
1114 2763 1177 2818 et
1223 2755 1402 2819 alibi:
1455 2767 1594 2821 tunc
1643 2758 1728 2820 M.
1781 2757 1853 2821 G.
1905 2767 2003 2821 est
2048 2759 2109 2821 in
2159 2757 2516 2831 meridiano,
2566 2757 2707 2838 quia
2754 2775 2823 2818 eo
2873 2757 2968 2818 die
3015 2755 3263 2837 planeta

543 2863 659 2906 non
708 2844 976 2906 absolvit
1019 2845 1368 2920 zodiacum,
1438 2846 1546 2907 sed
1601 2849 1997 2925 parallelum,
2064 2850 2231 2927 cujus
2294 2855 2581 2927 punctum
2643 2846 3009 2909 altissimum
3056 2854 3158 2906 est
3200 2844 3259 2906 in

541 2930 891 2995 meridiano.
987 2930 1248 2996 Secutus
1295 2942 1392 2997 est
1435 2935 1550 2998 hoo
1599 2933 1916 2998 Cardanns
1966 2936 2022 2998 in
2072 2936 2344 2998 centuria
2387 2934 2728 3015 genesium,
2780 2944 2847 2997 et
2892 2934 3063 2996 multi
3114 2942 3255 2995 ante

539 3038 696 3082 eum.
787 3019 1142 3097 Exemplum
1191 3040 1266 3083 ex
1312 3042 1446 3085 mea
1472 3024 1725 3103 genesi:
1773 3044 1890 3087 non
1938 3035 2034 3087 est
2080 3026 2260 3087 altior
2304 3025 2529 3104 gradus
2558 3023 2790 3085 zodiaci
2825 3042 3001 3103 quam
3032 3020 3249 3095 25⁰3<‚

540 3108 682 3189 quia
727 3108 915 3169 oritur
962 3104 1185 3182 25⁰11.
1281 3113 1370 3173 At
1415 3112 1638 3191 gradus
1687 3113 1771 3176 M.
1824 3110 1895 3175 G.
1966 3112 2280 3181 (Cardano
2330 3111 2549 3175 dicitur
2596 3132 2715 3173 cor
2760 3112 2949 3181 coeli)
3008 3106 3135 3174 22⁰
3163 3128 3255 3170 2:ae

539 3196 694 3258 satis
741 3214 960 3275 magno
1009 3217 1152 3260 arcu
1201 3210 1297 3261 est
1343 3200 1647 3271 humilior,
1714 3220 1891 3283 quam
1938 3198 2156 3275 25034.
2252 3201 2361 3264 Sol
2410 3218 2551 3262 vero
2598 3200 2656 3261 in
2714 3198 2916 3278 15⁰5
2964 3198 3021 3261 in
3068 3198 3254 3260 meri-

541 3285 720 3347 diano
769 3285 1010 3367 quidem
1057 3288 1126 3348 fit
1173 3286 1539 3364 altissimus,
1591 3302 1658 3352 at
1703 3311 1777 3353 ne
1825 3290 1981 3352 hanc
2030 3289 2266 3371 quidem
2315 3310 2385 3353 eo
2434 3291 2529 3352 die
2578 3289 2924 3369 assequitur
2971 3287 3253 3349 altitudi-

539 3392 697 3449 nem,
749 3392 924 3453 quam
972 3374 1158 3437 habet
1205 3374 1464 3453 22⁰m,
1514 3379 1620 3440 sed
1669 3380 1858 3442 multo
1906 3380 2216 3443 minorem.
2312 3380 2524 3459 Itaque
2574 3379 2807 3439 ratione
2838 3378 2993 3439 situs
3024 3371 3259 3439 22⁰ae

541 3462 766 3524 nullam
813 3463 1002 3525 habet
1047 3464 1398 3541 efficaciam,
1450 3476 1516 3529 ut
1564 3466 1747 3530 habet
1791 3488 2075 3548 magnam
2124 3468 2359 3530 ratione
2408 3475 2625 3528 motus.
2720 3466 2803 3528 Et
2846 3474 3029 3539 nota,
3036 3490 3041 3494 ·
3077 3470 3146 3527 ut
3190 3484 3256 3525 se

536 3550 724 3613 habet
769 3552 922 3614 situs
971 3554 1047 3615 ad
1095 3572 1348 3634 corpuS,
1420 3556 1506 3617 sic
1564 3576 1630 3617 se
1687 3556 1874 3618 habet
1920 3565 2146 3631 motus,
2218 3556 2293 3617 ad
2351 3557 2556 3618 vitam.
2649 3554 2719 3617 In
2769 3512 3255 3616 consideratione

535 3639 718 3720 igitur
769 3640 1035 3720 corporis
1084 3652 1149 3704 et
1195 3663 1345 3723 quae
1394 3644 1727 3707 adhaerent
1771 3665 1880 3725 pro
1928 3646 2013 3706 M.
2066 3642 2138 3709 O.
2190 3644 2611 3723 nonagesimus
2644 3650 2743 3704 est
2776 3642 3254 3705 considerandus

535 3724 757 3807 magis:
807 3740 876 3791 at.
921 3731 980 3792 in
1026 3732 1508 3794 consideratione
1556 3734 1750 3810 vitae,
1799 3735 1858 3798 h.
1911 3754 1962 3796 e.
2015 3732 2319 3795 actionum
2364 3732 2652 3806 hominis,
2702 3740 2765 3793 et
2812 3750 2965 3811 quae
3015 3731 3251 3794 adhae-

535 3824 697 3892 rent,
747 3825 816 3879 ut
861 3826 924 3880 et
969 3818 1027 3879 in
1077 3820 1543 3894 directionibuS,
1603 3822 1842 3883 omnino
1889 3822 2225 3903 praepollet
2274 3822 2359 3883 M.
2412 3820 2484 3884 Ο.
2534 3820 2595 3881 in
2644 3820 2994 3883 meridiano.
3088 3820 3251 3882 Dili-

535 3915 752 3985 genter
796 3906 980 3985 igitur
1027 3908 1527 3971 considerandum
1575 3911 1753 3991 quale
1799 3912 1886 3974 M.
1938 3910 2011 3976 O.
2063 3910 2275 3992 quovis
2305 3909 2641 3973 Ptolemaei
2688 3911 2819 3972 loco
2868 3908 3249 3982 adhibeatur,

536 4000 602 4054 et
647 3992 891 4056 sublata
939 3995 1052 4059 erit
1100 3998 1290 4059 omnis
1340 3998 1686 4060 difficultas.

719 4082 930 4164 Pergit
975 4083 1259 4147 Stadius:
1327 4087 1693 4149 meridianus
1744 4088 1821 4149 ab
1870 4086 2177 4150 horizonte
2236 4104 2475 4165 semper
2530 4106 2638 4146 sex
2684 4084 2850 4147 horis
2899 4084 3254 4165 aequalibus

535 4168 748 4243 distat,
795 4181 862 4234 ut
909 4172 1090 4236 docet
1131 4173 1588 4239 Ptolemaeus.“
1679 4178 1772 4239 At
1816 4177 1988 4246 haec,
2038 4196 2071 4237 o
2115 4175 2310 4249 Stadi,
2362 4172 2719 4253 ἀκυρολογια
2764 4182 2879 4247 est,
2927 4193 3042 4235 non
3075 4192 3251 4235 usur-

536 4270 688 4339 pata
736 4280 774 4323 a
819 4262 1172 4325 Ptolemaeo
1223 4264 1333 4325 hoc
1383 4264 1535 4327 loco.
1609 4265 1810 4327 Nullis
1860 4266 2021 4326 horis
2068 4265 2304 4327 distant
2348 4264 2408 4325 hi
2438 4264 2663 4333 circuli,
2714 4264 2823 4324 sed
2870 4262 3045 4323 simul
3094 4268 3251 4323 sunt.

532 4348 798 4411 Planeta
865 4368 1006 4412 vero
1071 4368 1206 4413 cum
1273 4360 1372 4413 est
1431 4354 1491 4413 in
1553 4353 1901 4423 horizonte,
1970 4353 2147 4415 abest
2212 4376 2249 4415 a
2310 4352 2641 4414 meridiano
2700 4368 2939 4431 semper
3003 4347 3043 4413 6
3092 4350 3253 4413 horis

535 4455 649 4498 non
683 4439 1039 4519 aequalibus
1069 4458 1312 4520 semper
1347 4448 1410 4503 et
1440 4441 1710 4504 omnibus
1759 4443 1993 4517 diebus,
2044 4442 2151 4503 sed
2198 4442 2633 4522 temporalibus
2680 4440 3101 4520 inaequalibus
3147 4456 3255 4519 per

533 4526 664 4588 dies
713 4527 1006 4601 diversos»,
1059 4548 1210 4609 quae
1259 4538 1462 4591 tamen
1512 4540 1652 4592 sunt·
1699 4532 1984 4613 aequales
2034 4530 2091 4591 in
2143 4532 2238 4593 die
2289 4549 2403 4591 uno
2452 4530 2611 4591 inter
2656 4548 2722 4590 se
2772 4529 2964 4610 ipsae.

711 4614 886 4687 Quae
933 4618 994 4679 in
1041 4616 1258 4681 Studio
1306 4627 1668 4700 sequuntur,
1744 4640 1859 4681 non
1918 4620 2191 4701 indigent
2238 4618 2761 4681 commentatione.
2856 4618 2992 4679 Non
3043 4634 3252 4697 repre-

533 4702 728 4764 hendo
782 4706 1266 4769 distributionem
1313 4708 1589 4769 domuum
1637 4706 2135 4787 Regiomontani,
2199 4710 2250 4770 si
2300 4726 2414 4769 uon
2462 4725 2568 4786 pro
2618 4705 2993 4768 Ptolemaica
3038 4706 3253 4767 vendi-

534 4800 717 4853 tetur.
813 4790 1034 4857 Posset
1091 4796 1345 4877 aliquiS,
1413 4804 1480 4857 ut
1537 4814 1818 4875 superum
1880 4796 2385 4885 hemisphaerium
2442 4796 2497 4856 in
2550 4791 2589 4857 6
2638 4804 2954 4887 segmenta
2999 4794 3249 4867 dividat,

535 4880 614 4943 ad
662 4880 1120 4947 similitudinem
1165 4884 1632 4965 Regiomontani
1679 4906 1790 4969 per
1837 4888 2137 4949 sectionts
2183 4894 2425 4950 mutuas
2471 4878 2799 4947 horizontis
2846 4892 2910 4945 et
2948 4882 3252 4948 verticalis
