3634 5575
1463 385 1526 436 de
1561 387 1706 438 rebus
1743 341 2079 454 astrologicis...
2985 387 3107 454 301

402 543 486 606 Et
529 551 732 606 tamen
779 541 890 604 illa
931 541 1170 620 tragica
1213 540 1440 620 passim
1487 541 1546 604 iu
1577 541 1835 604 Austris
1880 542 1992 604 sub
2040 542 2167 622 ejus
2196 543 2435 605 nomine
2462 546 2831 626 palliantur.‘
2888 547 3115 608 Astro-

403 632 524 711 logi
571 631 862 705 dicerent,
913 629 1116 709 vigere
1167 629 1557 691 directionem
1606 630 1736 709 ejus
1785 631 1874 691 Μ.
1908 628 1978 692 C.
2029 631 2106 692 ad
2155 633 2281 704 8)
2328 639 2390 694 et
2439 629 2578 711 *5.

541 787 634 838 His
672 788 734 838 de
771 787 918 837 rebus
954 785 1165 850 politicis
1201 788 1568 837 narrationibus
1603 787 1726 836 nihil
1765 787 2051 838 addendum
2087 803 2370 848 censemus;
2410 797 2757 855 comparentur
2789 791 3030 840 historici.

541 857 702 920 Quem
738 873 892 922 supra
927 859 1048 907 dicit
1069 857 1335 922 Keplerus,
1373 857 1414 907 Ζ
1433 859 1706 907 immerm
1724 873 1951 916 annus,
1989 860 2400 923 superintendens
2427 869 2535 910 erat
2580 863 2901 912 ecclesiarum
2920 861 3117 923 Scyriae

399 929 603 978 Lutheri
653 929 772 978 fidei
827 929 1166 988 addictarum,
1217 929 1335 977 inde
1385 927 1449 977 ab
1501 943 1632 978 anno
1672 925 1827 978 1596.
1904 929 2066 979 Natus
2102 935 2181 980 est
2228 945 2359 980 anno
2400 929 2539 980 1540
2572 931 2861 989 Neostadii‚
2904 933 2958 980 in
2997 929 3111 980 civi-

401 1006 509 1050 tate
559 999 1018 1064 wurtembergica,
1086 1006 1138 1050 et
1186 998 1455 1049 Maestlino
1507 999 1694 1062 pridem
1749 1001 1973 1050 amicitia
2018 1003 2311 1086 conjunctus
2361 1009 2498 1060 erat,
2554 1017 2667 1052 cum
2714 1009 2919 1065 uterque
2972 999 3117 1050 simul

401 1085 490 1134 per
546 1071 732 1136 aliquot
787 1085 946 1120 annos
997 1069 1363 1134 Heidelbergae
1411 1076 1824 1127 commoraretur,
1878 1071 1962 1120 ille
2011 1085 2156 1120 sacer
2205 1073 2436 1136 principis
2496 1080 2661 1122 orator
2716 1083 2766 1124 at
2818 1085 2853 1120 a
2899 1071 3115 1122 consiliis

403 1140 783 1260 ecclesiasticisa,
832 1140 914 1190 hic
967 1141 1252 1190 matheseos
1300 1140 1556 1204 professor.
1631 1140 1712 1190 De
1762 1141 2149 1192 Zimmermanni
2202 1142 2302 1192 filio
2354 1143 2508 1194 refert
2555 1137 2802 1236 Keplems
2848 1141 3113 1192 Maestiino

398 1227 458 1260 su
493 1225 551 1262 ra
586 1226 652 1274 pa
779 1209 833 1260 0.

459 1226 490 1276 P
548 1227 730 1332 Ῑιιιεξιι
759 1281 963 1345 Kepleri
991 1279 1039 1330 d.
1071 1277 1153 1329 15.
1173 1277 1344 1330 Martii
1378 1280 1632 1344 respondit
1655 1279 2059 1332 Maestlinns
2093 1282 2311 1346 pluribus
2352 1273 2612 1355 „padule
2640 1278 3109 1345 Gai.uaj.1598.“

400 1351 544 1413 Quae
581 1368 643 1402 ex
677 1352 752 1402 hia
796 1353 954 1401 literis
987 1350 1085 1401 huc
1121 1351 1389 1414 pertinent,
1425 1351 1553 1401 haec
1589 1358 1728 1401 sunt.

540 1423 738 1473 Literna
761 1423 916 1478 Tuas.
945 1421 1162 1471 Doctiss.
1179 1421 1285 1478 Vir,
1324 1421 1537 1471 Domine
1565 1427 1617 1471 et
1644 1423 1803 1472 amice
1828 1421 2083 1485 pei-chare,
2123 1425 2296 1487 accepi
2318 1422 2436 1473 mihi
2460 1423 2799 1488 gratissimas,
2834 1422 2955 1472 mihi
2990 1436 3109 1487 qno·

399 1506 495 1557 que
530 1499 772 1556 pergrata
806 1499 884 1542 est
918 1493 1246 1556 respondendi
1285 1493 1498 1542 occasio.
1575 1491 1676 1542 Sed
1711 1494 1795 1542 ubi
1821 1494 2005 1543 faciam
2040 1494 2268 1543 initium?
2343 1495 2422 1543 An
2456 1507 2556 1544 non
2593 1495 2659 1544 ab
2696 1508 2773 1556 eo,
2810 1493 2942 1558 quod
2964 1507 3113 1558 super

399 1564 598 1614 modum
635 1564 827 1627 ingenti
861 1563 1114 1612 moestitia
1148 1577 1232 1614 cor
1266 1577 1432 1612 meum
1469 1562 1645 1612 afflixit
1684 1570 1736 1613 et
1773 1562 1935 1614 adhuc
1974 1563 2189 1630 affligit?

545 1632 710 1682 Natus
749 1635 843 1682 fuit
876 1632 995 1682 mihi
1030 1633 1186 1689 filius,
1239 1639 1387 1682 natus
1425 1639 1504 1682 est
1540 1635 1694 1682 etiam
1727 1634 1835 1683 tibi.
1912 1633 2018 1683 Ah!
2081 1635 2285 1684 Utinam
2323 1633 2511 1684 felicior
2544 1639 2657 1684 tuus
2696 1633 2909 1690 evadat,
2962 1639 3110 1698 atque

403 1709 454 1752 te
507 1709 743 1767 tuumque
795 1705 1016 1752 suavium
1072 1705 1218 1753 aliter
1271 1703 1537 1753 exhiberet.
1614 1703 1817 1768 Speravi
1866 1705 2149 1755 diuturnam
2191 1707 2346 1754 vitam
2392 1703 2529 1754 filioli
2576 1705 2701 1762 mei3
2764 1702 2977 1754 confisus
3022 1705 3109 1760 fui,

399 1776 559 1837 ipsum
595 1775 865 1824 senectutis
902 1775 1169 1838 aliquando
1218 1789 1364 1824 meae
1399 1788 1519 1837 prae
1556 1776 1736 1824 ceteris
1781 1776 1905 1824 meis
1942 1776 2105 1825 liberis
2141 1775 2244 1825 fore
2280 1775 2531 1826 baculum.
2604 1774 2809 1824 Promisi
2846 1774 2965 1822 mihi
3000 1774 3107 1837 plu·

398 1847 526 1894 rima
561 1843 622 1893 de
659 1845 792 1908 ipso;
831 1845 915 1894 alii
951 1845 1069 1894 mihi
1105 1859 1168 1894 ex
1204 1847 1367 1895 animo
1403 1851 1520 1894 sunt
1555 1846 1809 1910 gratulati.
1886 1846 1992 1911 Ego
2016 1846 2129 1896 Deo
2164 1860 2289 1911 quas
2322 1846 2647 1912 persolverem
2683 1845 2871 1911 gratias
2904 1846 3109 1902 nescivi,

293 1930 302 1942 ¹
395 1915 567 1966 sedulo
604 1921 776 1966 tamen
823 1917 1178 1966 ardentissimis
1221 1917 1346 1964 votis
1397 1916 1556 1978 ipsum
1604 1916 1881 1966 sollicitavi.
1958 1917 2142 1966 Verum
2186 1917 2307 1966 illud
2351 1931 2515 1966 meum
2549 1917 2789 1981 gaudium
2824 1914 3109 1964 diuturnum

395 2001 494 2036 non
531 1985 641 2034 suit.
715 1985 849 2035 Nam
889 1987 954 2034 ad
992 1986 1023 2034 5
1064 1987 1368 2049 septimanas
1417 2001 1515 2035 non
1564 1988 1816 2050 pervenit;
1876 1988 2061 2037 etenim
2106 1989 2184 2036 die
2223 1983 2291 2052 Q,
2342 1989 2425 2050 qui
2460 1988 2555 2035 fuit
2592 1984 2675 2034 15.
2714 1985 2833 2036 Feb.
2872 1986 3109 2049 epilepsia

393 2058 618 2108 laborare
659 2058 806 2120 cepit,
844 2055 969 2106 hora
1005 2059 1167 2106 noctis
1206 2054 1270 2114 83
1309 2056 1424 2105 inde
1461 2071 1562 2121 seq.
1604 2057 1684 2106 die
1723 2059 1967 2107 continuis
2005 2058 2292 2121 paroxismis
2328 2063 2489 2106 totum
2525 2055 2865 2120 corpusculum
2902 2069 3109 2105 enerva-

391 2138 500 2180 tum
535 2127 644 2183 tuit,
683 2135 742 2175 ut
777 2127 900 2176 hora
937 2129 1095 2177 noctis
1141 2125 1206 2173 10
1239 2135 1539 2191 postremum
1579 2128 1887 2177 exhalaverit
1911 2129 2149 2192 spiritum.
2227 2127 2336 2178 Ah!
2392 2127 2487 2176 Ubi
2512 2140 2627 2176 mea
2650 2127 2739 2175 illa
2760 2125 2907 2189 spes?
2944 2140 3109 2174 meum

391 2195 666 2265 gaudium?
720 2197 839 2247 illae
876 2197 1278 2262 gratulationes?
1351 2197 1408 2246 In
1445 2199 1748 2247 moestitiam
1765 2233 1778 2254 .
1830 2198 2109 2260 lachrymas
2148 2205 2201 2249 et
2235 2196 2617 2261 insuperabilem
2654 2197 2903 2246 tristitiam
2942 2197 3111 2246 omnia

391 2278 509 2320 sunt
545 2267 782 2317 resoluta.
857 2267 1022 2318 Natus
1059 2269 1154 2317 fuit
1186 2267 1307 2316 mihi
1343 2268 1472 2316 iilius
1509 2282 1609 2317 non
1645 2269 1782 2318 filia:
1848 2277 1901 2318 et
1937 2269 2133 2332 quidem
2170 2284 2230 2319 eo
2264 2277 2485 2331 tempore
2519 2283 2615 2331 quo
2650 2267 2865 2316 maxime
2902 2278 3105 2331 exopta-

392 2354 573 2390 veram.
638 2335 836 2388 Nomen
874 2338 938 2387 ab
973 2340 1202 2403 Augusto
1235 2339 1458 2402 principe
1495 2340 1694 2402 accepit
1719 2340 2015 2404 Augustum.
2079 2341 2358 2405 Augustum
2394 2339 2611 2388 futurum
2647 2338 2855 2401 speravi.
2924 2337 3111 2386 Verum

389 2418 548 2461 morte
583 2413 638 2456 et
672 2408 868 2472 quidem
905 2409 1196 2472 epileptica.
1252 2409 1392 2467 dira,
1438 2409 1562 2466 ista,
1601 2424 1730 2474 quae
1766 2410 2061 2459 videbantur
2096 2411 2385 2460 felicissima
2426 2409 2625 2466 omina,
2680 2410 2733 2458 iu
2778 2406 2983 2456 nihilum
3018 2409 3105 2457 ab·

389 2483 566 2532 ierunt.

533 2549 634 2600 Sed
668 2563 762 2613 quo
801 2549 926 2598 abeo
965 2549 1226 2600 affectibus
1263 2556 1316 2599 et
1350 2549 1802 2613 perturbationibus
1855 2547 1914 2610 (a
1950 2539 2185 2614 quibus,⁴
2206 2550 2249 2598 si
2299 2548 2443 2598 irena
2480 2549 2551 2598 eis
2584 2547 2777 2606 laxem,
2825 2561 2905 2596 me
2942 2548 3023 2596 vix
3056 2553 3109 2598 et

389 2622 606 2687 profecto
643 2623 724 2669 vix
759 2633 990 2668 revocare
1026 2616 1248 2683 possum)
1285 2621 1492 2670 nimium
1534 2620 1750 2670 inhians.
1825 2621 2081 2685 Augustus
2118 2625 2195 2668 est
2230 2622 2281 2669 in
2316 2621 2527 2684 glorioso
2566 2626 2775 2684 augusto
2804 2616 3109 2681 Angelorum

391 2694 552 2752 choro,
593 2689 946 2754 compendiosa
979 2692 1062 2739 via
1097 2689 1164 2739 ad
1199 2691 1252 2740 id
1286 2691 1417 2754 quod
1439 2691 1788 2755 ‘principaliter
1823 2704 2079 2754 speramus
2117 2693 2355 2753 pervenit.
2429 2693 2499 2738 At
2538 2704 2649 2754 ego,
2688 2690 2783 2739 etsi
2814 2691 2977 2738 omine
3010 2687 3105 2738 hoc

387 2778 486 2815 non
523 2764 760 2825 deceptus
795 2775 930 2819 sum,
987 2774 1131 2811 omen
1175 2766 1346 2812 tamen
1391 2763 1524 2813 istud
1570 2762 1717 2827 longe
1765 2761 1915 2812 aliter
1958 2759 2078 2811 mihi
2126 2760 2197 2811 fui
2234 2762 2602 2826 interpretatus.
2680 2759 2831 2810 Vivat
2867 2773 2982 2824 ergo
3020 2759 3105 2816 ibi,

388 2836 580 2885 fruatur
615 2834 789 2897 quibus
825 2846 916 2883 nos
953 2831 1116 2881 adhuc
1163 2834 1216 2881 in
1251 2848 1340 2896 spe
1383 2834 1490 2896 ipse
1534 2835 1588 2883 in
1633 2848 1712 2891 re,
1773 2834 1892 2898 quia
1926 2830 2036 2882 Deo
2086 2833 2163 2881 ita
2211 2834 2367 2881 visum
2414 2838 2516 2882 est:
2576 2832 2775 2881 interim
2823 2836 2993 2879 tamen
3030 2830 3106 2879 sni

385 2918 621 2970 magnum
659 2904 954 2953 desiderium
988 2902 1070 2952 hic
1105 2904 1224 2952 mibi
1259 2904 1470 2967 reliquit.
1543 2903 1885 2953 Veruntamen
1936 2904 2169 2967 quoniam
2220 2902 2559 2953 animadverto
2602 2905 2765 2965 ipsum
2810 2901 3107 2965 longaevum

385 2977 466 3027 vix
498 2978 714 3025 futurum
739 2975 889 3023 fuisse
925 2970 1060 3034 (vide
1095 2988 1246 3038 supra
1279 2989 1330 3037 p.
1357 2971 1504 3034 298),
1544 2988 1642 3039 ago
1677 2972 1790 3023 Deo
1830 2976 2052 3039 gratias,
2091 2974 2223 3037 quod
2256 2988 2357 3023 non
2392 2974 2477 3023 diu
2510 2973 2599 3023 illa
2634 2987 2723 3036 spe
2758 2972 2829 3023 fui
2864 2971 3099 3021 laetatus.

385 3046 628 3095 Dominus
665 3044 831 3101 dedit,
887 3044 1132 3093 Dominus
1169 3045 1400 3101 abstulit,
1452 3047 1518 3093 sit
1565 3060 1746 3094 nomen
1781 3042 1985 3093 Domini
2040 3042 2145 3105 (Ah
2183 3059 2332 3109 quam
2369 3057 2521 3110 aegre
2556 3044 2684 3093 haec
2722 3058 2783 3093 ex
2816 3042 3105 3108 perturbato

388 3118 537 3167 corde
586 3111 928 3179 prorumpunt)
983 3116 1316 3165 benedictum.
1390 3114 1578 3165 Verum
1625 3116 1718 3165 fiat
1761 3116 1991 3166 voluntas
2040 3123 2157 3173 tua,
2214 3114 2453 3165 Domine!
2535 3114 2687 3165 Plura
2738 3114 2951 3165 scribere
3004 3127 3105 3163 non

383 3201 600 3252 possum.

524 3256 642 3307 Jam
678 3255 743 3305 ad
779 3253 896 3305 alia.
970 3254 1324 3305 'tristissimum
1375 3268 1437 3304 ex
1481 3254 1639 3304 literis
1673 3256 1774 3303 tuis
1808 3256 2011 3319 percepi
2046 3256 2283 3305 nuncium
2330 3255 2393 3306 de
2428 3260 2587 3306 morte
2624 3253 2749 3305 Rev.
2788 3253 2897 3303 Viri
2930 3252 2997 3303 D.
3034 3253 3103 3305 D.

383 3328 530 3377 wilh.
570 3326 971 3377 Zimmermanni.
1043 3326 1126 3377 Ah
1162 3331 1400 3389 quantam
1437 3325 1651 3375 ecclesia
1686 3324 1784 3375 Dei
1818 3326 1913 3375 hoc
1950 3327 2131 3375 amisso
2173 3325 2287 3375 Viro
2324 3325 2751 3389 fecitjacturaml
2824 3324 2965 3375 Deus
3002 3324 3103 3375 cle·

381 3406 575 3449 menter
611 3400 719 3459 eJus
754 3397 1070 3453 misereatur,
1128 3403 1180 3445 et
1215 3397 1268 3444 in
1305 3396 1466 3444 locum
1511 3397 1665 3459 ipsius
1717 3398 1764 3461 ei
1800 3396 1950 3445 alium
1988 3396 2214 3452 fidelem,
2267 3398 2348 3460 qui
2398 3398 2506 3460 pari
2557 3396 2852 3445 dexteritate
2896 3397 3103 3459 praesit.

381 3470 666 3519 substituat·
739 3467 874 3517 Dum
910 3482 972 3516 ex
1005 3468 1160 3517 literis
1195 3468 1295 3516 tuis
1331 3472 1540 3515 mortem
1575 3466 1720 3529 hujus
1755 3466 1845 3515 viri
1882 3466 2083 3531 collegis
2135 3467 2257 3517 meis
2294 3466 2543 3521 referrem,
2581 3479 2751 3517 omnes
2787 3466 3106 3516 vehementer

380 3542 746 3605 ingemuerunt,
796 3539 858 3588 de
911 3537 1125 3588 ecclesia
1177 3538 1468 3602 praesertim
1504 3544 1778 3586 vestrorum
1827 3537 2045 3586 locorum
2094 3537 2359 3587 admodum
2408 3536 2622 3588 solliciti.
2698 3536 2799 3585 Sed
2846 3550 3101 3599 speramns

383 3610 546 3661 Deum
562 3644 575 3667 ,
633 3612 716 3674 qui
763 3611 922 3673 ipsum
967 3610 1172 3659 tandem
1227 3622 1289 3658 ex
1331 3608 1408 3657 his
1458 3609 1704 3659 aerumnis
1753 3608 1983 3657 liberavit
1998 3642 2011 3665 ‚
2068 3607 2314 3658 ecclesiae
2364 3622 2488 3659 suae
2532 3607 2713 3655 iterum
2746 3612 2955 3670 paterne
2990 3619 3102 3657 esse

419 3696 474 3731 ro
533 3688 771 3731 ecturum.

385 3698 416 3746 p
473 3696 670 3812 ⁸1'Quae
721 3752 784 3801 de
835 3753 1086 3799 cometa
1130 3748 1228 3797 dici
1265 3748 1461 3809 scribis,
1516 3762 1672 3811 nuper
1721 3748 1873 3797 etiam
1912 3746 2109 3797 aliunde
2154 3747 2220 3796 ad
2254 3762 2335 3797 me
2372 3748 2543 3800 delata
2579 3753 2709 3797 sunt.
2784 3745 2969 3795 Verum
3007 3760 3101 3811 ego

386 3829 634 3874 cometam
683 3822 872 3871 nullum
921 3819 1034 3867 vidi.
1108 3818 1344 3868 Existimo
1391 3826 1560 3869 autem
1613 3816 1686 3879 (id
1729 3817 1862 3884 quod
1898 3832 1959 3867 ex
1994 3818 2377 3869 circumstantiis
2416 3820 2621 3885 colligo,
2673 3816 2790 3867 dum
2838 3817 3103 3881 diligenter

384 3907 484 3959 qua
517 3900 664 3957 parte
711 3893 836 3942 coeli
882 3890 1016 3939 visus
1063 3889 1212 3939 fuerit
1250 3886 1609 3953 explorarem),
1663 3891 1786 3937 istos
1836 3888 2062 3938 homines
2106 3890 2363 3939 vicinitate
2398 3889 2445 3951 ᾋ
2482 3897 2535 3940 et
2572 3882 2623 3955 ῼ
2661 3888 2895 3994 deceptos
2930 3887 3097 3945 inisse,

383 3965 586 4028 quaudo
621 3964 852 4013 nimirum
890 3952 938 4026 Ω
977 3960 1224 4009 interdum
1259 3974 1347 4024 per
1382 3960 1537 4009 nubes
1575 3959 1796 4010 caudata
1834 3962 1941 4009 visa
1972 3960 2082 4009 fuit.

525 4036 637 4083 Ast
653 4035 788 4083 rolo
799 4047 860 4097 gi
873 4046 964 4082 am
1001 4032 1144 4081 video
1177 4037 1232 4081 te
1265 4046 1366 4080 non
1403 4031 1634 4092 aincere.
1707 4032 1780 4079 At
1813 4043 1909 4080 nec
1946 4044 2013 4079 ea
2045 4030 2257 4093 priorum
2288 4042 2513 4079 mearum
2534 4028 2789 4081 literarum
2820 3986 2918 4079 ruit
2938 4041 3099 4079 mens.

386 4102 488 4154 Sed
525 4118 642 4168 ego,
676 4118 772 4154 nec
808 4117 908 4152 non
947 4103 1030 4151 alii
1066 4115 1261 4151 mecum
1296 4100 1612 4150 vehementer
1649 4100 1881 4150 admirati
1916 4106 2063 4158 sunt,
2111 4114 2211 4164 qua
2242 4114 2297 4151 re
2332 4102 2385 4149 in
2420 4100 2740 4167 Prognostico
2776 4100 2921 4161 huius
2963 4096 3099 4147 1598

383 4188 500 4225 eam
535 4179 796 4238 tantopere
835 4172 1200 4236 exagitaveris‘?
1271 4171 1565 4236 Respondes
1601 4172 1678 4220 his
1715 4170 1897 4229 literis,
1950 4178 2003 4219 te
2038 4185 2139 4219 non
2176 4171 2525 4236 astrologiam,
2572 4172 2663 4221 sed
2696 4170 2894 4221 inutilia
2928 4168 3096 4219 domo·

293 4270 304 4281 ·
383 4260 492 4296 rum
527 4244 858 4295 numeralium
896 4246 1230 4293 instrumenta
1265 4249 1415 4307 atque
1452 4243 1514 4291 de
1551 4242 1756 4308 speciali
1790 4240 2132 4304 praedictione
2168 4248 2483 4307 arrogantem
2523 4242 2941 4305 praesumtionem
2978 4252 3095 4289 con·

386 4318 552 4367 futare
589 4312 680 4365 ae.
756 4316 824 4363 At
871 4314 994 4363 mihi
1037 4314 1330 4365 videbantur
1363 4316 1464 4363 ista
1497 4315 1550 4363 in
1589 4314 1741 4363 alium
1775 4317 2049 4363 tractatum
2083 4312 2383 4361 reservanda
2414 4312 2581 4371 fuisse,
2622 4313 2675 4363 in
2710 4326 2807 4376 quo
2845 4325 2957 4361 cum
2980 4309 3097 4359 solis

385 4387 586 4437 eruditis
627 4385 868 4449 disputari
901 4391 1084 4447 posset.
1159 4384 1258 4435 Hic
1292 4399 1342 4433 n.
1383 4398 1496 4435 cum
1531 4384 1722 4434 rustica
1769 4383 1913 4467 plebe
1952 4388 2003 4431 et
2038 4382 2234 4438 idiotis,
2286 4396 2321 4431 a
2368 4383 2542 4447 quibus
2586 4397 2687 4432 non
2734 4394 2973 4447 arrogans
3008 4380 3099 4431 illa

381 4458 704 4521 praesumtio,
743 4456 833 4505 sed
866 4456 1186 4520 prognostica
1221 4455 1282 4505 de
1318 4455 1634 4519 proventibus
1673 4456 1810 4511 anni,
1850 4454 1911 4502 de
1947 4452 2087 4502 bellis
2124 4460 2177 4503 et
2210 4466 2339 4518 quae
2376 4454 2617 4515 eiusmodi
2654 4458 2787 4510 sunt,
2826 4456 3095 4515 expectan-

385 4535 468 4578 tur
504 4535 592 4577 aut
627 4531 936 4591 spectantur,
975 4528 1154 4591 agitur.
1229 4526 1427 4575 Etenim
1461 4525 1538 4574 his
1575 4525 1751 4591 ignota
1785 4530 1905 4573 sunt
1938 4522 2265 4573 fundamenta
2298 4526 2547 4573 rationum
2584 4520 2651 4570 12
2678 4523 2931 4573 domorum
2954 4522 3095 4579 coeli.

387 4598 730 4663 triplicitatum
770 4596 862 4647 ae.
938 4595 1039 4647 Sed
1073 4598 1136 4646 de
1171 4596 1249 4645 his
1285 4598 1438 4645 etiam
1474 4596 1686 4659 quiesco.
1759 4594 1919 4643 Vides
1952 4609 2034 4643 me
2068 4600 2288 4644 mentem
2323 4601 2461 4645 tuam
2498 4608 2598 4643 non
2632 4594 2969 4660 impugnasse,
3007 4593 3096 4644 sed

385 4670 518 4734 quod
549 4670 670 4718 mihi
705 4668 948 4727 videatur,
989 4682 1103 4719 eam
1139 4668 1474 4732 impertinenti
1509 4666 1618 4715 loco
1654 4666 1806 4715 fuisse
1842 4666 2161 4729 propositam,
2198 4666 2427 4715 nimirum
2462 4664 2641 4714 saltem
2676 4665 2729 4713 in
2763 4665 3094 4730 prognostico,

384 4754 514 4805 quae
551 4739 733 4789 durant
768 4754 921 4789 unum
959 4752 1168 4796 annum,
1210 4752 1322 4827 cum
1359 4737 1462 4788 alia
1496 4738 1710 4800 scripta,
1747 4736 1925 4802 quibus
1958 4735 2049 4785 illa
2082 4737 2294 4786 materia
2330 4734 2630 4787 commodius
2666 4737 2873 4786 tractari
2906 4738 3093 4801 potuis·

378 4816 478 4870 ut·
514 4812 616 4933 ⁵13³:
648 4816 902 4945 1313ῗέ
925 4880 1368 4931 Διιιοιιοιιιιοο
1419 4884 1508 4929 tuo
1551 4875 1872 4929 vehementer
1926 4876 2087 4929 laetor
2138 4874 2260 4927 mihi
2304 4874 2371 4927 ad
2414 4880 2467 4927 te
2502 4872 2749 4927 wribeudi
2784 4876 3093 4928 occasionem

3356 235 3363 240 .
3446 221 3455 240 ι’

3386 257 3415 276 ο·
3448 271 3461 280 Q

3370 307 3379 318 ⁸
3438 301 3449 322 ι’

3310 349 3319 356 ο
3430 327 3439 335 ι

3290 357 3315 380 ι,
3354 335 3469 482 s

3280 389 3287 394 .
3441 389 3473 418 ¹¹,-

3294 437 3303 444 .
3448 439 3455 444 .

3415 449 3429 463 ἔ,
3454 449 3461 454 .

3466 477 3477 486 .

3264 486 3399 554 ssf‘

3206 643 3219 656 r
3232 561 3293 634 1,,
3369 613 3377 618 -
