<?xml version="1.0" encoding="UTF-8"?>
<!DOCTYPE html PUBLIC "-//W3C//DTD XHTML 1.0 Transitional//EN"
    "http://www.w3.org/TR/xhtml1/DTD/xhtml1-transitional.dtd">
<html xmlns="http://www.w3.org/1999/xhtml" xml:lang="en" lang="en">
 <head>
  <title>
</title>
<meta http-equiv="Content-Type" content="text/html;charset=utf-8" />
  <meta name='ocr-system' content='tesseract 3.04.00' />
  <meta name='ocr-capabilities' content='ocr_page ocr_carea ocr_par ocr_line ocrx_word'/>
</head>
<body>
  <div class='ocr_page' id='page_1' title='image "./joanniskepleria30frisgoog_0395.png"; bbox 0 0 3634 5575; ppageno 0'>
   <div class='ocr_carea' id='block_1_1' title="bbox 491 255 2356 326">
    <p class='ocr_par' dir='ltr' id='par_1_1' title="bbox 491 255 2356 326">
     <span class='ocr_line' id='line_1_1' title="bbox 491 255 2356 326; baseline -0.005 -9"><span class='ocrx_word' id='word_1_1' title='bbox 491 255 622 326; x_wconf 81' lang='grc'><strong>376</strong></span> <span class='ocrx_word' id='word_1_2' title='bbox 1330 259 1535 311; x_wconf 69' lang='lat' dir='ltr'><strong>Literna</strong></span> <span class='ocrx_word' id='word_1_3' title='bbox 1569 258 1773 324; x_wconf 82' lang='lat' dir='ltr'><strong>Kepleri</strong></span> <span class='ocrx_word' id='word_1_4' title='bbox 1810 259 2114 326; x_wconf 82' lang='lat' dir='ltr'><strong>aliorumque</strong></span> <span class='ocrx_word' id='word_1_5' title='bbox 2148 265 2356 309; x_wconf 68' lang='lat' dir='ltr'><strong>munnae</strong></span> 
     </span>
    </p>
   </div>
   <div class='ocr_carea' id='block_1_2' title="bbox 493 415 3227 500">
    <p class='ocr_par' dir='ltr' id='par_1_2' title="bbox 493 415 3227 500">
     <span class='ocr_line' id='line_1_2' title="bbox 493 415 3227 500; baseline -0.001 -16"><span class='ocrx_word' id='word_1_6' title='bbox 493 419 912 484; x_wconf 79' lang='lat' dir='ltr'><strong>accommodat</strong></span> <span class='ocrx_word' id='word_1_7' title='bbox 953 419 1320 482; x_wconf 86' lang='lat' dir='ltr'><strong>harmonica.</strong></span> <span class='ocrx_word' id='word_1_8' title='bbox 1415 415 1539 480; x_wconf 86' lang='lat' dir='ltr'><strong>Sed</strong></span> <span class='ocrx_word' id='word_1_9' title='bbox 1597 417 1670 480; x_wconf 90' lang='lat' dir='ltr'><strong>de</strong></span> <span class='ocrx_word' id='word_1_10' title='bbox 1727 417 1823 480; x_wconf 86' lang='lat' dir='ltr'><strong>his</strong></span> <span class='ocrx_word' id='word_1_11' title='bbox 1878 437 1993 480; x_wconf 91' lang='lat' dir='ltr'><strong>nou</strong></span> <span class='ocrx_word' id='word_1_12' title='bbox 2049 426 2197 499; x_wconf 89' lang='lat' dir='ltr'><strong>puto</strong></span> <span class='ocrx_word' id='word_1_13' title='bbox 2254 417 2417 500; x_wconf 89' lang='lat' dir='ltr'><strong>loqui</strong></span> <span class='ocrx_word' id='word_1_14' title='bbox 2462 415 2893 484; x_wconf 85' lang='lat' dir='ltr'><strong>Reinhardum.</strong></span> <span class='ocrx_word' id='word_1_15' title='bbox 2982 416 3227 482; x_wconf 81' lang='lat' dir='ltr'><strong>Dicam</strong></span> 
     </span>
    </p>
   </div>
   <div class='ocr_carea' id='block_1_3' title="bbox 491 505 3223 662">
    <p class='ocr_par' dir='ltr' id='par_1_3' title="bbox 491 505 3223 662">
     <span class='ocr_line' id='line_1_3' title="bbox 491 505 3223 592; baseline -0.001 -21"><span class='ocrx_word' id='word_1_16' title='bbox 491 509 678 592; x_wconf 86' lang='lat' dir='ltr'><strong>igitur</strong></span> <span class='ocrx_word' id='word_1_17' title='bbox 724 510 798 570; x_wconf 88' lang='lat' dir='ltr'><strong>de</strong></span> <span class='ocrx_word' id='word_1_18' title='bbox 838 509 1108 571; x_wconf 89' lang='lat' dir='ltr'><strong>duobus:</strong></span> <span class='ocrx_word' id='word_1_19' title='bbox 1166 507 1231 582; x_wconf 90' lang='lat'><strong>1)</strong></span> <span class='ocrx_word' id='word_1_20' title='bbox 1280 507 1354 570; x_wconf 89' lang='lat' dir='ltr'><strong>de</strong></span> <span class='ocrx_word' id='word_1_21' title='bbox 1401 507 1846 571; x_wconf 79' lang='lat' dir='ltr'><strong>harmoniarum</strong></span> <span class='ocrx_word' id='word_1_22' title='bbox 1892 507 2118 588; x_wconf 87' lang='lat' dir='ltr'><strong>origine</strong></span> <span class='ocrx_word' id='word_1_23' title='bbox 2147 507 2487 580; x_wconf 88' lang='lat' dir='ltr'><strong>Platonica,</strong></span> <span class='ocrx_word' id='word_1_24' title='bbox 2535 505 2608 582; x_wconf 83' lang='lat'><strong>2)</strong></span> <span class='ocrx_word' id='word_1_25' title='bbox 2630 507 2728 572; x_wconf 85' lang='lat' dir='ltr'><strong>·de</strong></span> <span class='ocrx_word' id='word_1_26' title='bbox 2762 505 3037 590; x_wconf 83' lang='lat' dir='ltr'><strong>symbola</strong></span> <span class='ocrx_word' id='word_1_27' title='bbox 3064 527 3223 570; x_wconf 84' lang='lat' dir='ltr'><strong>ma-</strong></span> 
     </span>
     <span class='ocr_line' id='line_1_4' title="bbox 492 595 1424 662; baseline -0.003 0"><span class='ocrx_word' id='word_1_28' title='bbox 492 597 576 662; x_wconf 88' lang='lat' dir='ltr'><strong>ris</strong></span> <span class='ocrx_word' id='word_1_29' title='bbox 624 603 690 660; x_wconf 89' lang='lat' dir='ltr'><strong>et</strong></span> <span class='ocrx_word' id='word_1_30' title='bbox 735 596 992 660; x_wconf 89' lang='lat' dir='ltr'><strong>feminae</strong></span> <span class='ocrx_word' id='word_1_31' title='bbox 1035 599 1097 660; x_wconf 91' lang='lat' dir='ltr'><strong>in</strong></span> <span class='ocrx_word' id='word_1_32' title='bbox 1143 595 1424 660; x_wconf 87' lang='lat' dir='ltr'><strong>numeris.</strong></span> 
     </span>
    </p>
   </div>
   <div class='ocr_carea' id='block_1_4' title="bbox 494 699 3301 3455">
    <p class='ocr_par' dir='ltr' id='par_1_4' title="bbox 494 699 3301 3455">
     <span class='ocr_line' id='line_1_5' title="bbox 681 699 3229 780; baseline -0.001 -14"><span class='ocrx_word' id='word_1_33' title='bbox 681 702 750 778; x_wconf 86' lang='lat'><strong>1)</strong></span> <span class='ocrx_word' id='word_1_34' title='bbox 799 701 950 768; x_wconf 88' lang='lat' dir='ltr'><strong>Cum</strong></span> <span class='ocrx_word' id='word_1_35' title='bbox 1007 703 1148 768; x_wconf 88' lang='lat' dir='ltr'><strong>olim</strong></span> <span class='ocrx_word' id='word_1_36' title='bbox 1193 703 1539 766; x_wconf 79' lang='lat' dir='ltr'><strong>incidissem</strong></span> <span class='ocrx_word' id='word_1_37' title='bbox 1593 701 1654 764; x_wconf 89' lang='lat' dir='ltr'><strong>in</strong></span> <span class='ocrx_word' id='word_1_38' title='bbox 1700 700 1979 764; x_wconf 82' lang='lat' dir='ltr'><strong>Platonis</strong></span> <span class='ocrx_word' id='word_1_39' title='bbox 2026 699 2370 778; x_wconf 85' lang='lat' dir='ltr'><strong>Timaeum,</strong></span> <span class='ocrx_word' id='word_1_40' title='bbox 2438 701 2531 764; x_wconf 89' lang='lat' dir='ltr'><strong>sic</strong></span> <span class='ocrx_word' id='word_1_41' title='bbox 2590 700 2912 766; x_wconf 89' lang='lat' dir='ltr'><strong>videbatur</strong></span> <span class='ocrx_word' id='word_1_42' title='bbox 2950 701 3031 780; x_wconf 49' lang='lat' dir='ltr'><strong>,de</strong></span> <span class='ocrx_word' id='word_1_43' title='bbox 3090 701 3229 764; x_wconf 77' lang='lat' dir='ltr'><strong>hoe</strong></span> 
     </span>
     <span class='ocr_line' id='line_1_6' title="bbox 494 786 3224 874; baseline -0.002 -17"><span class='ocrx_word' id='word_1_44' title='bbox 494 796 646 858; x_wconf 80' lang='lat' dir='ltr'><strong>loco,</strong></span> <span class='ocrx_word' id='word_1_45' title='bbox 737 791 972 856; x_wconf 81' lang='lat' dir='ltr'><strong>Statuit</strong></span> <span class='ocrx_word' id='word_1_46' title='bbox 1007 813 1210 856; x_wconf 89' lang='lat' dir='ltr'><strong>rerum·</strong></span> <span class='ocrx_word' id='word_1_47' title='bbox 1249 792 1542 874; x_wconf 82' lang='lat' dir='ltr'><strong>principia</strong></span> <span class='ocrx_word' id='word_1_48' title='bbox 1568 791 1689 854; x_wconf 89' lang='lat' dir='ltr'><strong>tria</strong></span> <span class='ocrx_word' id='word_1_49' title='bbox 1731 809 1886 870; x_wconf 89' lang='lat' dir='ltr'><strong>pene</strong></span> <span class='ocrx_word' id='word_1_50' title='bbox 1934 797 2001 854; x_wconf 89' lang='lat' dir='ltr'><strong>ut</strong></span> <span class='ocrx_word' id='word_1_51' title='bbox 2036 789 2439 854; x_wconf 87' lang='lat' dir='ltr'><strong>Aristoteles:</strong></span> <span class='ocrx_word' id='word_1_52' title='bbox 2499 789 2561 864; x_wconf 80' lang='lat'><strong>1)</strong></span> <span class='ocrx_word' id='word_1_53' title='bbox 2610 786 2848 861; x_wconf 86' lang='lat' dir='ltr'><strong>ideam.‘</strong></span> <span class='ocrx_word' id='word_1_54' title='bbox 2877 789 2950 864; x_wconf 89' lang='grc'><strong>2)</strong></span> <span class='ocrx_word' id='word_1_55' title='bbox 3001 797 3224 854; x_wconf 82' lang='lat' dir='ltr'><strong>mate-</strong></span> 
     </span>
     <span class='ocr_line' id='line_1_7' title="bbox 495 874 3227 962; baseline -0.002 -16"><span class='ocrx_word' id='word_1_56' title='bbox 495 882 666 958; x_wconf 86' lang='lat' dir='ltr'><strong>riam,</strong></span> <span class='ocrx_word' id='word_1_57' title='bbox 717 901 868 962; x_wconf 89' lang='lat' dir='ltr'><strong>quae</strong></span> <span class='ocrx_word' id='word_1_58' title='bbox 915 882 1032 943; x_wconf 90' lang='lat' dir='ltr'><strong>duo</strong></span> <span class='ocrx_word' id='word_1_59' title='bbox 1079 881 1198 942; x_wconf 88' lang='lat' dir='ltr'><strong>alio</strong></span> <span class='ocrx_word' id='word_1_60' title='bbox 1227 882 1462 944; x_wconf 89' lang='lat' dir='ltr'><strong>nomine</strong></span> <span class='ocrx_word' id='word_1_61' title='bbox 1501 888 1642 944; x_wconf 90' lang='lat' dir='ltr'><strong>sunt</strong></span> <span class='ocrx_word' id='word_1_62' title='bbox 1688 879 1899 957; x_wconf 78' lang='grc' dir='ltr'><strong>οὐσια,</strong></span> <span class='ocrx_word' id='word_1_63' title='bbox 1950 899 2126 961; x_wconf 90' lang='lat' dir='ltr'><strong>quam</strong></span> <span class='ocrx_word' id='word_1_64' title='bbox 2156 879 2465 959; x_wconf 87' lang='lat' dir='ltr'><strong>componit</strong></span> <span class='ocrx_word' id='word_1_65' title='bbox 2486 875 2587 942; x_wconf 78' lang='lat' dir='ltr'><strong>‘ex</strong></span> <span class='ocrx_word' id='word_1_66' title='bbox 2632 901 2831 958; x_wconf 69' lang='grc' dir='ltr'><strong><em>ταντῳ</em></strong></span> <span class='ocrx_word' id='word_1_67' title='bbox 2874 903 2970 944; x_wconf 74' lang='grc' dir='ltr'><strong>και</strong></span> <span class='ocrx_word' id='word_1_68' title='bbox 3004 874 3227 959; x_wconf 61' lang='lat' dir='ltr'><strong>ium),</strong></span> 
     </span>
     <span class='ocr_line' id='line_1_8' title="bbox 497 965 3223 1053; baseline -0.003 -18"><span class='ocrx_word' id='word_1_69' title='bbox 497 979 564 1035; x_wconf 89' lang='lat' dir='ltr'><strong>ut</strong></span> <span class='ocrx_word' id='word_1_70' title='bbox 609 972 702 1034; x_wconf 89' lang='lat' dir='ltr'><strong>ita</strong></span> <span class='ocrx_word' id='word_1_71' title='bbox 749 967 818 1044; x_wconf 89' lang='grc'><strong>3)</strong></span> <span class='ocrx_word' id='word_1_72' title='bbox 866 990 936 1032; x_wconf 74' lang='grc' dir='ltr'><strong>το</strong></span> <span class='ocrx_word' id='word_1_73' title='bbox 981 965 1182 1050; x_wconf 70' lang='grc' dir='ltr'><strong><em>ἕτερον</em></strong></span> <span class='ocrx_word' id='word_1_74' title='bbox 1225 970 1309 1033; x_wconf 91' lang='lat' dir='ltr'><strong>sit</strong></span> <span class='ocrx_word' id='word_1_75' title='bbox 1353 971 1486 1032; x_wconf 90' lang='lat' dir='ltr'><strong>loco</strong></span> <span class='ocrx_word' id='word_1_76' title='bbox 1531 969 1889 1053; x_wconf 85' lang='lat' dir='ltr'><strong>privationis</strong></span> <span class='ocrx_word' id='word_1_77' title='bbox 1933 968 2390 1032; x_wconf 88' lang='lat' dir='ltr'><strong>Aristotelicae.</strong></span> <span class='ocrx_word' id='word_1_78' title='bbox 2484 969 2641 1032; x_wconf 88' lang='lat' dir='ltr'><strong>Hinc</strong></span> <span class='ocrx_word' id='word_1_79' title='bbox 2678 969 2769 1032; x_wconf 91' lang='lat' dir='ltr'><strong>illi</strong></span> <span class='ocrx_word' id='word_1_80' title='bbox 2815 987 2957 1032; x_wconf 89' lang='lat' dir='ltr'><strong>suus</strong></span> <span class='ocrx_word' id='word_1_81' title='bbox 2992 977 3223 1032; x_wconf 56' lang='lat' dir='ltr'><strong>terna„-</strong></span> 
     </span>
     <span class='ocr_line' id='line_1_9' title="bbox 498 1057 3227 1140; baseline -0.002 -17"><span class='ocrx_word' id='word_1_82' title='bbox 498 1059 643 1134; x_wconf 79' lang='lat' dir='ltr'><strong>riuS,</strong></span> <span class='ocrx_word' id='word_1_83' title='bbox 695 1066 759 1122; x_wconf 90' lang='lat' dir='ltr'><strong>et</strong></span> <span class='ocrx_word' id='word_1_84' title='bbox 802 1078 910 1140; x_wconf 91' lang='lat' dir='ltr'><strong>per</strong></span> <span class='ocrx_word' id='word_1_85' title='bbox 956 1077 1022 1120; x_wconf 88' lang='lat' dir='ltr'><strong>se</strong></span> <span class='ocrx_word' id='word_1_86' title='bbox 1061 1057 1191 1120; x_wconf 88' lang='lat' dir='ltr'><strong>siue</strong></span> <span class='ocrx_word' id='word_1_87' title='bbox 1239 1059 1354 1122; x_wconf 89' lang='lat' dir='ltr'><strong>hac</strong></span> <span class='ocrx_word' id='word_1_88' title='bbox 1402 1060 1816 1140; x_wconf 80' lang='lat' dir='ltr'><strong>speculatione</strong></span> <span class='ocrx_word' id='word_1_89' title='bbox 1866 1057 2165 1121; x_wconf 88' lang='lat' dir='ltr'><strong>ternarius</strong></span> <span class='ocrx_word' id='word_1_90' title='bbox 2210 1057 2466 1121; x_wconf 83' lang='lat' dir='ltr'><strong>habetur</strong></span> <span class='ocrx_word' id='word_1_91' title='bbox 2500 1077 2611 1138; x_wconf 85' lang='lat' dir='ltr'><strong>pro</strong></span> <span class='ocrx_word' id='word_1_92' title='bbox 2638 1059 2929 1138; x_wconf 82' lang='lat' dir='ltr'><strong>perfecto,</strong></span> <span class='ocrx_word' id='word_1_93' title='bbox 2977 1057 3227 1119; x_wconf 78' lang='lat' dir='ltr'><strong>habens</strong></span> 
     </span>
     <span class='ocr_line' id='line_1_10' title="bbox 498 1145 3223 1229; baseline -0.001 -17"><span class='ocrx_word' id='word_1_94' title='bbox 498 1148 876 1229; x_wconf 87' lang='lat' dir='ltr'><strong>principium,</strong></span> <span class='ocrx_word' id='word_1_95' title='bbox 924 1147 1185 1210; x_wconf 89' lang='lat' dir='ltr'><strong>medium</strong></span> <span class='ocrx_word' id='word_1_96' title='bbox 1232 1156 1295 1211; x_wconf 89' lang='lat' dir='ltr'><strong>et</strong></span> <span class='ocrx_word' id='word_1_97' title='bbox 1339 1149 1546 1224; x_wconf 89' lang='lat' dir='ltr'><strong>finem,</strong></span> <span class='ocrx_word' id='word_1_98' title='bbox 1613 1156 1676 1212; x_wconf 91' lang='lat' dir='ltr'><strong>et</strong></span> <span class='ocrx_word' id='word_1_99' title='bbox 1721 1149 1979 1210; x_wconf 91' lang='lat' dir='ltr'><strong>solidum</strong></span> <span class='ocrx_word' id='word_1_100' title='bbox 2024 1165 2239 1226; x_wconf 88' lang='lat' dir='ltr'><strong>corpus</strong></span> <span class='ocrx_word' id='word_1_101' title='bbox 2286 1155 2533 1210; x_wconf 85' lang='lat' dir='ltr'><strong>constat</strong></span> <span class='ocrx_word' id='word_1_102' title='bbox 2574 1147 2769 1210; x_wconf 86' lang='lat' dir='ltr'><strong>tribus</strong></span> <span class='ocrx_word' id='word_1_103' title='bbox 2814 1145 3223 1209; x_wconf 88' lang='lat' dir='ltr'><strong>dimensioni-</strong></span> 
     </span>
     <span class='ocr_line' id='line_1_11' title="bbox 506 1233 3231 1316; baseline -0.002 -16"><span class='ocrx_word' id='word_1_104' title='bbox 506 1239 639 1300; x_wconf 90' lang='lat' dir='ltr'><strong>bus.</strong></span> <span class='ocrx_word' id='word_1_105' title='bbox 731 1237 926 1316; x_wconf 87' lang='lat' dir='ltr'><strong>Igitur</strong></span> <span class='ocrx_word' id='word_1_106' title='bbox 977 1236 1004 1299; x_wconf 93' lang='lat'>1</span> <span class='ocrx_word' id='word_1_107' title='bbox 1059 1243 1157 1299; x_wconf 87' lang='lat' dir='ltr'><strong>est</strong></span> <span class='ocrx_word' id='word_1_108' title='bbox 1200 1244 1347 1299; x_wconf 88' lang='lat' dir='ltr'><strong>uota</strong></span> <span class='ocrx_word' id='word_1_109' title='bbox 1402 1237 1650 1314; x_wconf 83' lang='lat' dir='ltr'><strong>ideae,</strong></span> <span class='ocrx_word' id='word_1_110' title='bbox 1707 1234 1750 1299; x_wconf 84' lang='lat'>2</span> <span class='ocrx_word' id='word_1_111' title='bbox 1796 1243 1947 1299; x_wconf 87' lang='lat' dir='ltr'><strong>nota</strong></span> <span class='ocrx_word' id='word_1_112' title='bbox 2004 1234 2395 1311; x_wconf 81' lang='lat' dir='ltr'><strong>materiae3</strong></span> <span class='ocrx_word' id='word_1_113' title='bbox 2468 1234 2541 1310; x_wconf 90' lang='lat'><strong>1,</strong></span> <span class='ocrx_word' id='word_1_114' title='bbox 2606 1233 2650 1300; x_wconf 85' lang='lat'><strong>2</strong></span> <span class='ocrx_word' id='word_1_115' title='bbox 2694 1245 2843 1298; x_wconf 88' lang='lat' dir='ltr'><strong>nota</strong></span> <span class='ocrx_word' id='word_1_116' title='bbox 2886 1235 3105 1312; x_wconf 78' lang='grc' dir='ltr'>οὐσιη</span> <span class='ocrx_word' id='word_1_117' title='bbox 3147 1239 3231 1294; x_wconf 81' lang='lat' dir='ltr'><strong>et</strong></span> 
     </span>
     <span class='ocr_line' id='line_1_12' title="bbox 503 1321 3229 1405; baseline -0.002 -16"><span class='ocrx_word' id='word_1_118' title='bbox 503 1347 613 1389; x_wconf 73' lang='grc' dir='ltr'><strong>του</strong></span> <span class='ocrx_word' id='word_1_119' title='bbox 658 1348 917 1400; x_wconf 77' lang='grc' dir='ltr'><strong>ταυτου,</strong></span> <span class='ocrx_word' id='word_1_120' title='bbox 981 1326 1089 1387; x_wconf 90' lang='lat' dir='ltr'><strong>sed</strong></span> <span class='ocrx_word' id='word_1_121' title='bbox 1155 1345 1389 1389; x_wconf 88' lang='lat' dir='ltr'><strong>summa</strong></span> <span class='ocrx_word' id='word_1_122' title='bbox 1444 1327 1516 1388; x_wconf 93' lang='lat' dir='ltr'><strong>de</strong></span> <span class='ocrx_word' id='word_1_123' title='bbox 1569 1323 1598 1388; x_wconf 85' lang='lat'>1</span> <span class='ocrx_word' id='word_1_124' title='bbox 1653 1333 1717 1387; x_wconf 88' lang='lat' dir='ltr'><strong>et</strong></span> <span class='ocrx_word' id='word_1_125' title='bbox 1761 1322 1832 1402; x_wconf 86' lang='lat'><strong>2,</strong></span> <span class='ocrx_word' id='word_1_126' title='bbox 1900 1346 1985 1390; x_wconf 89' lang='lat' dir='ltr'><strong>sc.</strong></span> <span class='ocrx_word' id='word_1_127' title='bbox 2037 1322 2075 1388; x_wconf 88' lang='lat'><strong>3</strong></span> <span class='ocrx_word' id='word_1_128' title='bbox 2124 1332 2271 1386; x_wconf 91' lang='lat' dir='ltr'><strong>nota</strong></span> <span class='ocrx_word' id='word_1_129' title='bbox 2316 1347 2424 1386; x_wconf 76' lang='lat' dir='ltr'><strong>mv</strong></span> <span class='ocrx_word' id='word_1_130' title='bbox 2466 1321 2694 1405; x_wconf 74' lang='grc' dir='ltr'><strong><em>ἕτερον.</em></strong></span> <span class='ocrx_word' id='word_1_131' title='bbox 2786 1324 2967 1386; x_wconf 87' lang='lat' dir='ltr'><strong>Plato</strong></span> <span class='ocrx_word' id='word_1_132' title='bbox 3026 1323 3229 1403; x_wconf 83' lang='lat' dir='ltr'><strong>igitur</strong></span> 
     </span>
     <span class='ocr_line' id='line_1_13' title="bbox 503 1408 3223 1496; baseline -0.001 -20"><span class='ocrx_word' id='word_1_133' title='bbox 503 1415 742 1496; x_wconf 90' lang='lat' dir='ltr'><strong>putavit</strong></span> <span class='ocrx_word' id='word_1_134' title='bbox 788 1433 1065 1476; x_wconf 86' lang='lat' dir='ltr'><strong>numeros</strong></span> <span class='ocrx_word' id='word_1_135' title='bbox 1118 1411 1174 1488; x_wconf 92' lang='lat'><strong>1,</strong></span> <span class='ocrx_word' id='word_1_136' title='bbox 1224 1412 1283 1488; x_wconf 84' lang='lat'><strong>2,</strong></span> <span class='ocrx_word' id='word_1_137' title='bbox 1336 1411 1395 1489; x_wconf 89' lang='lat'><strong>3,</strong></span> <span class='ocrx_word' id='word_1_138' title='bbox 1449 1433 1765 1495; x_wconf 90' lang='lat' dir='ltr'><strong>eorumque</strong></span> <span class='ocrx_word' id='word_1_139' title='bbox 1805 1415 2169 1495; x_wconf 87' lang='lat' dir='ltr'><strong>quadratos:</strong></span> <span class='ocrx_word' id='word_1_140' title='bbox 2224 1412 2280 1488; x_wconf 89' lang='lat'><strong>1,</strong></span> <span class='ocrx_word' id='word_1_141' title='bbox 2332 1409 2394 1488; x_wconf 87' lang='grc'><strong>4,</strong></span> <span class='ocrx_word' id='word_1_142' title='bbox 2445 1411 2505 1488; x_wconf 87' lang='grc'><strong>9,</strong></span> <span class='ocrx_word' id='word_1_143' title='bbox 2556 1422 2621 1475; x_wconf 91' lang='lat' dir='ltr'><strong>et</strong></span> <span class='ocrx_word' id='word_1_144' title='bbox 2638 1413 2855 1476; x_wconf 86' lang='lat' dir='ltr'><strong>cubos:</strong></span> <span class='ocrx_word' id='word_1_145' title='bbox 2909 1411 2966 1486; x_wconf 89' lang='lat'><strong>1,</strong></span> <span class='ocrx_word' id='word_1_146' title='bbox 3014 1408 3075 1486; x_wconf 85' lang='lat'><strong>8,</strong></span> <span class='ocrx_word' id='word_1_147' title='bbox 3126 1408 3223 1474; x_wconf 82' lang='lat'><strong>27</strong></span> 
     </span>
     <span class='ocr_line' id='line_1_14' title="bbox 502 1499 3219 1590; baseline -0.002 -24"><span class='ocrx_word' id='word_1_148' title='bbox 502 1505 795 1585; x_wconf 88' lang='lat' dir='ltr'><strong>praebere</strong></span> <span class='ocrx_word' id='word_1_149' title='bbox 844 1502 1136 1582; x_wconf 87' lang='lat' dir='ltr'><strong>originem</strong></span> <span class='ocrx_word' id='word_1_150' title='bbox 1180 1503 1528 1566; x_wconf 86' lang='lat' dir='ltr'><strong>harmoniis.</strong></span> <span class='ocrx_word' id='word_1_151' title='bbox 1619 1502 1869 1566; x_wconf 87' lang='lat' dir='ltr'><strong>Series:</strong></span> <span class='ocrx_word' id='word_1_152' title='bbox 1923 1502 1979 1590; x_wconf 61' lang='lat' dir='ltr'><strong>i,</strong></span> <span class='ocrx_word' id='word_1_153' title='bbox 2028 1501 2089 1578; x_wconf 84' lang='lat'><strong>2,</strong></span> <span class='ocrx_word' id='word_1_154' title='bbox 2141 1499 2203 1574; x_wconf 89' lang='lat'><strong>3,</strong></span> <span class='ocrx_word' id='word_1_155' title='bbox 2248 1499 2312 1578; x_wconf 87' lang='grc'><strong>4,</strong></span> <span class='ocrx_word' id='word_1_156' title='bbox 2360 1500 2422 1578; x_wconf 89' lang='grc'><strong>8,</strong></span> <span class='ocrx_word' id='word_1_157' title='bbox 2475 1499 2533 1575; x_wconf 86' lang='grc'><strong>9,</strong></span> <span class='ocrx_word' id='word_1_158' title='bbox 2584 1499 2691 1566; x_wconf 82' lang='grc'><strong>27.</strong></span> <span class='ocrx_word' id='word_1_159' title='bbox 2782 1501 2957 1564; x_wconf 86' lang='lat' dir='ltr'><strong>Hanc</strong></span> <span class='ocrx_word' id='word_1_160' title='bbox 2986 1499 3219 1580; x_wconf 82' lang='lat' dir='ltr'><strong>explet,</strong></span> 
     </span>
     <span class='ocr_line' id='line_1_15' title="bbox 509 1589 3229 1673; baseline -0.001 -19"><span class='ocrx_word' id='word_1_161' title='bbox 509 1598 574 1655; x_wconf 90' lang='lat' dir='ltr'><strong>ut</strong></span> <span class='ocrx_word' id='word_1_162' title='bbox 619 1591 879 1673; x_wconf 89' lang='lat' dir='ltr'><strong>undique</strong></span> <span class='ocrx_word' id='word_1_163' title='bbox 927 1591 1011 1653; x_wconf 88' lang='lat' dir='ltr'><strong>sit</strong></span> <span class='ocrx_word' id='word_1_164' title='bbox 1057 1592 1392 1672; x_wconf 87' lang='lat' dir='ltr'><strong>aequaliter</strong></span> <span class='ocrx_word' id='word_1_165' title='bbox 1437 1591 1649 1654; x_wconf 86' lang='lat' dir='ltr'><strong>divisa.</strong></span> <span class='ocrx_word' id='word_1_166' title='bbox 1745 1589 1907 1663; x_wconf 81' lang='lat' dir='ltr'><strong>Quia</strong></span> <span class='ocrx_word' id='word_1_167' title='bbox 1952 1591 2109 1654; x_wconf 88' lang='lat' dir='ltr'><strong>enim</strong></span> <span class='ocrx_word' id='word_1_168' title='bbox 2158 1591 2219 1653; x_wconf 89' lang='lat' dir='ltr'><strong>in</strong></span> <span class='ocrx_word' id='word_1_169' title='bbox 2264 1591 2601 1671; x_wconf 83' lang='lat' dir='ltr'><strong>geometria</strong></span> <span class='ocrx_word' id='word_1_170' title='bbox 2646 1590 2825 1653; x_wconf 87' lang='lat' dir='ltr'><strong>solidi</strong></span> <span class='ocrx_word' id='word_1_171' title='bbox 2872 1589 3024 1652; x_wconf 84' lang='lat' dir='ltr'><strong>duae</strong></span> <span class='ocrx_word' id='word_1_172' title='bbox 3070 1595 3229 1652; x_wconf 83' lang='lat' dir='ltr'><strong>sunt</strong></span> 
     </span>
     <span class='ocr_line' id='line_1_16' title="bbox 507 1678 3225 1762; baseline -0.002 -18"><span class='ocrx_word' id='word_1_173' title='bbox 507 1681 740 1744; x_wconf 90' lang='lat' dir='ltr'><strong>mediae</strong></span> <span class='ocrx_word' id='word_1_174' title='bbox 799 1680 1311 1760; x_wconf 88' lang='lat' dir='ltr'><strong>proportionales,</strong></span> <span class='ocrx_word' id='word_1_175' title='bbox 1375 1698 1494 1742; x_wconf 88' lang='lat' dir='ltr'><strong>non</strong></span> <span class='ocrx_word' id='word_1_176' title='bbox 1553 1681 1785 1760; x_wconf 90' lang='lat' dir='ltr'><strong>plures,</strong></span> <span class='ocrx_word' id='word_1_177' title='bbox 1853 1681 1990 1743; x_wconf 90' lang='lat' dir='ltr'><strong>ideo</strong></span> <span class='ocrx_word' id='word_1_178' title='bbox 2046 1681 2283 1761; x_wconf 88' lang='lat' dir='ltr'><strong>majora</strong></span> <span class='ocrx_word' id='word_1_179' title='bbox 2339 1681 2666 1744; x_wconf 84' lang='lat' dir='ltr'><strong>intervalla</strong></span> <span class='ocrx_word' id='word_1_180' title='bbox 2730 1679 2937 1762; x_wconf 87' lang='lat' dir='ltr'><strong>explet</strong></span> <span class='ocrx_word' id='word_1_181' title='bbox 2982 1678 3225 1741; x_wconf 82' lang='lat' dir='ltr'><strong>duabus</strong></span> 
     </span>
     <span class='ocr_line' id='line_1_17' title="bbox 507 1763 3215 1843; baseline -0.001 -9"><span class='ocrx_word' id='word_1_182' title='bbox 507 1769 966 1838; x_wconf 88' lang='lat' dir='ltr'><strong>medietatibus,</strong></span> <span class='ocrx_word' id='word_1_183' title='bbox 1033 1778 1101 1833; x_wconf 89' lang='lat' dir='ltr'><strong>ut</strong></span> <span class='ocrx_word' id='word_1_184' title='bbox 1161 1768 1320 1832; x_wconf 87' lang='lat' dir='ltr'><strong>inter</strong></span> <span class='ocrx_word' id='word_1_185' title='bbox 1373 1769 1402 1832; x_wconf 96' lang='lat'>1</span> <span class='ocrx_word' id='word_1_186' title='bbox 1456 1775 1519 1831; x_wconf 89' lang='lat' dir='ltr'><strong>et</strong></span> <span class='ocrx_word' id='word_1_187' title='bbox 1565 1767 1606 1832; x_wconf 83' lang='lat'><strong>2</strong></span> <span class='ocrx_word' id='word_1_188' title='bbox 1661 1788 1768 1832; x_wconf 88' lang='lat' dir='ltr'><strong>seu</strong></span> <span class='ocrx_word' id='word_1_189' title='bbox 1816 1765 1857 1833; x_wconf 89' lang='lat'>6</span> <span class='ocrx_word' id='word_1_190' title='bbox 1915 1779 1978 1832; x_wconf 88' lang='lat' dir='ltr'><strong>et</strong></span> <span class='ocrx_word' id='word_1_191' title='bbox 2029 1767 2110 1832; x_wconf 85' lang='lat'><strong>12</strong></span> <span class='ocrx_word' id='word_1_192' title='bbox 2172 1769 2430 1834; x_wconf 88' lang='lat' dir='ltr'><strong>medium</strong></span> <span class='ocrx_word' id='word_1_193' title='bbox 2492 1769 2940 1832; x_wconf 86' lang='lat' dir='ltr'><strong>arithmeticum</strong></span> <span class='ocrx_word' id='word_1_194' title='bbox 3005 1773 3104 1829; x_wconf 88' lang='lat' dir='ltr'><strong>est</strong></span> <span class='ocrx_word' id='word_1_195' title='bbox 3150 1763 3215 1843; x_wconf 84' lang='lat'><strong>9,</strong></span> 
     </span>
     <span class='ocr_line' id='line_1_18' title="bbox 509 1853 3221 1939; baseline -0.001 -17"><span class='ocrx_word' id='word_1_196' title='bbox 509 1858 798 1922; x_wconf 86' lang='lat' dir='ltr'><strong>musicum</strong></span> <span class='ocrx_word' id='word_1_197' title='bbox 845 1853 888 1920; x_wconf 86' lang='lat'>8</span> <span class='ocrx_word' id='word_1_198' title='bbox 898 1877 916 1932; x_wconf 72' lang='grc' dir='ltr'><strong><em>ς</em></strong></span> <span class='ocrx_word' id='word_1_199' title='bbox 967 1857 1066 1920; x_wconf 94' lang='lat' dir='ltr'><strong>ubi</strong></span> <span class='ocrx_word' id='word_1_200' title='bbox 1111 1877 1332 1938; x_wconf 90' lang='lat' dir='ltr'><strong>magna</strong></span> <span class='ocrx_word' id='word_1_201' title='bbox 1369 1857 1750 1938; x_wconf 87' lang='lat' dir='ltr'><strong>jucunditate</strong></span> <span class='ocrx_word' id='word_1_202' title='bbox 1790 1859 1970 1922; x_wconf 90' lang='lat' dir='ltr'><strong>Plato</strong></span> <span class='ocrx_word' id='word_1_203' title='bbox 2019 1867 2302 1939; x_wconf 81' lang='lat' dir='ltr'><strong>expertus</strong></span> <span class='ocrx_word' id='word_1_204' title='bbox 2348 1869 2465 1934; x_wconf 87' lang='lat' dir='ltr'><strong>est,</strong></span> <span class='ocrx_word' id='word_1_205' title='bbox 2526 1859 2685 1922; x_wconf 89' lang='lat' dir='ltr'><strong>inter</strong></span> <span class='ocrx_word' id='word_1_206' title='bbox 2730 1859 2878 1920; x_wconf 89' lang='lat' dir='ltr'><strong>haec</strong></span> <span class='ocrx_word' id='word_1_207' title='bbox 2928 1857 3045 1920; x_wconf 90' lang='lat' dir='ltr'><strong>duo</strong></span> <span class='ocrx_word' id='word_1_208' title='bbox 3082 1877 3221 1920; x_wconf 84' lang='lat' dir='ltr'><strong>me-</strong></span> 
     </span>
     <span class='ocr_line' id='line_1_19' title="bbox 511 1946 3223 2029; baseline 0 -17"><span class='ocrx_word' id='word_1_209' title='bbox 511 1949 614 2012; x_wconf 88' lang='lat' dir='ltr'><strong>dia</strong></span> <span class='ocrx_word' id='word_1_210' title='bbox 659 1947 819 2010; x_wconf 91' lang='lat' dir='ltr'><strong>idem</strong></span> <span class='ocrx_word' id='word_1_211' title='bbox 866 1966 1001 2008; x_wconf 86' lang='lat' dir='ltr'><strong>esse</strong></span> <span class='ocrx_word' id='word_1_212' title='bbox 1047 1946 1461 2021; x_wconf 89' lang='lat' dir='ltr'><strong>intervallum,</strong></span> <span class='ocrx_word' id='word_1_213' title='bbox 1513 1947 1668 2029; x_wconf 93' lang='lat' dir='ltr'><strong>quod</strong></span> <span class='ocrx_word' id='word_1_214' title='bbox 1717 1957 1901 2011; x_wconf 89' lang='lat' dir='ltr'><strong>antea</strong></span> <span class='ocrx_word' id='word_1_215' title='bbox 1945 1949 2006 2010; x_wconf 92' lang='lat' dir='ltr'><strong>in</strong></span> <span class='ocrx_word' id='word_1_216' title='bbox 2052 1949 2207 2010; x_wconf 86' lang='lat' dir='ltr'><strong>serie</strong></span> <span class='ocrx_word' id='word_1_217' title='bbox 2258 1946 2296 2008; x_wconf 86' lang='lat'><strong>7</strong></span> <span class='ocrx_word' id='word_1_218' title='bbox 2344 1967 2754 2025; x_wconf 87' lang='lat' dir='ltr'><strong>numerorum,</strong></span> <span class='ocrx_word' id='word_1_219' title='bbox 2801 1948 2959 2010; x_wconf 83' lang='lat' dir='ltr'><strong>inter</strong></span> <span class='ocrx_word' id='word_1_220' title='bbox 3004 1948 3223 2012; x_wconf 83' lang='lat' dir='ltr'><strong>cubum</strong></span> 
     </span>
     <span class='ocr_line' id='line_1_20' title="bbox 511 2035 3223 2120; baseline -0.001 -20"><span class='ocrx_word' id='word_1_221' title='bbox 511 2035 728 2100; x_wconf 89' lang='lat' dir='ltr'><strong>binarii</strong></span> <span class='ocrx_word' id='word_1_222' title='bbox 795 2043 858 2098; x_wconf 90' lang='lat' dir='ltr'><strong>et</strong></span> <span class='ocrx_word' id='word_1_223' title='bbox 924 2036 1284 2117; x_wconf 90' lang='lat' dir='ltr'><strong>quadratum</strong></span> <span class='ocrx_word' id='word_1_224' title='bbox 1347 2037 1616 2099; x_wconf 85' lang='lat' dir='ltr'><strong>ternarii.</strong></span> <span class='ocrx_word' id='word_1_225' title='bbox 1711 2039 1927 2120; x_wconf 89' lang='lat' dir='ltr'><strong>Itaque</strong></span> <span class='ocrx_word' id='word_1_226' title='bbox 1992 2043 2129 2100; x_wconf 87' lang='lat' dir='ltr'><strong>tota</strong></span> <span class='ocrx_word' id='word_1_227' title='bbox 2195 2037 2521 2100; x_wconf 86' lang='lat' dir='ltr'><strong>intervalla</strong></span> <span class='ocrx_word' id='word_1_228' title='bbox 2582 2037 2794 2100; x_wconf 86' lang='lat' dir='ltr'><strong>divisit</strong></span> <span class='ocrx_word' id='word_1_229' title='bbox 2856 2035 3017 2100; x_wconf 86' lang='lat' dir='ltr'><strong>tonis</strong></span> <span class='ocrx_word' id='word_1_230' title='bbox 3086 2037 3223 2100; x_wconf 86' lang='lat' dir='ltr'><strong>sive</strong></span> 
     </span>
     <span class='ocr_line' id='line_1_21' title="bbox 521 2123 3225 2206; baseline -0 -17"><span class='ocrx_word' id='word_1_231' title='bbox 521 2123 844 2205; x_wconf 71' lang='grc' dir='ltr'>ἕπογὸοοις.</span> <span class='ocrx_word' id='word_1_232' title='bbox 921 2123 1045 2188; x_wconf 89' lang='lat' dir='ltr'><strong>Sed</strong></span> <span class='ocrx_word' id='word_1_233' title='bbox 1076 2123 1217 2206; x_wconf 89' lang='lat' dir='ltr'><strong>quia</strong></span> <span class='ocrx_word' id='word_1_234' title='bbox 1245 2132 1430 2186; x_wconf 87' lang='lat' dir='ltr'><strong>antea</strong></span> <span class='ocrx_word' id='word_1_235' title='bbox 1448 2125 1508 2187; x_wconf 89' lang='lat' dir='ltr'><strong>in</strong></span> <span class='ocrx_word' id='word_1_236' title='bbox 1540 2126 1696 2188; x_wconf 87' lang='lat' dir='ltr'><strong>serie</strong></span> <span class='ocrx_word' id='word_1_237' title='bbox 1737 2124 1775 2189; x_wconf 82' lang='lat'>7</span> <span class='ocrx_word' id='word_1_238' title='bbox 1806 2145 2185 2189; x_wconf 87' lang='lat' dir='ltr'><strong>numerorum</strong></span> <span class='ocrx_word' id='word_1_239' title='bbox 2215 2125 2736 2193; x_wconf 74' lang='lat' dir='ltr'><strong>constituebantur</strong></span> <span class='ocrx_word' id='word_1_240' title='bbox 2767 2125 2969 2204; x_wconf 84' lang='lat' dir='ltr'><strong>dupla,</strong></span> <span class='ocrx_word' id='word_1_241' title='bbox 3016 2126 3225 2204; x_wconf 69' lang='lat' dir='ltr'><strong>tripla,</strong></span> 
     </span>
     <span class='ocr_line' id='line_1_22' title="bbox 514 2214 3231 2297; baseline -0.001 -19"><span class='ocrx_word' id='word_1_242' title='bbox 514 2214 954 2296; x_wconf 88' lang='lat' dir='ltr'><strong>sesquialtera,</strong></span> <span class='ocrx_word' id='word_1_243' title='bbox 1023 2214 1415 2293; x_wconf 87' lang='lat' dir='ltr'><strong>sesquitertia</strong></span> <span class='ocrx_word' id='word_1_244' title='bbox 1459 2215 1814 2292; x_wconf 88' lang='lat' dir='ltr'><strong>intervalla,</strong></span> <span class='ocrx_word' id='word_1_245' title='bbox 1884 2235 2071 2297; x_wconf 86' lang='lat' dir='ltr'><strong>quae,</strong></span> <span class='ocrx_word' id='word_1_246' title='bbox 2132 2221 2342 2294; x_wconf 89' lang='lat' dir='ltr'><strong>utpote</strong></span> <span class='ocrx_word' id='word_1_247' title='bbox 2388 2215 2584 2294; x_wconf 88' lang='lat' dir='ltr'><strong>prima</strong></span> <span class='ocrx_word' id='word_1_248' title='bbox 2630 2215 2911 2295; x_wconf 52' lang='lat' dir='ltr'><strong>origines</strong></span> <span class='ocrx_word' id='word_1_249' title='bbox 2958 2214 3231 2291; x_wconf 86' lang='lat' dir='ltr'><strong>oportuit</strong></span> 
     </span>
     <span class='ocr_line' id='line_1_23' title="bbox 513 2301 3229 2384; baseline -0.002 -16"><span class='ocrx_word' id='word_1_250' title='bbox 513 2322 796 2368; x_wconf 84' lang='lat' dir='ltr'><strong>manere:</strong></span> <span class='ocrx_word' id='word_1_251' title='bbox 845 2303 981 2364; x_wconf 90' lang='lat' dir='ltr'><strong>ideo</strong></span> <span class='ocrx_word' id='word_1_252' title='bbox 1029 2301 1089 2364; x_wconf 90' lang='lat' dir='ltr'><strong>in</strong></span> <span class='ocrx_word' id='word_1_253' title='bbox 1137 2303 1588 2366; x_wconf 88' lang='lat' dir='ltr'><strong>continuatione</strong></span> <span class='ocrx_word' id='word_1_254' title='bbox 1635 2306 1813 2366; x_wconf 88' lang='lat' dir='ltr'><strong>trium</strong></span> <span class='ocrx_word' id='word_1_255' title='bbox 1842 2312 2119 2368; x_wconf 87' lang='lat' dir='ltr'><strong>tonorum</strong></span> <span class='ocrx_word' id='word_1_256' title='bbox 2165 2304 2241 2366; x_wconf 91' lang='lat' dir='ltr'><strong>ab</strong></span> <span class='ocrx_word' id='word_1_257' title='bbox 2272 2302 2521 2384; x_wconf 88' lang='lat' dir='ltr'><strong>epitriti,</strong></span> <span class='ocrx_word' id='word_1_258' title='bbox 2570 2311 2825 2384; x_wconf 88' lang='lat' dir='ltr'><strong>quatuor</strong></span> <span class='ocrx_word' id='word_1_259' title='bbox 2854 2303 2931 2363; x_wconf 89' lang='lat' dir='ltr'><strong>ab</strong></span> <span class='ocrx_word' id='word_1_260' title='bbox 2960 2301 3229 2366; x_wconf 89' lang='lat' dir='ltr'><strong>hemiolii</strong></span> 
     </span>
     <span class='ocr_line' id='line_1_24' title="bbox 508 2385 3228 2474; baseline -0.001 -18"><span class='ocrx_word' id='word_1_261' title='bbox 508 2385 778 2456; x_wconf 59' lang='lat' dir='ltr'><strong>&#39;termino</strong></span> <span class='ocrx_word' id='word_1_262' title='bbox 811 2390 1132 2452; x_wconf 87' lang='lat' dir='ltr'><strong>secabatur</strong></span> <span class='ocrx_word' id='word_1_263' title='bbox 1161 2398 1338 2453; x_wconf 91' lang='lat' dir='ltr'><strong>tonus</strong></span> <span class='ocrx_word' id='word_1_264' title='bbox 1376 2400 1736 2473; x_wconf 85' lang='lat' dir='ltr'><strong>postremus.</strong></span> <span class='ocrx_word' id='word_1_265' title='bbox 1824 2394 1985 2456; x_wconf 84' lang='lat' dir='ltr'><strong>Nam</strong></span> <span class='ocrx_word' id='word_1_266' title='bbox 2024 2394 2305 2474; x_wconf 88' lang='lat' dir='ltr'><strong>epitritus</strong></span> <span class='ocrx_word' id='word_1_267' title='bbox 2333 2392 2526 2455; x_wconf 82' lang='lat' dir='ltr'><strong>minor</strong></span> <span class='ocrx_word' id='word_1_268' title='bbox 2554 2400 2655 2455; x_wconf 87' lang='lat' dir='ltr'><strong>est</strong></span> <span class='ocrx_word' id='word_1_269' title='bbox 2688 2392 2883 2455; x_wconf 90' lang='lat' dir='ltr'><strong>tribus</strong></span> <span class='ocrx_word' id='word_1_270' title='bbox 2912 2391 3228 2472; x_wconf 86' lang='lat' dir='ltr'><strong>epogdois,</strong></span> 
     </span>
     <span class='ocr_line' id='line_1_25' title="bbox 519 2479 3231 2563; baseline -0 -19"><span class='ocrx_word' id='word_1_271' title='bbox 519 2479 834 2544; x_wconf 87' lang='lat' dir='ltr'><strong>hemiolius</strong></span> <span class='ocrx_word' id='word_1_272' title='bbox 881 2485 1138 2559; x_wconf 86' lang='lat' dir='ltr'><strong>quatuor</strong></span> <span class='ocrx_word' id='word_1_273' title='bbox 1193 2480 1504 2560; x_wconf 89' lang='lat' dir='ltr'><strong>epogdois.</strong></span> <span class='ocrx_word' id='word_1_274' title='bbox 1599 2480 1776 2552; x_wconf 86' lang='lat' dir='ltr'><strong>Quod</strong></span> <span class='ocrx_word' id='word_1_275' title='bbox 1834 2483 2017 2563; x_wconf 88' lang='lat' dir='ltr'><strong>igitur</strong></span> <span class='ocrx_word' id='word_1_276' title='bbox 2071 2483 2129 2544; x_wconf 89' lang='lat' dir='ltr'><strong>in</strong></span> <span class='ocrx_word' id='word_1_277' title='bbox 2189 2480 2399 2544; x_wconf 90' lang='lat' dir='ltr'><strong>ultimo</strong></span> <span class='ocrx_word' id='word_1_278' title='bbox 2445 2489 2592 2544; x_wconf 85' lang='lat' dir='ltr'><strong>tono</strong></span> <span class='ocrx_word' id='word_1_279' title='bbox 2650 2487 2786 2544; x_wconf 86' lang='lat' dir='ltr'><strong>erat</strong></span> <span class='ocrx_word' id='word_1_280' title='bbox 2842 2481 3231 2559; x_wconf 80' lang='lat' dir='ltr'><strong>superfluum,</strong></span> 
     </span>
     <span class='ocr_line' id='line_1_26' title="bbox 520 2566 3232 2654; baseline -0.002 -20"><span class='ocrx_word' id='word_1_281' title='bbox 520 2575 821 2634; x_wconf 86' lang='lat' dir='ltr'><strong>resectum</strong></span> <span class='ocrx_word' id='word_1_282' title='bbox 888 2566 1102 2650; x_wconf 90' lang='lat' dir='ltr'><strong>quippe</strong></span> <span class='ocrx_word' id='word_1_283' title='bbox 1167 2588 1206 2629; x_wconf 91' lang='lat' dir='ltr'><strong>a</strong></span> <span class='ocrx_word' id='word_1_284' title='bbox 1271 2570 1527 2632; x_wconf 85' lang='lat' dir='ltr'><strong>termino</strong></span> <span class='ocrx_word' id='word_1_285' title='bbox 1588 2572 1995 2652; x_wconf 89' lang='lat' dir='ltr'><strong>proportionis</strong></span> <span class='ocrx_word' id='word_1_286' title='bbox 2058 2569 2413 2654; x_wconf 86' lang='lat' dir='ltr'><strong>antiquioris</strong></span> <span class='ocrx_word' id='word_1_287' title='bbox 2434 2617 2450 2646; x_wconf 91' lang='lat'><strong>,</strong></span> <span class='ocrx_word' id='word_1_288' title='bbox 2518 2571 2580 2632; x_wconf 90' lang='lat' dir='ltr'><strong>id</strong></span> <span class='ocrx_word' id='word_1_289' title='bbox 2646 2569 3014 2650; x_wconf 89' lang='lat' dir='ltr'><strong>geometrica</strong></span> <span class='ocrx_word' id='word_1_290' title='bbox 3074 2575 3232 2632; x_wconf 79' lang='lat' dir='ltr'><strong>‘voce</strong></span> 
     </span>
     <span class='ocr_line' id='line_1_27' title="bbox 523 2655 3236 2740; baseline -0.001 -18"><span class='ocrx_word' id='word_1_291' title='bbox 523 2657 797 2734; x_wconf 76' lang='grc' dir='ltr'><strong><em>ἆποτομη</em></strong></span> <span class='ocrx_word' id='word_1_292' title='bbox 863 2655 1205 2732; x_wconf 82' lang='lat' dir='ltr'><strong>dicebatur3</strong></span> <span class='ocrx_word' id='word_1_293' title='bbox 1283 2677 1656 2739; x_wconf 88' lang='lat' dir='ltr'><strong>consequens</strong></span> <span class='ocrx_word' id='word_1_294' title='bbox 1718 2659 1937 2740; x_wconf 91' lang='lat' dir='ltr'><strong>igitur,</strong></span> <span class='ocrx_word' id='word_1_295' title='bbox 2014 2667 2082 2723; x_wconf 90' lang='lat' dir='ltr'><strong>ut</strong></span> <span class='ocrx_word' id='word_1_296' title='bbox 2143 2660 2305 2723; x_wconf 89' lang='lat' dir='ltr'><strong>illius</strong></span> <span class='ocrx_word' id='word_1_297' title='bbox 2371 2659 2501 2721; x_wconf 89' lang='lat' dir='ltr'><strong>toni</strong></span> <span class='ocrx_word' id='word_1_298' title='bbox 2565 2658 2867 2722; x_wconf 88' lang='lat' dir='ltr'><strong>residuum</strong></span> <span class='ocrx_word' id='word_1_299' title='bbox 2930 2656 3236 2721; x_wconf 86' lang='lat' dir='ltr'><strong>diceretur</strong></span> 
     </span>
     <span class='ocr_line' id='line_1_28' title="bbox 522 2744 3235 2829; baseline 0 -18"><span class='ocrx_word' id='word_1_300' title='bbox 522 2752 758 2825; x_wconf 76' lang='grc' dir='ltr'><strong>λειμμα,</strong></span> <span class='ocrx_word' id='word_1_301' title='bbox 787 2745 1080 2810; x_wconf 88' lang='lat' dir='ltr'><strong>relictum.</strong></span> <span class='ocrx_word' id='word_1_302' title='bbox 1154 2744 1349 2810; x_wconf 88' lang='lat' dir='ltr'><strong>Addit</strong></span> <span class='ocrx_word' id='word_1_303' title='bbox 1378 2746 1768 2823; x_wconf 74' lang='lat' dir='ltr'><strong>scholiastes,</strong></span> <span class='ocrx_word' id='word_1_304' title='bbox 1787 2748 2090 2829; x_wconf 68' lang='grc' dir='ltr'><strong><em>ἀποτομην</em></strong></span> <span class='ocrx_word' id='word_1_305' title='bbox 2117 2749 2303 2813; x_wconf 88' lang='lat' dir='ltr'><strong>etiam</strong></span> <span class='ocrx_word' id='word_1_306' title='bbox 2332 2748 2449 2812; x_wconf 85' lang='lat' dir='ltr'><strong>dici</strong></span> <span class='ocrx_word' id='word_1_307' title='bbox 2478 2753 2674 2823; x_wconf 70' lang='grc' dir='ltr'><strong>ὀωσιν,</strong></span> <span class='ocrx_word' id='word_1_308' title='bbox 2706 2768 2841 2811; x_wconf 87' lang='lat' dir='ltr'><strong>esse</strong></span> <span class='ocrx_word' id='word_1_309' title='bbox 2870 2753 3071 2811; x_wconf 86' lang='lat' dir='ltr'><strong>autem</strong></span> <span class='ocrx_word' id='word_1_310' title='bbox 3091 2765 3235 2811; x_wconf 70' lang='lat' dir='ltr'><strong>ma-</strong></span> 
     </span>
     <span class='ocr_line' id='line_1_29' title="bbox 515 2830 3301 2921; baseline -0.001 -21"><span class='ocrx_word' id='word_1_311' title='bbox 515 2839 713 2921; x_wconf 89' lang='lat' dir='ltr'><strong>jorem</strong></span> <span class='ocrx_word' id='word_1_312' title='bbox 741 2843 1010 2918; x_wconf 88' lang='lat' dir='ltr'><strong>partem,</strong></span> <span class='ocrx_word' id='word_1_313' title='bbox 1056 2833 1277 2897; x_wconf 89' lang='lat' dir='ltr'><strong>lemma</strong></span> <span class='ocrx_word' id='word_1_314' title='bbox 1303 2836 1617 2912; x_wconf 87' lang='lat' dir='ltr'><strong>minorem,</strong></span> <span class='ocrx_word' id='word_1_315' title='bbox 1669 2838 1827 2918; x_wconf 90' lang='lat' dir='ltr'><strong>quod</strong></span> <span class='ocrx_word' id='word_1_316' title='bbox 1855 2856 2060 2901; x_wconf 89' lang='lat' dir='ltr'><strong>verum</strong></span> <span class='ocrx_word' id='word_1_317' title='bbox 2108 2848 2224 2902; x_wconf 87' lang='lat' dir='ltr'><strong>est.</strong></span> <span class='ocrx_word' id='word_1_318' title='bbox 2303 2837 2477 2902; x_wconf 85' lang='lat' dir='ltr'><strong>Cuba</strong></span> <span class='ocrx_word' id='word_1_319' title='bbox 2504 2838 2661 2900; x_wconf 89' lang='lat' dir='ltr'><strong>enim</strong></span> <span class='ocrx_word' id='word_1_320' title='bbox 2689 2838 2977 2900; x_wconf 86' lang='lat' dir='ltr'><strong>terminos</strong></span> <span class='ocrx_word' id='word_1_321' title='bbox 3015 2830 3111 2917; x_wconf 68' lang='lat'><strong>⁹10,</strong></span> <span class='ocrx_word' id='word_1_322' title='bbox 3160 2844 3237 2898; x_wconf 88' lang='lat' dir='ltr'><strong>ut</strong></span> <span class='ocrx_word' id='word_1_323' title='bbox 3296 2866 3301 2870; x_wconf 87' lang='lat'>·</span> 
     </span>
     <span class='ocr_line' id='line_1_30' title="bbox 525 2918 3233 3011; baseline -0.001 -22"><span class='ocrx_word' id='word_1_324' title='bbox 525 2928 650 2991; x_wconf 88' lang='lat' dir='ltr'><strong>sint</strong></span> <span class='ocrx_word' id='word_1_325' title='bbox 693 2934 820 2989; x_wconf 87' lang='lat' dir='ltr'><strong>tres</strong></span> <span class='ocrx_word' id='word_1_326' title='bbox 867 2923 1142 3005; x_wconf 88' lang='lat' dir='ltr'><strong>epogdoi,</strong></span> <span class='ocrx_word' id='word_1_327' title='bbox 1193 2943 1278 2985; x_wconf 90' lang='lat' dir='ltr'><strong>sc.</strong></span> <span class='ocrx_word' id='word_1_328' title='bbox 1314 2918 1518 3009; x_wconf 61' lang='lat'>²²75„</span> <span class='ocrx_word' id='word_1_329' title='bbox 1560 2946 1668 2989; x_wconf 90' lang='lat' dir='ltr'><strong>seu</strong></span> <span class='ocrx_word' id='word_1_330' title='bbox 1709 2920 1987 3011; x_wconf 55' lang='lat' dir='ltr'><strong>²¹⁸³&#39;lum</strong></span> <span class='ocrx_word' id='word_1_331' title='bbox 2010 2975 2026 3003; x_wconf 88' lang='lat'><strong>,</strong></span> <span class='ocrx_word' id='word_1_332' title='bbox 2077 2935 2139 2989; x_wconf 90' lang='lat' dir='ltr'><strong>et</strong></span> <span class='ocrx_word' id='word_1_333' title='bbox 2168 2927 2339 2990; x_wconf 83' lang='lat' dir='ltr'><strong>aufer</strong></span> <span class='ocrx_word' id='word_1_334' title='bbox 2367 2932 2439 2998; x_wconf 82' lang='lat' dir='ltr'><strong>(h.</strong></span> <span class='ocrx_word' id='word_1_335' title='bbox 2467 2950 2511 2985; x_wconf 85' lang='lat' dir='ltr'><strong>e.</strong></span> <span class='ocrx_word' id='word_1_336' title='bbox 2549 2934 2709 2985; x_wconf 79' lang='lat' dir='ltr'><strong>divide</strong></span> <span class='ocrx_word' id='word_1_337' title='bbox 2734 2950 2823 3003; x_wconf 80' lang='lat' dir='ltr'><strong>per</strong></span> <span class='ocrx_word' id='word_1_338' title='bbox 2850 2926 2945 2997; x_wconf 66' lang='grc' dir='ltr'><strong>Ἃ)</strong></span> <span class='ocrx_word' id='word_1_339' title='bbox 2990 2920 3059 3007; x_wconf 69' lang='grc' dir='ltr'><strong>Ἰ,</strong></span> <span class='ocrx_word' id='word_1_340' title='bbox 3101 2924 3233 2987; x_wconf 86' lang='lat' dir='ltr'><strong>sive</strong></span> 
     </span>
     <span class='ocr_line' id='line_1_31' title="bbox 537 3006 3231 3099; baseline 0.001 -24"><span class='ocrx_word' id='word_1_341' title='bbox 537 3008 855 3099; x_wconf 69' lang='lat' dir='ltr'><strong>²⁰⁴⁸sts³es</strong></span> <span class='ocrx_word' id='word_1_342' title='bbox 929 3018 1126 3075; x_wconf 88' lang='lat' dir='ltr'><strong>restat</strong></span> <span class='ocrx_word' id='word_1_343' title='bbox 1200 3006 1511 3097; x_wconf 60' lang='lat' dir='ltr'><strong>&#39;¹⁸⁷l2040,</strong></span> <span class='ocrx_word' id='word_1_344' title='bbox 1571 3016 1684 3077; x_wconf 89' lang='lat' dir='ltr'><strong>hoc</strong></span> <span class='ocrx_word' id='word_1_345' title='bbox 1743 3014 2014 3077; x_wconf 88' lang='lat' dir='ltr'><strong>ablatum</strong></span> <span class='ocrx_word' id='word_1_346' title='bbox 2080 3037 2118 3078; x_wconf 92' lang='lat' dir='ltr'><strong>a</strong></span> <span class='ocrx_word' id='word_1_347' title='bbox 2183 3022 2511 3087; x_wconf 76' lang='lat' dir='ltr'><strong>(divisumin)</strong></span> <span class='ocrx_word' id='word_1_348' title='bbox 2584 3008 2654 3097; x_wconf 57' lang='lat' dir='ltr'><strong>&#39;le</strong></span> <span class='ocrx_word' id='word_1_349' title='bbox 2718 3014 2847 3077; x_wconf 89' lang='lat' dir='ltr'><strong>sive</strong></span> <span class='ocrx_word' id='word_1_350' title='bbox 2924 3007 3231 3097; x_wconf 59' lang='lat' dir='ltr'><strong>&#39;‘⁸²l202„</strong></span> 
     </span>
     <span class='ocr_line' id='line_1_32' title="bbox 527 3096 3237 3185; baseline -0.002 -18"><span class='ocrx_word' id='word_1_351' title='bbox 527 3104 745 3185; x_wconf 84' lang='lat' dir='ltr'><strong>linquit</strong></span> <span class='ocrx_word' id='word_1_352' title='bbox 800 3096 1104 3183; x_wconf 68' lang='lat' dir='ltr'><strong>²⁰⁴⁸l„„.</strong></span> <span class='ocrx_word' id='word_1_353' title='bbox 1198 3102 1294 3163; x_wconf 88' lang='lat' dir='ltr'><strong>Ita</strong></span> <span class='ocrx_word' id='word_1_354' title='bbox 1351 3112 1527 3165; x_wconf 90' lang='lat' dir='ltr'><strong>tonus</strong></span> <span class='ocrx_word' id='word_1_355' title='bbox 1581 3105 1646 3168; x_wconf 89' lang='lat' dir='ltr'><strong>in</strong></span> <span class='ocrx_word' id='word_1_356' title='bbox 1693 3104 1883 3166; x_wconf 88' lang='lat' dir='ltr'><strong>diesin</strong></span> <span class='ocrx_word' id='word_1_357' title='bbox 1944 3113 2008 3165; x_wconf 90' lang='lat' dir='ltr'><strong>et</strong></span> <span class='ocrx_word' id='word_1_358' title='bbox 2062 3105 2284 3167; x_wconf 90' lang='lat' dir='ltr'><strong>lemma</strong></span> <span class='ocrx_word' id='word_1_359' title='bbox 2338 3103 2679 3167; x_wconf 87' lang='lat' dir='ltr'><strong>resolvitur.</strong></span> <span class='ocrx_word' id='word_1_360' title='bbox 2772 3102 2983 3171; x_wconf 87' lang='lat' dir='ltr'><strong>Diesis</strong></span> <span class='ocrx_word' id='word_1_361' title='bbox 3030 3114 3237 3167; x_wconf 82' lang='lat' dir='ltr'><strong>tamen</strong></span> 
     </span>
     <span class='ocr_line' id='line_1_33' title="bbox 527 3192 3237 3275; baseline -0.002 -20"><span class='ocrx_word' id='word_1_362' title='bbox 527 3192 740 3255; x_wconf 83' lang='lat' dir='ltr'><strong>exulat</strong></span> <span class='ocrx_word' id='word_1_363' title='bbox 792 3194 950 3270; x_wconf 87' lang='lat' dir='ltr'><strong>apud</strong></span> <span class='ocrx_word' id='word_1_364' title='bbox 997 3192 1312 3253; x_wconf 83' lang='lat' dir='ltr'><strong>Platonem</strong></span> <span class='ocrx_word' id='word_1_365' title='bbox 1367 3212 1406 3253; x_wconf 91' lang='lat' dir='ltr'><strong>a</strong></span> <span class='ocrx_word' id='word_1_366' title='bbox 1461 3192 1616 3255; x_wconf 88' lang='lat' dir='ltr'><strong>serie</strong></span> <span class='ocrx_word' id='word_1_367' title='bbox 1662 3212 1877 3257; x_wconf 84' lang='lat' dir='ltr'><strong>vocum</strong></span> <span class='ocrx_word' id='word_1_368' title='bbox 1933 3193 2338 3269; x_wconf 84' lang='lat' dir='ltr'><strong>musicalium3</strong></span> <span class='ocrx_word' id='word_1_369' title='bbox 2394 3192 2597 3255; x_wconf 87' lang='lat' dir='ltr'><strong>omnia</strong></span> <span class='ocrx_word' id='word_1_370' title='bbox 2644 3192 2804 3254; x_wconf 88' lang='lat' dir='ltr'><strong>enim</strong></span> <span class='ocrx_word' id='word_1_371' title='bbox 2860 3195 3237 3275; x_wconf 88' lang='lat' dir='ltr'><strong>complentur</strong></span> 
     </span>
     <span class='ocr_line' id='line_1_34' title="bbox 527 3280 3235 3363; baseline -0.001 -19"><span class='ocrx_word' id='word_1_372' title='bbox 527 3281 691 3345; x_wconf 89' lang='lat' dir='ltr'><strong>tonis</strong></span> <span class='ocrx_word' id='word_1_373' title='bbox 757 3287 821 3343; x_wconf 88' lang='lat' dir='ltr'><strong>et</strong></span> <span class='ocrx_word' id='word_1_374' title='bbox 883 3280 1279 3343; x_wconf 85' lang='lat' dir='ltr'><strong>lemmatibus.</strong></span> <span class='ocrx_word' id='word_1_375' title='bbox 1373 3280 1544 3344; x_wconf 90' lang='lat' dir='ltr'><strong>Haec</strong></span> <span class='ocrx_word' id='word_1_376' title='bbox 1607 3282 1793 3363; x_wconf 85' lang='lat' dir='ltr'><strong>igitur</strong></span> <span class='ocrx_word' id='word_1_377' title='bbox 1858 3290 1955 3344; x_wconf 91' lang='lat' dir='ltr'><strong>est</strong></span> <span class='ocrx_word' id='word_1_378' title='bbox 2017 3282 2292 3345; x_wconf 89' lang='lat' dir='ltr'><strong>Platonis</strong></span> <span class='ocrx_word' id='word_1_379' title='bbox 2358 3281 2690 3345; x_wconf 87' lang='lat' dir='ltr'><strong>harmonia.</strong></span> <span class='ocrx_word' id='word_1_380' title='bbox 2782 3280 2967 3348; x_wconf 83' lang='lat' dir='ltr'><strong>Errat</strong></span> <span class='ocrx_word' id='word_1_381' title='bbox 3031 3289 3235 3345; x_wconf 90' lang='lat' dir='ltr'><strong>autem</strong></span> 
     </span>
     <span class='ocr_line' id='line_1_35' title="bbox 535 3368 3237 3455; baseline -0.001 -22"><span class='ocrx_word' id='word_1_382' title='bbox 535 3369 602 3445; x_wconf 87' lang='grc'><strong>1)</strong></span> <span class='ocrx_word' id='word_1_383' title='bbox 651 3370 712 3432; x_wconf 89' lang='lat' dir='ltr'><strong>in</strong></span> <span class='ocrx_word' id='word_1_384' title='bbox 759 3388 975 3444; x_wconf 90' lang='lat' dir='ltr'><strong>causa,</strong></span> <span class='ocrx_word' id='word_1_385' title='bbox 1025 3368 1412 3445; x_wconf 83' lang='lat' dir='ltr'><strong>existimaus,</strong></span> <span class='ocrx_word' id='word_1_386' title='bbox 1461 3370 1808 3435; x_wconf 88' lang='lat' dir='ltr'><strong>harmonias</strong></span> <span class='ocrx_word' id='word_1_387' title='bbox 1858 3372 2001 3434; x_wconf 90' lang='lat' dir='ltr'><strong>oriri</strong></span> <span class='ocrx_word' id='word_1_388' title='bbox 2048 3392 2124 3433; x_wconf 85' lang='lat' dir='ltr'><strong>ex</strong></span> <span class='ocrx_word' id='word_1_389' title='bbox 2170 3371 2431 3435; x_wconf 89' lang='lat' dir='ltr'><strong>numeris</strong></span> <span class='ocrx_word' id='word_1_390' title='bbox 2480 3390 2795 3451; x_wconf 90' lang='lat' dir='ltr'><strong>eorumque</strong></span> <span class='ocrx_word' id='word_1_391' title='bbox 2842 3368 3237 3455; x_wconf 86' lang='lat' dir='ltr'><strong>proprietati-</strong></span> 
     </span>
    </p>
   </div>
   <div class='ocr_carea' id='block_1_5' title="bbox 405 3454 3241 3541">
    <p class='ocr_par' dir='ltr' id='par_1_5' title="bbox 405 3454 3241 3541">
     <span class='ocr_line' id='line_1_36' title="bbox 405 3454 3241 3541; baseline -0.001 -19"><span class='ocrx_word' id='word_1_392' title='bbox 405 3504 410 3511; x_wconf 77' lang='lat'><strong>·</strong></span> <span class='ocrx_word' id='word_1_393' title='bbox 528 3459 643 3522; x_wconf 88' lang='lat' dir='ltr'><strong>bus</strong></span> <span class='ocrx_word' id='word_1_394' title='bbox 697 3458 1111 3540; x_wconf 86' lang='lat' dir='ltr'><strong>geometricis,</strong></span> <span class='ocrx_word' id='word_1_395' title='bbox 1182 3458 1612 3540; x_wconf 84' lang='lat' dir='ltr'><strong>quadratisque</strong></span> <span class='ocrx_word' id='word_1_396' title='bbox 1669 3470 1734 3523; x_wconf 93' lang='lat' dir='ltr'><strong>et</strong></span> <span class='ocrx_word' id='word_1_397' title='bbox 1780 3461 1993 3523; x_wconf 86' lang='lat' dir='ltr'><strong>solidis</strong></span> <span class='ocrx_word' id='word_1_398' title='bbox 2048 3461 2281 3540; x_wconf 86' lang='lat' dir='ltr'><strong>figuris,</strong></span> <span class='ocrx_word' id='word_1_399' title='bbox 2348 3462 2506 3541; x_wconf 90' lang='lat' dir='ltr'><strong>quod</strong></span> <span class='ocrx_word' id='word_1_400' title='bbox 2560 3454 2735 3523; x_wconf 85' lang='lat' dir='ltr'><strong>s&#39;ecus</strong></span> <span class='ocrx_word' id='word_1_401' title='bbox 2783 3468 2899 3525; x_wconf 89' lang='lat' dir='ltr'><strong>est.</strong></span> <span class='ocrx_word' id='word_1_402' title='bbox 2993 3458 3241 3526; x_wconf 88' lang='lat' dir='ltr'><strong>Accidit</strong></span> 
     </span>
    </p>
   </div>
   <div class='ocr_carea' id='block_1_6' title="bbox 531 3547 3251 4433">
    <p class='ocr_par' dir='ltr' id='par_1_6' title="bbox 531 3547 3251 4433">
     <span class='ocr_line' id='line_1_37' title="bbox 531 3547 3239 3630; baseline -0.001 -19"><span class='ocrx_word' id='word_1_403' title='bbox 531 3549 708 3625; x_wconf 88' lang='lat' dir='ltr'><strong>enim,</strong></span> <span class='ocrx_word' id='word_1_404' title='bbox 755 3547 906 3610; x_wconf 89' lang='lat' dir='ltr'><strong>haec</strong></span> <span class='ocrx_word' id='word_1_405' title='bbox 951 3549 1042 3610; x_wconf 85' lang='lat' dir='ltr'><strong>ita</strong></span> <span class='ocrx_word' id='word_1_406' title='bbox 1087 3567 1436 3611; x_wconf 87' lang='lat' dir='ltr'><strong>concurrere</strong></span> <span class='ocrx_word' id='word_1_407' title='bbox 1485 3550 1737 3624; x_wconf 88' lang='lat' dir='ltr'><strong>alicubi;</strong></span> <span class='ocrx_word' id='word_1_408' title='bbox 1794 3550 1857 3612; x_wconf 91' lang='lat' dir='ltr'><strong>in</strong></span> <span class='ocrx_word' id='word_1_409' title='bbox 1912 3550 2254 3611; x_wconf 84' lang='lat' dir='ltr'><strong>universum</strong></span> <span class='ocrx_word' id='word_1_410' title='bbox 2298 3568 2441 3611; x_wconf 87' lang='lat' dir='ltr'><strong>vero</strong></span> <span class='ocrx_word' id='word_1_411' title='bbox 2496 3566 2615 3611; x_wconf 88' lang='lat' dir='ltr'><strong>uon</strong></span> <span class='ocrx_word' id='word_1_412' title='bbox 2658 3553 3031 3630; x_wconf 86' lang='lat' dir='ltr'><strong>respondent</strong></span> <span class='ocrx_word' id='word_1_413' title='bbox 3076 3547 3239 3611; x_wconf 85' lang='lat' dir='ltr'><strong>invi-</strong></span> 
     </span>
     <span class='ocr_line' id='line_1_38' title="bbox 531 3634 3232 3719; baseline -0.001 -19"><span class='ocrx_word' id='word_1_414' title='bbox 531 3657 686 3700; x_wconf 89' lang='lat' dir='ltr'><strong>cem.</strong></span> <span class='ocrx_word' id='word_1_415' title='bbox 777 3636 940 3699; x_wconf 83' lang='lat' dir='ltr'><strong>Nam</strong></span> <span class='ocrx_word' id='word_1_416' title='bbox 997 3637 1116 3699; x_wconf 88' lang='lat' dir='ltr'><strong>etsi</strong></span> <span class='ocrx_word' id='word_1_417' title='bbox 1162 3636 1398 3699; x_wconf 84' lang='lat' dir='ltr'><strong>termini</strong></span> <span class='ocrx_word' id='word_1_418' title='bbox 1438 3634 1509 3709; x_wconf 87' lang='lat'><strong>9,</strong></span> <span class='ocrx_word' id='word_1_419' title='bbox 1557 3636 1600 3701; x_wconf 87' lang='lat'>8</span> <span class='ocrx_word' id='word_1_420' title='bbox 1637 3640 1868 3719; x_wconf 86' lang='lat' dir='ltr'><strong>justum</strong></span> <span class='ocrx_word' id='word_1_421' title='bbox 1915 3638 2263 3701; x_wconf 90' lang='lat' dir='ltr'><strong>describunt</strong></span> <span class='ocrx_word' id='word_1_422' title='bbox 2309 3638 2598 3701; x_wconf 89' lang='lat' dir='ltr'><strong>ambitum</strong></span> <span class='ocrx_word' id='word_1_423' title='bbox 2645 3638 2805 3714; x_wconf 86' lang='lat' dir='ltr'><strong>toni,</strong></span> <span class='ocrx_word' id='word_1_424' title='bbox 2872 3642 2986 3704; x_wconf 90' lang='lat' dir='ltr'><strong>hoc</strong></span> <span class='ocrx_word' id='word_1_425' title='bbox 3034 3650 3232 3703; x_wconf 88' lang='lat' dir='ltr'><strong>tamen</strong></span> 
     </span>
     <span class='ocr_line' id='line_1_39' title="bbox 533 3723 3236 3808; baseline -0.001 -19"><span class='ocrx_word' id='word_1_426' title='bbox 533 3745 651 3789; x_wconf 90' lang='lat' dir='ltr'><strong>nou</strong></span> <span class='ocrx_word' id='word_1_427' title='bbox 698 3734 795 3789; x_wconf 90' lang='lat' dir='ltr'><strong>est</strong></span> <span class='ocrx_word' id='word_1_428' title='bbox 838 3723 938 3785; x_wconf 83' lang='lat' dir='ltr'><strong>vel</strong></span> <span class='ocrx_word' id='word_1_429' title='bbox 987 3744 1063 3787; x_wconf 82' lang='lat' dir='ltr'><strong>ex</strong></span> <span class='ocrx_word' id='word_1_430' title='bbox 1108 3744 1211 3799; x_wconf 90' lang='lat' dir='ltr'><strong>eo,</strong></span> <span class='ocrx_word' id='word_1_431' title='bbox 1260 3726 1414 3805; x_wconf 91' lang='lat' dir='ltr'><strong>quod</strong></span> <span class='ocrx_word' id='word_1_432' title='bbox 1463 3726 1566 3789; x_wconf 92' lang='lat' dir='ltr'><strong>ille</strong></span> <span class='ocrx_word' id='word_1_433' title='bbox 1617 3727 1863 3790; x_wconf 85' lang='lat' dir='ltr'><strong>ternarii</strong></span> <span class='ocrx_word' id='word_1_434' title='bbox 1911 3728 2268 3808; x_wconf 76' lang='lat' dir='ltr'><strong>quadratuS‚</strong></span> <span class='ocrx_word' id='word_1_435' title='bbox 2317 3728 2413 3791; x_wconf 89' lang='lat' dir='ltr'><strong>hic</strong></span> <span class='ocrx_word' id='word_1_436' title='bbox 2459 3726 2679 3790; x_wconf 87' lang='lat' dir='ltr'><strong>binarii</strong></span> <span class='ocrx_word' id='word_1_437' title='bbox 2725 3729 2913 3793; x_wconf 90' lang='lat' dir='ltr'><strong>cubus</strong></span> <span class='ocrx_word' id='word_1_438' title='bbox 2960 3739 3086 3805; x_wconf 88' lang='lat' dir='ltr'><strong>est,</strong></span> <span class='ocrx_word' id='word_1_439' title='bbox 3138 3726 3236 3788; x_wconf 86' lang='lat' dir='ltr'><strong>vel</strong></span> 
     </span>
     <span class='ocr_line' id='line_1_40' title="bbox 535 3814 3239 3895; baseline 0 -18"><span class='ocrx_word' id='word_1_440' title='bbox 535 3834 612 3877; x_wconf 87' lang='lat' dir='ltr'><strong>ex</strong></span> <span class='ocrx_word' id='word_1_441' title='bbox 657 3835 762 3889; x_wconf 91' lang='lat' dir='ltr'><strong>eo,</strong></span> <span class='ocrx_word' id='word_1_442' title='bbox 813 3814 970 3895; x_wconf 92' lang='lat' dir='ltr'><strong>quod</strong></span> <span class='ocrx_word' id='word_1_443' title='bbox 1013 3814 1123 3875; x_wconf 93' lang='lat' dir='ltr'><strong>ille</strong></span> <span class='ocrx_word' id='word_1_444' title='bbox 1171 3814 1466 3877; x_wconf 88' lang='lat' dir='ltr'><strong>medietas</strong></span> <span class='ocrx_word' id='word_1_445' title='bbox 1515 3816 1924 3891; x_wconf 87' lang='lat' dir='ltr'><strong>arithmetica,</strong></span> <span class='ocrx_word' id='word_1_446' title='bbox 1975 3815 2071 3876; x_wconf 88' lang='lat' dir='ltr'><strong>hic</strong></span> <span class='ocrx_word' id='word_1_447' title='bbox 2116 3817 2379 3889; x_wconf 87' lang='lat' dir='ltr'><strong>musica,</strong></span> <span class='ocrx_word' id='word_1_448' title='bbox 2442 3817 2601 3879; x_wconf 85' lang='lat' dir='ltr'><strong>inter</strong></span> <span class='ocrx_word' id='word_1_449' title='bbox 2648 3819 2937 3882; x_wconf 87' lang='lat' dir='ltr'><strong>terminos</strong></span> <span class='ocrx_word' id='word_1_450' title='bbox 2983 3816 3239 3881; x_wconf 85' lang='lat' dir='ltr'><strong>rationis</strong></span> 
     </span>
     <span class='ocr_line' id='line_1_41' title="bbox 537 3903 3241 3986; baseline 0.001 -19"><span class='ocrx_word' id='word_1_451' title='bbox 537 3904 786 3985; x_wconf 85' lang='lat' dir='ltr'><strong>duplae:</strong></span> <span class='ocrx_word' id='word_1_452' title='bbox 836 3904 994 3985; x_wconf 92' lang='lat' dir='ltr'><strong>quod</strong></span> <span class='ocrx_word' id='word_1_453' title='bbox 1039 3903 1340 3984; x_wconf 87' lang='lat' dir='ltr'><strong>posterius</strong></span> <span class='ocrx_word' id='word_1_454' title='bbox 1387 3912 1594 3967; x_wconf 91' lang='lat' dir='ltr'><strong>tamen</strong></span> <span class='ocrx_word' id='word_1_455' title='bbox 1642 3905 1770 3985; x_wconf 89' lang='lat' dir='ltr'><strong>ipse</strong></span> <span class='ocrx_word' id='word_1_456' title='bbox 1822 3906 2204 3967; x_wconf 88' lang='lat' dir='ltr'><strong>Ptolemaeus</strong></span> <span class='ocrx_word' id='word_1_457' title='bbox 2254 3904 2535 3981; x_wconf 88' lang='lat' dir='ltr'><strong>credidit,</strong></span> <span class='ocrx_word' id='word_1_458' title='bbox 2587 3905 2689 3986; x_wconf 90' lang='lat' dir='ltr'><strong>qui</strong></span> <span class='ocrx_word' id='word_1_459' title='bbox 2733 3908 3057 3971; x_wconf 86' lang='lat' dir='ltr'><strong>Platonem</strong></span> <span class='ocrx_word' id='word_1_460' title='bbox 3102 3925 3241 3970; x_wconf 85' lang='lat' dir='ltr'><strong>cor-</strong></span> 
     </span>
     <span class='ocr_line' id='line_1_42' title="bbox 537 3990 3243 4074; baseline 0 -17"><span class='ocrx_word' id='word_1_461' title='bbox 537 4000 797 4057; x_wconf 83' lang='lat' dir='ltr'><strong>rexerat.</strong></span> <span class='ocrx_word' id='word_1_462' title='bbox 894 3990 1047 4055; x_wconf 85' lang='lat' dir='ltr'><strong>Oum</strong></span> <span class='ocrx_word' id='word_1_463' title='bbox 1109 3993 1198 4055; x_wconf 89' lang='lat' dir='ltr'><strong>sic</strong></span> <span class='ocrx_word' id='word_1_464' title='bbox 1258 3992 1316 4053; x_wconf 87' lang='lat' dir='ltr'><strong>in</strong></span> <span class='ocrx_word' id='word_1_465' title='bbox 1383 4012 1570 4056; x_wconf 88' lang='lat' dir='ltr'><strong>causa</strong></span> <span class='ocrx_word' id='word_1_466' title='bbox 1626 4003 1788 4057; x_wconf 88' lang='lat' dir='ltr'><strong>erret</strong></span> <span class='ocrx_word' id='word_1_467' title='bbox 1831 3993 2045 4068; x_wconf 90' lang='lat' dir='ltr'><strong>Plato,</strong></span> <span class='ocrx_word' id='word_1_468' title='bbox 2112 3994 2412 4074; x_wconf 89' lang='lat' dir='ltr'><strong>sequitur,</strong></span> <span class='ocrx_word' id='word_1_469' title='bbox 2476 4002 2545 4056; x_wconf 90' lang='lat' dir='ltr'><strong>ut</strong></span> <span class='ocrx_word' id='word_1_470' title='bbox 2598 4002 2762 4059; x_wconf 87' lang='lat' dir='ltr'><strong>erret</strong></span> <span class='ocrx_word' id='word_1_471' title='bbox 2817 3997 2891 4072; x_wconf 82' lang='lat'><strong>2)</strong></span> <span class='ocrx_word' id='word_1_472' title='bbox 2954 3998 3138 4061; x_wconf 88' lang='lat' dir='ltr'><strong>etiam</strong></span> <span class='ocrx_word' id='word_1_473' title='bbox 3182 3996 3243 4057; x_wconf 89' lang='lat' dir='ltr'><strong>in</strong></span> 
     </span>
     <span class='ocr_line' id='line_1_43' title="bbox 539 4080 3247 4167; baseline 0 -22"><span class='ocrx_word' id='word_1_474' title='bbox 539 4084 774 4155; x_wconf 86' lang='lat' dir='ltr'><strong>effectu,</strong></span> <span class='ocrx_word' id='word_1_475' title='bbox 823 4080 1098 4143; x_wconf 88' lang='lat' dir='ltr'><strong>dividens</strong></span> <span class='ocrx_word' id='word_1_476' title='bbox 1145 4081 1392 4161; x_wconf 88' lang='lat' dir='ltr'><strong>epitrita</strong></span> <span class='ocrx_word' id='word_1_477' title='bbox 1439 4090 1502 4145; x_wconf 87' lang='lat' dir='ltr'><strong>et</strong></span> <span class='ocrx_word' id='word_1_478' title='bbox 1546 4083 1828 4147; x_wconf 90' lang='lat' dir='ltr'><strong>hemiolia</strong></span> <span class='ocrx_word' id='word_1_479' title='bbox 1873 4085 1933 4146; x_wconf 92' lang='lat' dir='ltr'><strong>in</strong></span> <span class='ocrx_word' id='word_1_480' title='bbox 1963 4090 2140 4145; x_wconf 89' lang='lat' dir='ltr'><strong>tonos</strong></span> <span class='ocrx_word' id='word_1_481' title='bbox 2187 4102 2295 4147; x_wconf 89' lang='lat' dir='ltr'><strong>seu</strong></span> <span class='ocrx_word' id='word_1_482' title='bbox 2317 4084 2592 4164; x_wconf 89' lang='lat' dir='ltr'><strong>epogdoa</strong></span> <span class='ocrx_word' id='word_1_483' title='bbox 2636 4092 2703 4147; x_wconf 82' lang='lat' dir='ltr'><strong>et</strong></span> <span class='ocrx_word' id='word_1_484' title='bbox 2730 4086 3039 4158; x_wconf 80' lang='lat' dir='ltr'><strong>lemmata,</strong></span> <span class='ocrx_word' id='word_1_485' title='bbox 3086 4084 3247 4167; x_wconf 89' lang='lat' dir='ltr'><strong>quod</strong></span> 
     </span>
     <span class='ocr_line' id='line_1_44' title="bbox 539 4167 3249 4253; baseline 0.001 -20"><span class='ocrx_word' id='word_1_486' title='bbox 539 4177 638 4233; x_wconf 88' lang='lat' dir='ltr'><strong>est</strong></span> <span class='ocrx_word' id='word_1_487' title='bbox 683 4178 894 4235; x_wconf 91' lang='lat' dir='ltr'><strong>contra</strong></span> <span class='ocrx_word' id='word_1_488' title='bbox 948 4179 1224 4234; x_wconf 88' lang='lat' dir='ltr'><strong>naturam</strong></span> <span class='ocrx_word' id='word_1_489' title='bbox 1268 4191 1377 4234; x_wconf 85' lang='grc' dir='ltr'><strong>του</strong></span> <span class='ocrx_word' id='word_1_490' title='bbox 1421 4167 1802 4253; x_wconf 67' lang='grc' dir='ltr'><strong><em>ἦρμοσμενου</em></strong></span> <span class='ocrx_word' id='word_1_491' title='bbox 1866 4174 1995 4236; x_wconf 83' lang='lat' dir='ltr'><strong>sive</strong></span> <span class='ocrx_word' id='word_1_492' title='bbox 2069 4195 2172 4251; x_wconf 77' lang='grc' dir='ltr'><strong>της</strong></span> <span class='ocrx_word' id='word_1_493' title='bbox 2216 4194 2327 4235; x_wconf 76' lang='grc' dir='ltr'><strong>του</strong></span> <span class='ocrx_word' id='word_1_494' title='bbox 2372 4168 2662 4251; x_wconf 73' lang='grc' dir='ltr'><strong>ἕμμολους</strong></span> <span class='ocrx_word' id='word_1_495' title='bbox 2716 4196 2976 4253; x_wconf 66' lang='lat' dir='ltr'><strong>wasme.</strong></span> <span class='ocrx_word' id='word_1_496' title='bbox 3068 4171 3249 4237; x_wconf 90' lang='lat' dir='ltr'><strong>Divi-</strong></span> 
     </span>
     <span class='ocr_line' id='line_1_45' title="bbox 545 4258 3251 4342; baseline 0.001 -21"><span class='ocrx_word' id='word_1_497' title='bbox 545 4258 767 4322; x_wconf 88' lang='lat' dir='ltr'><strong>duntur</strong></span> <span class='ocrx_word' id='word_1_498' title='bbox 813 4259 969 4321; x_wconf 90' lang='lat' dir='ltr'><strong>enim</strong></span> <span class='ocrx_word' id='word_1_499' title='bbox 1016 4259 1340 4322; x_wconf 85' lang='lat' dir='ltr'><strong>intervalla</strong></span> <span class='ocrx_word' id='word_1_500' title='bbox 1383 4262 1492 4323; x_wconf 88' lang='lat' dir='ltr'><strong>illa</strong></span> <span class='ocrx_word' id='word_1_501' title='bbox 1536 4262 1594 4324; x_wconf 91' lang='lat' dir='ltr'><strong>in</strong></span> <span class='ocrx_word' id='word_1_502' title='bbox 1643 4271 1821 4325; x_wconf 89' lang='lat' dir='ltr'><strong>tonos</strong></span> <span class='ocrx_word' id='word_1_503' title='bbox 1866 4262 2151 4342; x_wconf 88' lang='lat' dir='ltr'><strong>majores,</strong></span> <span class='ocrx_word' id='word_1_504' title='bbox 2203 4262 2485 4337; x_wconf 88' lang='lat' dir='ltr'><strong>minores,</strong></span> <span class='ocrx_word' id='word_1_505' title='bbox 2532 4270 2599 4324; x_wconf 87' lang='lat' dir='ltr'><strong>et</strong></span> <span class='ocrx_word' id='word_1_506' title='bbox 2644 4264 2985 4340; x_wconf 80' lang='lat' dir='ltr'><strong>semitonia,</strong></span> <span class='ocrx_word' id='word_1_507' title='bbox 3042 4263 3105 4325; x_wconf 90' lang='lat' dir='ltr'><strong>id</strong></span> <span class='ocrx_word' id='word_1_508' title='bbox 3152 4267 3251 4325; x_wconf 87' lang='lat' dir='ltr'><strong>est</strong></span> 
     </span>
     <span class='ocr_line' id='line_1_46' title="bbox 539 4341 3247 4433; baseline 0.001 -24"><span class='ocrx_word' id='word_1_509' title='bbox 539 4349 602 4409; x_wconf 88' lang='lat' dir='ltr'><strong>in</strong></span> <span class='ocrx_word' id='word_1_510' title='bbox 641 4341 714 4431; x_wconf 66' lang='grc' dir='ltr'><strong>Ἰ,</strong></span> <span class='ocrx_word' id='word_1_511' title='bbox 733 4396 751 4427; x_wconf 88' lang='grc'><strong>,</strong></span> <span class='ocrx_word' id='word_1_512' title='bbox 797 4342 892 4429; x_wconf 72' lang='lat' dir='ltr'><strong>¹⁰l,</strong></span> <span class='ocrx_word' id='word_1_513' title='bbox 915 4396 932 4423; x_wconf 94' lang='lat'><strong>,</strong></span> <span class='ocrx_word' id='word_1_514' title='bbox 997 4342 1128 4431; x_wconf 56' lang='lat' dir='ltr'><strong>¹⁰!st</strong></span> <span class='ocrx_word' id='word_1_515' title='bbox 1151 4398 1168 4425; x_wconf 88' lang='lat'><strong>,</strong></span> <span class='ocrx_word' id='word_1_516' title='bbox 1217 4349 1376 4430; x_wconf 91' lang='lat' dir='ltr'><strong>quod</strong></span> <span class='ocrx_word' id='word_1_517' title='bbox 1405 4370 1580 4414; x_wconf 90' lang='lat' dir='ltr'><strong>aures</strong></span> <span class='ocrx_word' id='word_1_518' title='bbox 1627 4352 1888 4432; x_wconf 90' lang='lat' dir='ltr'><strong>probant</strong></span> <span class='ocrx_word' id='word_1_519' title='bbox 1916 4359 1978 4413; x_wconf 91' lang='lat' dir='ltr'><strong>et</strong></span> <span class='ocrx_word' id='word_1_520' title='bbox 2006 4349 2412 4425; x_wconf 88' lang='lat' dir='ltr'><strong>Ptolemaeus,</strong></span> <span class='ocrx_word' id='word_1_521' title='bbox 2462 4351 2693 4415; x_wconf 88' lang='lat' dir='ltr'><strong>aurium</strong></span> <span class='ocrx_word' id='word_1_522' title='bbox 2713 4353 2929 4433; x_wconf 89' lang='lat' dir='ltr'><strong>judicii</strong></span> <span class='ocrx_word' id='word_1_523' title='bbox 2956 4358 3247 4416; x_wconf 84' lang='lat' dir='ltr'><strong>assertor.</strong></span> 
     </span>
    </p>
   </div>
   <div class='ocr_carea' id='block_1_7' title="bbox 541 4459 3255 4637">
    <p class='ocr_par' dir='ltr' id='par_1_7' title="bbox 541 4459 3255 4637">
     <span class='ocr_line' id='line_1_47' title="bbox 723 4459 3251 4547; baseline 0.002 -24"><span class='ocrx_word' id='word_1_524' title='bbox 723 4459 795 4536; x_wconf 84' lang='lat'><strong>2)</strong></span> <span class='ocrx_word' id='word_1_525' title='bbox 840 4462 981 4524; x_wconf 88' lang='lat' dir='ltr'><strong>Jam</strong></span> <span class='ocrx_word' id='word_1_526' title='bbox 1041 4465 1119 4526; x_wconf 91' lang='lat' dir='ltr'><strong>ad</strong></span> <span class='ocrx_word' id='word_1_527' title='bbox 1165 4463 1499 4547; x_wconf 83' lang='lat' dir='ltr'><strong>symbolum</strong></span> <span class='ocrx_word' id='word_1_528' title='bbox 1555 4467 1741 4530; x_wconf 90' lang='lat' dir='ltr'><strong>maris</strong></span> <span class='ocrx_word' id='word_1_529' title='bbox 1789 4474 1856 4530; x_wconf 91' lang='lat' dir='ltr'><strong>et</strong></span> <span class='ocrx_word' id='word_1_530' title='bbox 1901 4467 2181 4530; x_wconf 88' lang='lat' dir='ltr'><strong>feminae.</strong></span> <span class='ocrx_word' id='word_1_531' title='bbox 2272 4466 2363 4527; x_wconf 89' lang='lat' dir='ltr'><strong>Et&#39;</strong></span> <span class='ocrx_word' id='word_1_532' title='bbox 2404 4468 2579 4529; x_wconf 87' lang='lat' dir='ltr'><strong>video</strong></span> <span class='ocrx_word' id='word_1_533' title='bbox 2638 4468 2877 4547; x_wconf 86' lang='lat' dir='ltr'><strong>quidem</strong></span> <span class='ocrx_word' id='word_1_534' title='bbox 2934 4466 3251 4530; x_wconf 89' lang='lat' dir='ltr'><strong>consilium</strong></span> 
     </span>
     <span class='ocr_line' id='line_1_48' title="bbox 541 4552 3255 4637; baseline 0.002 -24"><span class='ocrx_word' id='word_1_535' title='bbox 541 4560 843 4627; x_wconf 80' lang='lat' dir='ltr'><strong>veterum,</strong></span> <span class='ocrx_word' id='word_1_536' title='bbox 912 4552 1040 4614; x_wconf 84' lang='lat' dir='ltr'><strong>sive</strong></span> <span class='ocrx_word' id='word_1_537' title='bbox 1083 4552 1248 4615; x_wconf 88' lang='lat' dir='ltr'><strong>idem</strong></span> <span class='ocrx_word' id='word_1_538' title='bbox 1293 4554 1472 4616; x_wconf 85' lang='lat' dir='ltr'><strong>Plato</strong></span> <span class='ocrx_word' id='word_1_539' title='bbox 1521 4557 1729 4631; x_wconf 85' lang='lat' dir='ltr'><strong>fuerit,</strong></span> <span class='ocrx_word' id='word_1_540' title='bbox 1791 4577 1897 4619; x_wconf 88' lang='lat' dir='ltr'><strong>seu</strong></span> <span class='ocrx_word' id='word_1_541' title='bbox 1945 4555 2277 4637; x_wconf 89' lang='lat' dir='ltr'><strong>quicunque</strong></span> <span class='ocrx_word' id='word_1_542' title='bbox 2324 4555 2429 4619; x_wconf 87' lang='lat' dir='ltr'><strong>alii</strong></span> <span class='ocrx_word' id='word_1_543' title='bbox 2486 4576 2561 4618; x_wconf 88' lang='lat' dir='ltr'><strong>ex</strong></span> <span class='ocrx_word' id='word_1_544' title='bbox 2606 4557 2739 4636; x_wconf 89' lang='lat' dir='ltr'><strong>ejus</strong></span> <span class='ocrx_word' id='word_1_545' title='bbox 2787 4557 3017 4619; x_wconf 88' lang='lat' dir='ltr'><strong>schola.</strong></span> <span class='ocrx_word' id='word_1_546' title='bbox 3113 4554 3255 4618; x_wconf 87' lang='lat' dir='ltr'><strong>Sint</strong></span> 
     </span>
    </p>
   </div>
   <div class='ocr_carea' id='block_1_8' title="bbox 1886 4650 2998 4681">
    <p class='ocr_par' dir='ltr' id='par_1_8' title="bbox 1886 4650 2998 4681">
     <span class='ocr_line' id='line_1_49' title="bbox 1886 4650 2998 4681; baseline 0 -2"><span class='ocrx_word' id='word_1_547' title='bbox 1886 4650 2998 4681; x_wconf 45' lang='grc' dir='ltr'><strong>τ--Ὗ--τ--τ--Ἲ--ῇ</strong></span> 
     </span>
    </p>
   </div>
   <div class='ocr_carea' id='block_1_9' title="bbox 546 4654 3253 4776">
    <p class='ocr_par' dir='ltr' id='par_1_9' title="bbox 546 4654 3253 4776">
     <span class='ocr_line' id='line_1_50' title="bbox 546 4654 3253 4776; baseline 0.001 -47"><span class='ocrx_word' id='word_1_548' title='bbox 546 4667 700 4729; x_wconf 91' lang='lat' dir='ltr'><strong>enim</strong></span> <span class='ocrx_word' id='word_1_549' title='bbox 781 4684 960 4729; x_wconf 85' lang='lat' dir='ltr'><strong>voces</strong></span> <span class='ocrx_word' id='word_1_550' title='bbox 1036 4666 1124 4743; x_wconf 85' lang='grc' dir='ltr'><strong>Α,</strong></span> <span class='ocrx_word' id='word_1_551' title='bbox 1197 4668 1289 4744; x_wconf 92' lang='grc' dir='ltr'><strong>Β,</strong></span> <span class='ocrx_word' id='word_1_552' title='bbox 1366 4667 1446 4743; x_wconf 85' lang='lat' dir='ltr'><strong>O,</strong></span> <span class='ocrx_word' id='word_1_553' title='bbox 1522 4670 1608 4744; x_wconf 92' lang='lat' dir='ltr'><strong>D,</strong></span> <span class='ocrx_word' id='word_1_554' title='bbox 1683 4670 1766 4747; x_wconf 88' lang='grc' dir='ltr'><strong>Ε,</strong></span> <span class='ocrx_word' id='word_1_555' title='bbox 1850 4663 1945 4761; x_wconf 76' lang='grc' dir='ltr'><strong>(Α</strong></span> <span class='ocrx_word' id='word_1_556' title='bbox 2104 4691 2156 4755; x_wconf 91' lang='lat' dir='ltr'><strong>B</strong></span> <span class='ocrx_word' id='word_1_557' title='bbox 2312 4689 2363 4757; x_wconf 79' lang='lat'><em>0</em></span> <span class='ocrx_word' id='word_1_558' title='bbox 2524 4690 2579 4755; x_wconf 81' lang='grc' dir='ltr'>Ε</span> <span class='ocrx_word' id='word_1_559' title='bbox 2740 4690 2799 4755; x_wconf 82' lang='lat' dir='ltr'>D</span> <span class='ocrx_word' id='word_1_560' title='bbox 3004 4654 3040 4753; x_wconf 89' lang='lat'>)</span> <span class='ocrx_word' id='word_1_561' title='bbox 3130 4669 3253 4776; x_wconf 73' lang='lat' dir='ltr'><strong>toni</strong></span> 
     </span>
    </p>
   </div>
  </div>
 </body>
</html>
