3634 5575
602 373 689 446 92
1794 377 2118 432 Pronum

598 542 658 604 in
706 541 1111 622 descriptione
1160 539 1355 602 latina
1401 539 1702 602 monuisse
1724 587 1739 614 ,
1808 557 1944 600 esse
2007 539 2152 601 mibi
2215 539 2276 602 in
2333 549 2574 620 promtu
2631 559 2910 605 numeros
2955 533 3336 614 minutiores,

603 632 709 694 sed
758 631 972 712 quibus
1020 629 1183 693 intra
1230 625 1362 692 200
1410 647 1597 690 annos
1646 628 1886 690 circiter
1931 623 2012 692 8·
2055 647 2222 706 error
2267 629 2678 692 committatur
2721 631 2782 693 in
2813 632 3009 694 reditu
3049 631 3120 704 Q.
3201 629 3334 694 Ge-

602 728 793 782 terum
844 719 1079 781 facilius
1126 727 1225 780 est
1270 717 1465 797 perito
1514 717 1729 778 artifici
1774 724 1904 780 tam
1949 717 2139 779 exiles
2197 719 2512 799 effingere,
2569 739 2748 800 quam
2803 720 2952 784 mihi
3003 721 3218 800 partiri
3273 721 3334 782 in

600 817 769 871 rotas
814 809 1041 888 plures.
1131 806 1377 869 Numeri
1426 805 1585 866 enim
1630 807 1789 869 inter
1834 826 1900 868 se
1945 807 2118 887 primi
2165 814 2346 870 sunt:
2399 816 2532 870 tota
2577 827 2717 870 vero
2767 809 2962 872 forma
3007 818 3072 872 et
3113 809 3334 889 dispo·

601 897 743 959 sitio
790 915 925 959 eum
974 898 1032 958 in
1078 895 1315 957 modum
1364 902 1674 973 suscepta,
1740 895 1839 974 qui
1899 914 2013 956 uon
2063 895 2264 975 possit
2309 913 2416 974 pro
2463 917 2582 958 una
2629 897 2782 959 duas
2829 908 3000 959 rotas
3047 896 3330 978 adipisci,

600 987 685 1048 uti
734 996 797 1046 te
836 987 966 1068 jam
1014 985 1353 1064 intelligere
1402 983 1601 1045 credo.

776 1077 844 1138 In
896 1074 1111 1135 eadem
1158 1073 1347 1135 latina
1394 1071 1796 1151 descriptione
1845 1090 2054 1134 secure
2100 1073 2484 1151 scrupulosus
2543 1073 2664 1134 fui:
2733 1091 2804 1135 eo
2853 1073 3011 1155 quod
3069 1073 3184 1136 tibi
3229 1093 3332 1136 me

599 1165 712 1226 soli
743 1164 1005 1226 scribere
1036 1179 1363 1224 censerem.
1426 1161 1764 1241 Propterea
1804 1161 1989 1222 etiam
2037 1159 2224 1223 latine
2271 1161 2503 1240 scripsi,
2555 1171 2620 1223 et
2667 1162 2724 1224 in
2771 1163 3118 1242 germanico
3167 1163 3332 1235 cavi,

600 1273 673 1315 ne
722 1253 911 1316 latina
958 1251 1282 1332 descriptio
1330 1251 1389 1311 in
1436 1249 1667 1312 alienas
1715 1269 1928 1312 manus
1977 1244 2279 1312 deveniat.
2359 1249 2462 1312 Sic
2509 1251 2664 1312 enim
2713 1251 3078 1325 existimavi,
3125 1251 3328 1313 nemi-

599 1361 731 1404 nem
778 1361 853 1403 ex
901 1339 1263 1402 consiliariis
1312 1339 1473 1410 fore,
1536 1335 1797 1420 qui'noii
1849 1347 2018 1401 tuum
2065 1339 2253 1400 solius
2303 1338 2610 1401 consilium
2659 1340 2901 1418 expeti,
2969 1357 3147 1420 quam
3195 1339 3332 1420 ipse

598 1430 1060 1512 prolixissimum
1092 1428 1383 1508 scriptum
1420 1428 1665 1507 ignotae
1696 1429 2010 1503 materiae,
2061 1447 2272 1489 manus
2319 1427 2826 1504 intricatissimae,
2876 1430 3078 1510 legere
3125 1430 3328 1492 malit.

596 1521 809 1598 Itaque
858 1518 1050 1581 adhuc
1099 1535 1211 1598 ego
1260 1519 1335 1578 de
1382 1515 1660 1580 sollicitis
1700 1516 1836 1578 istis
1875 1515 2250 1579 cautionibus
2293 1536 2537 1578 securus
2575 1537 2726 1580 sum.
2805 1515 2983 1590 Quod
3031 1518 3084 1581 si
3131 1518 3328 1580 etiam

598 1608 821 1688 legant,
872 1607 1163 1668 videbunt
1208 1625 1303 1668 me
1350 1613 1621 1685 apertum
1670 1625 1805 1667 esse
1855 1615 1918 1668 et
1964 1606 2343 1685 diligentem,
2393 1606 2492 1686 qui
2541 1606 2740 1668 omnia
2785 1608 3150 1686 expendam,
3204 1627 3326 1670 nec

599 1705 896 1768 metuent,
944 1702 1012 1756 ut
1058 1713 1153 1756 me
1200 1694 1339 1776 quid
1390 1694 1574 1755 latere
1624 1695 1845 1772 possit,
1897 1695 2054 1774 quod
2101 1695 2178 1755 ad
2228 1694 2314 1756 rei
2363 1712 2653 1756 summam
2701 1703 2958 1774 spectet.

778 1782 956 1854 Quod
1002 1784 1080 1844 ad
1128 1801 1221 1844 me
1270 1783 1366 1846 hic
1416 1782 1840 1862 increpandum
1887 1791 1992 1844 tuo
2039 1783 2312 1862 exemplo
2361 1782 2578 1857 merie,
2637 1783 2826 1858 scito,
2875 1783 3032 1846 idem
3079 1785 3160 1846 ad
3207 1801 3330 1845 un-

598 1891 773 1954 guem
821 1873 963 1935 mihi
1012 1871 1107 1934 hic
1155 1872 1467 1933 accidisse.
1534 1870 1761 1934 Rector
1790 1881 1998 1934 noster
2023 1871 2181 1933 male
2210 1871 2353 1934 mihi
2392 1871 2692 1952 cupiebat,
2745 1872 2879 1952 ejus
2925 1891 3040 1954 ego
3089 1873 3330 1936 calum-

600 1963 731 2023 nias
779 1962 853 2023 de
902 1961 1171 2022 novitate
1219 1959 1431 2021 odiosa
1476 1960 1832 2022 metuebam.
1921 1961 2116 2040 Igitur
2161 1961 2474 2024 consilium
2521 1960 2654 2040 cepi
2709 1961 3074 2024 extenuaudi
3121 1980 3332 2024 coram

601 2052 701 2113 illo
749 2049 867 2114 mei
913 2049 1162 2122 inventi,
1211 2056 1277 2111 ut
1302 2048 1462 2130 'quod
1508 2067 1625 2110 nou
1676 2068 1896 2111 novum
1941 2049 2050 2112 sed
2081 2050 2412 2130 antiquitus
2460 2055 2666 2110 notum
2715 2051 2915 2113 fuerit.
3000 2050 3220 2112 Incidit
3261 2051 3330 2111 iu

599 2139 864 2222 Scyllam
923 2139 1169 2217 cupiens
1236 2137 1431 2199 vitare
1482 2134 1850 2219 Charybdin.
1941 2139 2102 2202 Nam
2165 2137 2420 2219 arripuit
2463 2136 2613 2199 illud
2660 2137 2733 2199 de
2783 2138 3146 2220 antiquitate
3191 2158 3332 2200 ma-

587 2229 902 2310 joremque
950 2246 1027 2288 ex
1074 2247 1147 2288 ea
1194 2226 1549 2289 calumniam
1608 2225 1667 2288 in
1724 2245 1817 2287 me
1883 2227 2217 2299 derivavit,
2285 2245 2463 2307 quam
2529 2245 2606 2288 ex
2661 2227 2900 2289 curiosa
2957 2235 3022 2290 et
3067 2227 3334 2308 superba

599 2317 871 2378 novitate
919 2317 1219 2396 potuisset
1266 2333 1565 2396 unquam:
1614 2323 1679 2376 et
1724 2323 1928 2376 tamen
1975 2333 2112 2377 mea
2155 2315 2348 2378 vitula
2395 2314 2627 2378 arabat.

738 2493 1033 2542 Maestlinus
1059 2493 1107 2543 d.
1138 2490 1220 2540 22.
1247 2493 1364 2542 Jan.
1398 2488 1531 2542 1599
1568 2491 1697 2542 haec
1732 2493 2011 2556 respondit:
2055 2489 2336 2542 Mirabilem
2366 2492 2508 2542 video
2545 2493 2758 2556 priorum
2791 2491 3047 2543 literarum
3103 2506 3330 2544 mearum

596 2565 845 2615 fortunam
864 2566 915 2614 in
938 2565 1130 2616 itinere.
1152 2562 1561 2628 quemadmodum
1578 2563 1866 2613 tabellarius
1875 2563 1906 2613 J
1910 2563 2094 2614 acobus
2117 2564 2443 2626 superioribus
2460 2563 2710 2614 mensibus
2727 2564 2847 2614 mihi
2871 2577 3064 2628 quoque
3083 2566 3328 2628 exposuit.

592 2636 780 2686 Verum
816 2651 895 2685 res
932 2636 1058 2686 bene
1104 2635 1289 2692 habet,
1339 2635 1579 2698 siquidem
1616 2635 1694 2684 vel
1731 2636 1936 2685 tandem
1972 2635 2187 2684 traditae
2231 2634 2444 2684 fuerunt.
2519 2633 2696 2684 Mense
2735 2633 2936 2686 Octobri
2970 2635 3134 2684 nullas
3171 2635 3237 2685 ad
3275 2644 3330 2686 te

598 2707 770 2771 scripsi
804 2707 992 2757 literas.
1025 2742 1038 2755 .
1066 2741 1079 2754 .
1110 2742 1121 2754 .
1161 2705 1357 2756 Literas
1393 2715 1506 2756 tuas
1545 2707 1838 2769 superiores,
1876 2721 1999 2771 quas
2037 2705 2097 2755 de
2134 2706 2382 2770 horologio
2423 2705 2488 2755 ad
2524 2721 2644 2770 opus
2675 2707 3058 2756 astronomicum
3095 2705 3330 2756 addendo

595 2793 699 2828 una
735 2793 849 2827 eum
886 2777 1053 2829 rotulis
1092 2777 1268 2827 dedisti
1307 2777 1373 2827 ad
1406 2793 1487 2827 me
1526 2777 1791 2827 admodum
1825 2777 2069 2842 prolixas,
2109 2777 2270 2827 adhuc
2307 2792 2501 2828 mecum
2538 2777 2745 2828 retineo.
2819 2776 2972 2827 Ratio
3009 2783 3104 2835 est,
3139 2777 3328 2828 Kretz-

597 2864 829 2913 mayerus
866 2851 1134 2913 praeterito
1170 2862 1341 2899 mense
1378 2848 1513 2914 apud
1556 2864 1649 2899 nos
1693 2850 1815 2907 fuit,
1873 2851 1952 2899 cui
2005 2848 2176 2899 literas
2211 2850 2510 2906 monstravi,
2564 2862 2832 2913 earumque
2881 2855 3122 2899 contenta
3157 2864 3332 2900 coram

597 2921 659 2970 D.
705 2921 769 2970 D.
812 2919 1157 2971 Hareni-effero
1195 2922 1410 2983 exposui.
1486 2918 1585 2970 Sed
1622 2919 1761 2970 video
1779 2956 1793 2977 ,
1850 2920 2098 2970 hominem
2151 2920 2213 2971 ab
2263 2920 2357 2970 hoc
2403 2921 2604 2985 negotio
2651 2918 2800 2983 plane
2837 2919 3114 2970 ablron-ere.
3191 2918 3326 2971 Con·

596 2992 853 3041 suluerunt.
889 3007 1006 3056 ergo
1044 3005 1231 3049 omnes,
1268 2992 1594 3041 mutationem
1626 2991 1815 3041 nullam
1841 3006 1950 3042 esse
1977 2990 2355 3055 suscipiendam.
2415 2990 2632 3055 Cumque
2665 3006 2762 3047 me.
2801 3006 2864 3041 ne
2899 2992 3130 3055 princeps
3167 2990 3327 3041 offen-

596 3062 810 3119 deretur,
847 3070 1067 3112 metuere
1107 3063 1333 3123 dicerem,
1372 3061 1455 3112 ille
1492 3062 1759 3125 respondit,
1798 3062 1920 3112 nihil
1943 3063 2010 3111 ibi
2037 3064 2238 3112 subesse
2262 3062 2497 3126 periculi3
2535 3062 2627 3113 sibi
2665 3064 2796 3112 enim
2833 3062 3062 3126 principis
3101 3063 3325 3112 animum

595 3134 666 3183 sic
705 3134 955 3199 cognitum
994 3148 1104 3183 esse
1120 3169 1134 3191 ,
1185 3134 1279 3183 nisi
1318 3148 1483 3183 coram
1520 3133 1673 3183 oculis
1708 3133 1878 3183 videat
1894 3169 1908 3189 ,
1963 3140 2052 3184 aut
2091 3134 2228 3183 hisce
2273 3134 2465 3197 scriptis
2514 3138 2776 3183 moneatur
2792 3169 2806 3192 ,
2859 3133 3015 3197 ipsius
3055 3132 3181 3183 Cels.
3219 3148 3328 3183 nou

592 3204 799 3254 ulterius
836 3204 896 3255 de
934 3220 992 3255 eo
1030 3206 1293 3268 quicquam
1336 3219 1447 3255 esse
1489 3212 1747 3255 motui-am.
1823 3205 2050 3269 Inprimis
2093 3219 2208 3255 vero
2222 3239 2236 3262 ,
2289 3204 2418 3268 quod
2459 3203 2578 3253 mihi
2623 3218 2816 3269 quoque
2861 3204 3142 3260 videbatur.
3193 3204 3330 3255 sieut

596 3276 925 3340 superioribus
960 3276 1116 3325 literis
1152 3277 1339 3340 scripsi,
1376 3278 1642 3325 immanem
1684 3277 2046 3327 denticulorum
2087 3290 2344 3327 numerum
2379 3276 2578 3327 dicebat
2613 3288 2926 3341 nequaquam
2961 3276 3327 3341 repraesentari

594 3362 754 3411 posse.
828 3347 1111 3397 Parendum
1149 3362 1265 3413 ergo
1306 3348 1400 3397 fuit
1436 3362 1604 3396 eorum
1642 3347 1864 3404 consilio.
1904 3354 1956 3397 et
1989 3348 2048 3404 si,
2087 3347 2218 3411 quod
2253 3362 2330 3397 res
2369 3354 2461 3405 est,
2500 3345 2662 3396 denuo
2699 3348 2864 3397 dicere
2901 3346 3064 3404 velim,
3101 3349 3236 3397 suasi
3273 3346 3326 3395 id

556 3464 565 3473 ,
594 3420 738 3467 initio
790 3418 944 3475 ultro,
995 3418 1221 3483 idemque
1259 3419 1421 3468 adhuc
1459 3418 1691 3468 facerem.
1767 3418 1869 3469 Sed
1903 3419 2048 3467 nimis
2083 3419 2352 3482 pretiosum
2390 3432 2510 3481 opus
2559 3425 2665 3476 est;
2717 3425 2873 3468 antea
2921 3424 3092 3469 autem
3125 3419 3322 3469 dissua-

598 3489 715 3539 dere
752 3489 873 3539 illud
908 3488 1044 3539 haud
1078 3491 1233 3553 potui.
1271 3491 1389 3554 quia
1423 3490 1687 3554 putabant,
1726 3504 1793 3540 ea
1825 3490 2058 3541 universa
2093 3504 2126 3539 a
2161 3496 2214 3539 te
2243 3491 2350 3552 jam
2375 3496 2496 3540 aute
2521 3491 2704 3554 optime
2727 3490 2894 3549 fuine,
2935 3490 3174 3553 quomodo
3207 3504 3320 3555 per-

594 3560 673 3611 fici
712 3568 929 3625 possent,
966 3561 1347 3625 praemeditata.

738 3632 1011 3683 Excusatio
1048 3639 1138 3681 tua
1174 3634 1235 3681 de
1270 3634 1419 3697 priori
1454 3633 1635 3697 scripto
1672 3638 1759 3683 tuo
1797 3632 1864 3682 ad
1899 3646 1980 3681 me
2018 3631 2135 3682 dato
2173 3638 2225 3681 et
2255 3632 2327 3683 sic
2363 3632 2603 3683 adornato
2643 3630 2776 3694 apud
2798 3646 2880 3681 me
2904 3631 3136 3683 facillime
3159 3633 3324 3684 locum

593 3702 771 3760 habet,
822 3719 989 3753 verum
1028 3704 1350 3753 metuendum-
1388 3710 1542 3761 esset,
1594 3711 1653 3753 ut
1690 3704 1822 3767 apud
1860 3703 2006 3762 alios,
2056 3704 2229 3768 quibus
2265 3704 2362 3753 hae
2398 3710 2518 3753 tuae
2556 3704 2774 3753 rationes
2809 3704 3013 3767 ignotae
3050 3709 3167 3753 sunt
3203 3701 3323 3767 (nec

595 3776 726 3824 enim
763 3776 986 3823 omnibus
1028 3788 1115 3824 eas
1154 3788 1397 3839 exponere
1436 3772 1677 3838 possem),
1717 3788 1795 3824 res
1835 3774 1979 3824 aliter
2015 3776 2337 3838 acciperetur.
2415 3774 2516 3825 Sed
2547 3788 2628 3823 res
2664 3774 2792 3824 bene
2827 3774 3012 3831 habet,
3049 3776 3168 3839 quia
3199 3771 3322 3828 illud

594 3846 826 3909 scriptum
877 3852 1074 3910 propter
1122 3858 1326 3897 causam
1376 3845 1561 3895 dictam
1606 3847 1658 3894 in
1706 3846 1910 3895 aliorum
1961 3858 2138 3894 manus
2185 3859 2285 3895 non
2330 3846 2482 3895 venit.
2555 3844 2744 3905 Quodsi
2781 3844 2856 3895 vel
2891 3846 3120 3909 princeps
3157 3860 3322 3897 rursus

592 3919 861 3975 monuerit,
898 3914 985 3967 vel'
1010 3917 1101 3967 tibi
1134 3931 1213 3967 res
1251 3917 1396 3968 aliter
1430 3917 1683 3979 videatur,
1718 3923 1799 3967 sat
1843 3918 2080 3981 temporis
2117 3918 2212 3966 erit
2248 3917 2310 3968 de
2345 3917 2546 3983 negotio
2581 3916 2715 3967 ultra
2749 3916 3020 3983 cogitandi.
3057 3941 3130 3954 —

736 4075 816 4126 Ad
851 4075 975 4127 haec
1013 4076 1367 4140 Keplerus:

774 4183 869 4244 De
900 4181 1347 4263 Stuggardiano
1396 4186 1641 4265 negotio
1688 4183 1808 4245 tuis
1847 4186 2166 4264 acquiesco
2203 4182 2492 4255 consiliis.
2571 4180 2776 4244 Velim
2820 4190 3046 4258 tamen,
3097 4201 3320 4263 argen-

594 4279 738 4345 tum,
792 4272 951 4350 quod
986 4272 1115 4352 jam
1162 4272 1493 4352 impensum
1540 4283 1655 4349 est,
1706 4274 2045 4346 asservari,
2095 4291 2212 4335 non
2257 4272 2422 4335 inter
2466 4270 2740 4354 privatos
2788 4270 3075 4348 distrahi,
3123 4280 3220 4345 ut,
3269 4272 3323 4335 si

596 4362 835 4441 quando
864 4379 1033 4440 opus,
1084 4361 1259 4441 quale
1306 4362 1418 4425 tibi
1466 4361 1780 4440 descripsi,
1831 4362 1985 4423 meis
2030 4362 2127 4424 vel
2175 4362 2432 4442 alicujus
2469 4358 2700 4443 opificis
2737 4360 3034 4423 sumtibus
3079 4361 3321 4441 perfec-

594 4456 725 4511 tum
770 4457 837 4511 et
882 4450 1221 4513 absolutum
1268 4451 1523 4531 principi
1566 4470 1675 4531 pro
1722 4468 1895 4513 meae
1943 4451 2142 4513 famae
2194 4450 2540 4513 defensione
2583 4449 2878 4525 obtulero,
2929 4448 3200 4513 rationes
3243 4450 3322 4513 de

516 4574 525 4579 -
598 4544 851 4616 argento
898 4538 984 4601 illi
1033 4538 1153 4601 sint
1198 4538 1539 4617 expeditae.
1635 4537 1869 4609 Quodsi
1927 4540 2308 4603 metuendum
2363 4539 2477 4601 tibi
2531 4558 2648 4601 non
2705 4546 2838 4611 est,
2905 4545 2974 4600 ut
3027 4538 3190 4601 ultra
3245 4558 3322 4601 ex

597 4627 739 4687 aula
784 4626 1217 4707 interpelleris‚
1256 4622 1511 4693 remitte,
1554 4628 1701 4691 mihi
1746 4628 2214 4707 descriptionem
2261 4628 2514 4691 latinam
2559 4627 2814 4702 saltem,
2878 4635 3198 4690 reservata
3241 4628 3320 4689 ad

598 4732 834 4779 omnem
881 4723 1157 4777 eventum
1204 4716 1580 4796 germanica,
1631 4715 1773 4798 quia
1818 4719 2128 4799 exemplar
2171 4737 2288 4781 non
2337 4717 2552 4779 habeo.

2149 4804 2216 4868 (E
2251 4807 2406 4857 literis
2444 4805 2490 4854 d.
2529 4804 2579 4857 d.
2619 4801 2703 4853 26.
2741 4804 2882 4854 Febr.
2927 4799 3108 4866 1599.)
