3634 5575
1562 367 1725 434 Caput
1760 367 1801 418 1.
1960 450 1971 459 ι
2913 365 3040 436 119

336 523 439 580 hoc
466 531 554 580 est
602 527 673 580 ad
698 525 1005 600 longiorem
1052 544 1241 584 earum
1287 529 1665 585 deductionem
1712 530 1784 585 ab
1811 529 2026 584 usitata
2057 529 2173 592 via,
2214 515 2492 601 spectent,
2542 547 2705 602 quam
2753 533 2820 586 ad
2849 550 3048 588 novam

338 604 577 678 aliquam
605 607 1110 663 conformationem.
1156 609 1287 682 quia
1315 617 1378 664 ut
1404 610 1460 664 in
1490 610 1907 666 Commentariis
1935 609 2134 664 Martis
2162 609 2364 666 alicubi
2392 610 2539 664 dixi:
2592 612 2680 666 Co
2698 629 2734 681 p
2753 630 2783 664 e
2801 612 3001 667 rnicu
3018 631 3044 666 s

338 702 620 744 suarum
666 687 816 758 ipse
862 687 1273 744 divitiarum
1318 689 1463 746 fuit
1501 691 1811 762 ignarus.

494 759 556 835 e)
599 765 893 823 Potissima
936 767 1101 840 hujus
1148 787 1352 840 operae
1398 771 1587 834 moles,
1648 772 1787 842 quod
1837 769 2204 825 astronomica.
2249 767 2468 832 attinet,
2539 769 2592 824 in
2640 771 3042 828 Commentario.

338 845 534 902 Martis
562 845 839 911 incubuit;
889 848 944 902 in
969 848 1214 920 physicis
1243 868 1375 904 vero
1406 867 1504 904 seu
1532 850 1928 920 metaphysicis
1969 850 2309 922 argumentis
2340 850 2693 922 corrogandis
2725 851 2896 906 fiisior
2925 869 3044 906 sum

338 926 393 980 in
418 923 703 998 Epitomes
730 931 885 986 Astr.
913 929 1057 984 liber
1082 929 1209 994 IV..
1259 931 1349 1001 qui
1384 929 1525 985 liber
1565 930 1743 1001 ipsum
1784 941 1851 976 το
1891 921 2062 996 ἔργον
2103 929 2363 994 continet,
2414 931 2556 1001 quod
2603 931 2708 985 hoc
2753 932 2875 986 loco
2926 949 3045 988 sum

336 1005 634 1076 pollicitus.
718 1005 855 1062 Vide
902 1015 1097 1064 totum.-
1276 1057 1285 1072 ,

496 1081 547 1154 f)
594 1088 741 1142 Idem
768 1093 954 1144 tamen
980 1106 1067 1144 me
1094 1091 1241 1145 ultro
1272 1089 1552 1144 admonuit
1594 1099 1811 1160 postea,
1864 1109 1975 1146 non
2003 1108 2128 1146 esse
2155 1091 2524 1148 necessariam
2567 1091 2711 1146 hanc
2761 1092 3042 1148 collectio·

337 1183 475 1221 nem.
556 1167 699 1222 Nam
735 1186 855 1223 cum
883 1175 1095 1225 cometa
1122 1177 1323 1224 motum
1352 1189 1461 1224 non
1488 1169 1545 1224 in
1572 1172 1773 1226 multos
1802 1171 1918 1225 dies
1955 1171 2268 1236 continuet,
2309 1177 2368 1226 et
2396 1189 2516 1226 cum
2541 1172 2848 1226 habeamus
2877 1172 3042 1228 liber·

336 1251 511 1302 tatem
537 1247 849 1304 intendendi
893 1250 1271 1306 remittendive
1318 1250 1439 1319 ejus
1468 1255 1673 1305 motum
1717 1251 1773 1306 in
1819 1251 2118 1323 hypothesi
2158 1258 2452 1322 suscepta,
2501 1251 2594 1306 ubi
2625 1251 3042 1308 observationes

338 1323 502 1399 (quae
546 1327 866 1401 plerumque
913 1347 1133 1386 crassae
1162 1323 1319 1398 sunt)
1365 1329 1417 1384 id
1445 1329 1727 1401 requirere
1769 1332 2038 1398 videntur,
2087 1331 2214 1386 hinc
2261 1333 2397 1386 adeo
2438 1331 2531 1396 fit,
2580 1339 2645 1385 ut
2691 1332 2941 1388 diversae
2989 1333 3046 1389 in

335 1405 763 1480 particularibus
792 1411 1149 1481 hypotheses,
1180 1412 1399 1465 easdem
1428 1417 1676 1466 cometae
1706 1411 2120 1467 observationes
2161 1416 2604 1482 repraesentent.
2688 1411 2764 1467 Et
2791 1413 3042 1468 Braheus

334 1487 477 1543 libro
524 1489 591 1542 de
620 1487 858 1545 cometis
906 1489 1003 1548 fol.
1049 1489 1181 1546 282.
1216 1489 1323 1554 (De
1370 1491 1553 1545 mundi
1595 1492 1844 1546 aetherei
1891 1491 2286 1546 recentioribus
2332 1491 2747 1562 Phaenomenis.
2803 1491 2941 1546 Pars
2971 1493 3040 1550 IL

338 1569 474 1640 Gap.
502 1562 607 1636 X.)
634 1569 917 1624 Maestlini
944 1571 1281 1646 hypothesin
1308 1589 1371 1623 e.
1385 1571 1608 1634 aminat,
1653 1589 1774 1627 cum
1802 1589 1908 1627 sua
1934 1579 2218 1664 comparat
2241 1571 2658 1644 redarguitque.
2740 1571 2866 1643 Ipse
2909 1589 3042 1627 vero

336 1647 434 1703 fol.
468 1641 584 1702 206
632 1639 731 1716 (ib.
763 1666 885 1721 cap.
916 1645 1093 1716 vm.)
1122 1649 1460 1721 hypothesin
1511 1652 1681 1707 talem
1724 1652 2001 1723 proponit,
2051 1652 2108 1705 in
2135 1668 2245 1725 qua
2285 1657 2463 1706 motus
2493 1657 2742 1706 cometae
2788 1652 3042 1722 proprius

337 1727 620 1783 circularis
666 1727 822 1785 initio
868 1732 1075 1796 tardus,
1124 1747 1253 1786 mox
1281 1730 1547 1796 intensus,
1590 1731 1647 1785 in
1673 1733 1779 1786 fine
1805 1749 2021 1788 rursum
2050 1734 2241 1787 tardus
2285 1731 2598 1786 exhibetur.
2683 1731 2876 1804 Itaque
2911 1734 3043 1786 cedo

336 1809 441 1864 hoc
465 1825 675 1880 genere
703 1810 1034 1882 argumenti,
1082 1810 1162 1865 sic
1188 1811 1401 1882 quidem
1446 1811 1742 1876 informati,
1796 1819 1860 1867 ut
1887 1830 1964 1866 ex
1991 1830 2058 1867 eo
2087 1813 2228 1884 quod
2266 1819 2570 1882 potuerunt
2597 1812 2834 1866 artifices
2880 1830 3043 1882 prae·

336 1895 505 1954 stare,
555 1891 705 1944 nuda
748 1890 1075 1946 credulitate
1120 1897 1180 1946 ct
1220 1891 1476 1962 generali
1522 1890 1624 1947 illa
1668 1892 2006 1962 conjectura,
2056 1893 2200 1964 quod
2244 1909 2433 1948 verum
2473 1909 2605 1946 vero
2651 1899 2930 1956 consonet,
2977 1894 3044 1947 de

338 1969 579 2024 veritate
607 1969 1044 2042 suppositionum
1072 1971 1199 2045 quid
1227 1977 1628 2041 praesumatur.
1712 1976 1791 2026 At
1817 1971 2055 2028 vicissim
2095 1972 2211 2028 alia
2237 1973 2332 2026 via
2358 1974 2586 2028 eandem
2625 1989 2805 2034 arcem
2830 1989 3046 2028 rursum

338 2067 561 2120 occupo.
643 2049 701 2106 Si
746 2050 889 2106 enim
932 2056 1113 2106 motus
1157 2050 1391 2110 Telluris
1441 2053 1510 2106 ad
1562 2053 1669 2108 hoc
1715 2053 1868 2108 utilis
1914 2058 2020 2117 est,
2067 2060 2133 2107 ut
2178 2057 2510 2108 cometarum
2549 2059 2726 2106 motus
2772 2053 3044 2129 rectilinei

338 2147 633 2200 corumque
661 2137 936 2214 perpetua
960 2133 1050 2186 vel
1080 2129 1452 2201 aequabilitas
1480 2133 1571 2186 vel
1600 2132 1982 2205 augmentatio
2010 2139 2110 2188 aut
2135 2132 2415 2187 contraria
2455 2131 2735 2187 diminutio
2771 2139 3048 2204 perpetua

338 2195 707 2265 satisfaciant
733 2211 1059 2276 observatis,
1107 2218 1239 2266 tunc
1282 2227 1435 2276 sane,
1485 2219 1749 2287 quantum
1796 2221 1886 2268 est
1929 2212 2414 2268 verisimilitudinis
2460 2213 2516 2268 in
2562 2218 2712 2267 motu
2757 2213 3042 2266 rectilineo

334 2289 617 2362 aequabili
664 2307 950 2362 corporum
977 2291 1404 2356 vanescentium,
1452 2298 1669 2346 tantum
1708 2293 1834 2347 fidei
1862 2293 2090 2348 accedet
2130 2293 2302 2348 motui
2324 2293 2579 2358 Telluris,
2618 2293 2948 2364 praesertim
2995 2293 3042 2346 si

338 2371 514 2425 flexus
543 2369 800 2444 itinerum
828 2371 1213 2442 apparentium
1258 2371 1598 2442 irregulares
1628 2374 1914 2428 occasione
1961 2380 2140 2429 motus
2169 2372 2406 2428 Telluris
2449 2373 2768 2444 provenisse
2807 2379 3040 2438 constet,

340 2449 704 2523 aliarumque,
754 2467 896 2521 quae
933 2451 989 2506 in
1024 2451 1247 2507 cometis
1277 2457 1569 2523 apparent,
1620 2453 1764 2508 ratio
1793 2455 2072 2508 reddatur.
2153 2453 2325 2508 Verbi
2354 2470 2526 2507 causa
2553 2453 2648 2506 ille
2676 2453 2796 2522 ipse
2826 2459 3043 2506 cometa

341 2529 470 2587 anni
504 2530 653 2586 1577
700 2538 853 2585 ortus
884 2549 955 2584 ex
982 2531 1190 2586 ultimis
1236 2531 1491 2603 partibus
1538 2533 1824 2604 sagittarii
1869 2533 2163 2589 maximum
2203 2532 2283 2587 ibi
2328 2539 2533 2588 motum
2561 2533 2823 2597 diurnum,
2873 2539 3044 2604 caput

342 2613 418 2675 7’,
449 2614 679 2666 caudam
710 2605 817 2665 22⁰
845 2611 1071 2683 longam
1099 2611 1379 2674 exhibuit;
1425 2613 1569 2667 haec
1596 2613 1779 2668 omnia
1806 2612 2032 2669 fuerunt
2057 2613 2324 2668 diminuta
2349 2630 2540 2666 versus
2586 2614 2762 2677 finem,
2815 2614 2953 2667 adeo
2980 2619 3047 2666 ut

340 2693 395 2747 in
423 2691 584 2764 signo
609 2689 854 2762 piscium,
903 2694 1045 2763 quod
1074 2694 1381 2764 quadrante
1408 2692 1582 2747 distat
1627 2710 1663 2748 a
1690 2693 2006 2766 sagittario,
2055 2691 2350 2748 stationem
2393 2699 2718 2764 peracturus
2750 2693 3042 2756 videretur,

338 2759 443 2828 nisi
486 2771 820 2828 evanuisset.
906 2771 1202 2837 Quaeritur
1248 2790 1390 2844 quae
1437 2790 1624 2838 causa,
1673 2792 1770 2829 cur
1814 2780 2062 2831 cometae
2105 2773 2252 2829 circa
2292 2774 2618 2845 quadratum
2647 2771 2767 2843 ejus
2813 2773 2936 2837 loci,
2985 2773 3042 2829 in

338 2870 445 2925 quo
488 2850 712 2909 maximi
754 2861 1136 2925 apparuerunt
1180 2858 1239 2908 et
1283 2852 1627 2919 velocissimi,
1677 2855 2121 2926 appropinquent
2165 2854 2407 2919 stationi,
2469 2872 2564 2909 cur
2611 2853 2836 2909 stationi
2881 2854 3044 2909 vicini

334 2932 433 2989 alii
461 2933 809 2989 occultentur
836 2936 939 2989 sub
966 2934 1164 2999 Solem,
1212 2940 1276 2988 ut
1301 2934 1439 2987 iste·
1426 2974 1439 2997 ,
1488 2933 1585 2989 alii
1613 2936 1781 2990 etiam
1826 2936 1883 2989 in
1913 2934 2168 3006 opposito
2196 2934 2341 2989 Solis
2386 2934 2656 3005 paulatim
2684 2940 3037 2999 evanescant,

334 3020 399 3069 nt
422 3014 523 3069 ille
564 3008 694 3069 anni
726 3014 905 3080 1618,
954 3012 1334 3071 faciunt'enim
1378 3012 1491 3068 ista
1534 3015 1804 3086 plerique.
1891 3016 2047 3079 Quod
2088 3015 2134 3069 si
2180 3014 2411 3085 potiaris
2453 3014 2718 3070 libertate
2746 3013 3041 3070 circularis

335 3101 513 3150 motus
542 3100 788 3147 cometae
820 3093 1109 3159 tribuendi,
1159 3110 1381 3153 causam
1407 3111 1509 3165 per
1536 3112 1722 3149 omnes
1752 3101 2002 3150 cometas
2033 3097 2263 3150 eandem
2290 3095 2470 3149 dicere
2517 3112 2624 3149 non
2651 3094 2882 3166 poteris.
2965 3097 3043 3148 At

335 3174 382 3231 si
424 3180 481 3229 te
525 3174 704 3244 ipsum
730 3176 956 3249 redigas
1000 3174 1070 3228 ad
1112 3172 1403 3245 angustias
1452 3174 1798 3245 traiectionis
1845 3172 2186 3239 rectilineae,
2235 3174 2424 3229 statim
2471 3180 2712 3245 apparet
2739 3174 3041 3229 necessitas

332 3251 716 3329 phaenomeni.
800 3254 997 3326 Itaque
1037 3254 1263 3325 planum
1308 3254 1685 3323 traiectorium
1716 3262 1962 3310 cometae
2003 3256 2133 3309 anni
2167 3254 2318 3310 1577
2348 3272 2456 3325 ego
2486 3254 2821 3311 ordinassem
2868 3253 2925 3307 in
2972 3270 3044 3308 ea

321 3335 500 3399 linea,
547 3352 649 3404 per
676 3346 839 3405 quam
866 3334 1056 3407 paucis
1085 3341 1215 3405 post
1241 3334 1647 3404 disparitionem
1686 3336 1878 3389 diebus
1906 3336 2167 3390 videndus
2215 3336 2412 3389 fuisset
2460 3352 2628 3389 causa
2663 3334 3040 3407 longitudinis,

336 3416 383 3471 si
428 3414 815 3487 superfuisset,
874 3414 1253 3485 trajectionem
1300 3415 1477 3485 ipsam
1521 3415 1752 3485 primum
1796 3416 2071 3480 velocem,
2136 3415 2191 3469 in
2233 3416 2530 3469 subeuntes
2577 3415 2692 3469 dies
2740 3414 3040 3469 tardiorem

336 3496 603 3559 fecissem,
650 3492 811 3567 idque
838 3512 940 3566 pro
963 3494 1179 3550 ratione
1220 3494 1646 3565 propinquitatis
1688 3494 1932 3567 partium
1977 3494 2332 3565 trajectoriae
2362 3496 2544 3549 lineae
2574 3496 2643 3549 ad
2671 3494 2870 3559 Solem,
2912 3494 3042 3567 quia

336 3582 550 3631 cometa
574 3574 668 3631 via
693 3574 918 3648 obliqua
962 3575 1220 3647 fugiebat
1263 3590 1299 3629 a
1325 3574 1472 3638 Sole,
1516 3574 1811 3648 Tellusque
1853 3574 2013 3628 simul
2052 3591 2089 3629 a
2115 3581 2346 3630 cometa.
2431 3576 2552 3638 Qua
2595 3576 2810 3629 ratione
2839 3574 3038 3629 efficie-

334 3658 517 3721 batur,
559 3662 626 3709 nt
667 3662 879 3710 cometa
923 3654 1079 3711 initio
1127 3654 1339 3728 quidem
1367 3652 1638 3710 dimidiam
1665 3654 1808 3709 Solis
1854 3652 2200 3710 altitudinem
2240 3655 2500 3719 haberet,
2550 3673 2624 3709 ex
2653 3672 2718 3707 eo
2767 3655 3036 3724 sphaeras

333 3737 582 3800 Veneris,
630 3734 885 3801 Telluris,
930 3734 1130 3790 Martis
1156 3734 1457 3805 trajiceret,
1506 3742 1567 3789 et
1610 3736 1667 3789 in
1694 3736 1801 3789 fine
1828 3736 1956 3805 plus
1991 3752 2154 3806 quam
2200 3736 2367 3805 triplo
2406 3734 2572 3789 altior
2600 3734 2729 3788 Sole
2759 3736 3038 3789 evaderet.

334 3818 457 3873 Non
496 3816 688 3871 mirum
732 3815 922 3888 igitur,
972 3816 1113 3887 quod
1141 3815 1451 3886 parallaxis
1497 3815 1553 3868 in
1595 3834 1661 3869 eo
1707 3814 1868 3870 nulla
1910 3814 2244 3886 deprehendi
2289 3816 2489 3887 potuit.
2572 3815 2679 3869 Sed
2725 3817 2792 3868 de
2840 3814 2949 3868 hac
2974 3831 3035 3868 re

332 3898 459 3970 plus
508 3897 677 3951 satis:
722 3895 828 3950 hoc
868 3898 989 3951 loco
1035 3896 1200 3967 plura
1239 3895 1286 3949 si
1330 3894 1477 3966 petit
1516 3896 1707 3961 lector,
1756 3896 1925 3949 adeat
1970 3913 2145 3951 meum
2183 3897 2250 3949 de
2281 3894 2516 3951 Cernetis
2564 3895 2829 3959 libellum,
2879 3910 3035 3965 quem

334 3976 583 4033 nundinis
626 3976 1035 4032 autumnalibus
1077 3974 1205 4030 anni
1254 3974 1401 4030 1619
1444 3974 1614 4030 emisi.
1650 3968 1727 4044 ⁸⁸)

492 4052 561 4131 g)
608 4054 901 4112 Scribendo
949 4074 1056 4131 ego
1103 4055 1157 4109 id
1197 4056 1455 4127 temporis
1503 4057 1682 4111 adhuc
1723 4054 1908 4110 didici·
1970 4074 2039 4110 ne
2083 4054 2424 4127 perturberis
2471 4052 2644 4125 igitur
2687 4052 3037 4109 multitudine

334 4138 447 4195 ista
471 4144 737 4193 motuum:
780 4136 1001 4209 proprie
1030 4137 1135 4193 duo
1164 4141 1380 4191 tantum
1409 4141 1553 4201 sunt,
1601 4152 1741 4191 unus
1771 4136 1842 4191 ab
1871 4135 2086 4190 interno
2135 4136 2376 4208 pendens
2406 4133 2670 4205 principio
2699 4134 3033 4190 convolutio-

334 4220 416 4275 nis
444 4218 674 4273 diurnae
720 4216 865 4273 circa
909 4216 1189 4289 proprium
1236 4224 1499 4280 centrum,
1548 4217 1693 4271 alter
1734 4216 2080 4271 extrinsecus
2109 4233 2144 4270 a
2171 4215 2298 4271 Sole
2328 4213 2535 4270 Telluri
2577 4213 2768 4269 illatus
2819 4230 3032 4269 annuus

334 4300 479 4360 circa
516 4296 723 4361 Solem,
778 4295 882 4353 etsi
932 4299 1249 4352 moderatur
1297 4294 1453 4351 illum
1492 4296 1799 4371 formatque
1842 4295 1925 4351 vis
1985 4291 2304 4369 magnetica
2343 4288 2416 4365 ⁸⁸)
2470 4294 2619 4349 fibris
2662 4294 2898 4349 Telluris
2953 4295 3031 4349 in·
3046 4288 3052 4295 ’

334 4377 469 4443 sita',
531 4378 623 4451 qui
662 4394 793 4433 vero
832 4376 1030 4433 tertius
1073 4377 1162 4431 hic
1214 4377 1567 4455 censebatur,
1629 4377 1725 4432 ille
1776 4377 1932 4449 quies
1986 4384 2076 4431 est
2132 4377 2316 4447 potius
2361 4374 2483 4431 axis
2527 4374 2761 4429 Telluris
2816 4374 2874 4431 in
2924 4376 3032 4429 situ

332 4446 637 4533 parallelo,
698 4460 822 4513 dum
862 4466 1109 4513 centrum
1149 4456 1295 4512 circa
1333 4456 1514 4514 Solem
1555 4459 1755 4523 fertur,
1817 4464 1879 4512 et
1918 4458 2008 4529 qui
2051 4462 2281 4529 quartus
2333 4455 2424 4511 hic
2463 4454 2798 4519 ventitatur,
2854 4455 2901 4510 is
2945 4461 3032 4509 est

332 4537 569 4597 levicula
618 4539 967 4611 perturbatio
1019 4536 1185 4609 huius
1231 4536 1448 4611 quietis,
1510 4545 1636 4595 orta
1675 4556 1751 4594 ex
1790 4537 2142 4594 aberratione
2201 4539 2426 4591 duorum
2465 4536 2760 4607 primorum
2803 4541 2862 4591 et
2899 4553 3026 4607 pro·

334 4621 591 4693 priorum.
672 4620 778 4675 Sed
820 4620 887 4673 de
930 4618 1015 4675 his
1056 4618 1201 4673 infra
1238 4618 1419 4689 plura.

472 4712 563 4767 His
599 4712 831 4767 addenda
864 4721 979 4765 sunt
1014 4728 1107 4773 ea,
1145 4727 1273 4781 qnae
1310 4712 1567 4777 adscripsit
1601 4712 1846 4777 Kepletus
1897 4708 1998 4773 (vel
2037 4710 2347 4763 Maestlinus.
2403 4705 2572 4774 Gomp-
2612 4716 2780 4761 annot.
2820 4706 2913 4771 51)
2949 4716 3024 4761 ta-

332 4786 458 4839 bum
490 4784 653 4919 {abet
674 4784 775 4916 1¹(i.
816 4857 1079 4931 inscripta
1130 4864 1242 4913 est:
1306 4856 1522 4913 Tabula
1562 4854 1631 4918 1.,
1694 4817 1963 4911 exhibens
2017 4854 2257 4910 ordinem
2308 4854 2664 4925 sphaerarum
2717 4853 2852 4909 coel.
2912 4870 3024 4908 mo-

334 4938 540 5009 bilium,
582 4940 848 5013 simulque
890 4954 1079 4995 veram
1116 4937 1523 5009 proportionem
1563 4935 1952 5009 magnitudinis
1995 4952 2184 4992 earum
2215 4928 2391 5007 juxta
2427 4934 2638 4991 medias
2679 4935 2782 4991 has
2810 4934 3018 4991 distan-
