3634 5575
1337 385 1404 436 ‹1-
1435 386 1582 436 ηιιιιι
1617 389 1945 456 :atr-imos.
2882 391 3011 462 355

299 537 676 618 impossibile
723 559 804 602 ex
827 543 1000 610 coelo
1027 544 1379 622 praedicere.
1405 556 1640 624 ventos,
1689 548 1806 611 nisi
1844 567 2093 626 annuos,
2142 567 2259 610 non
2306 550 2471 630 prius
2500 552 2747 631 cognita
2776 555 3015 618 interna

307 627 610 706 qualitate
657 632 1060 709 quarumlibet
1123 641 1448 710 terrarum,
1511 644 1578 698 ut
1623 637 1917 712 sciamus,
1984 657 2101 718 quo
2155 647 2427 718 tempore
2474 639 2727 719 quilibet
2780 650 3015 706 tractus

305 715 578 780 abundet
623 717 890 781 humore.
985 721 1076 782 Tu
1122 741 1264 784 vero
1313 725 1552 803 quaeris
1597 727 1925 788 etiamnum
1972 745 2103 788 cuin
2142 727 2495 807 vulgaribus
2542 731 2886 811 astrologis,
2934 751 3015 794 an

301 803 454 864 certi
501 805 786 883 planetae
833 817 1131 872 certorum
1189 810 1314 873 sint
1357 820 1672 876 ventorum
1731 823 2025 888 motor-es,
2086 815 2259 895 quasi
2318 815 2577 878 influxus
2632 820 3016 898 planetarum

299 899 430 952 tam
457 893 583 954 sint
609 895 1012 973 particulares
1059 906 1124 960 et
1161 918 1368 962 curam
1395 911 1587 980 agant
1623 903 2047 966 distinctarum
2088 905 2312 966 Terrae
2340 905 2625 985 partium.
2719 907 3015 986 Equidem

303 987 434 1042 tam
493 991 590 1042 est
642 1001 836 1062 parva
880 985 1118 1063 Tellus,
1187 996 1316 1050 tam
1371 998 1606 1052 remota
1651 993 1802 1054 haec
1848 998 2087 1068 nostra,
2136 1011 2289 1074 quae
2336 995 2502 1068 fiunt,
2551 1012 2594 1054 a
2636 995 3018 1072 planetarum

303 1069 614 1144 sensibus,
683 1073 736 1134 si
785 1091 934 1152 quos
978 1073 1066 1138 illi
1111 1075 1370 1151 habent,
1437 1086 1506 1139 ut
1551 1080 1785 1142 omnino
1833 1080 2001 1142 Deos
2048 1099 2183 1142 esse
2232 1099 2485 1143 necesse
2532 1081 2644 1157 sit,
2706 1084 2759 1144 si
2806 1084 3017 1146 harum
3077 1131 3083 1138 .

307 1175 508 1219 rerum
569 1160 796 1253 habent
851 1163 1150 1226 notitiam.
1243 1165 1404 1228 Nam
1461 1167 1592 1228 sine
1646 1168 1871 1230 notitia
1916 1169 2337 1232 administrare
2394 1170 2517 1232 ista
2572 1189 2691 1232 non
2736 1183 3015 1251 possunt.

304 1245 516 1323 Dices,
567 1267 677 1328 per
723 1251 1170 1332 sympathiam?
1259 1254 1414 1316 Dico
1461 1273 1606 1335 ego,
1656 1258 1881 1318 nullam
1930 1276 2067 1318 esse
2116 1258 2541 1340 sympathiam,
2592 1277 2747 1345 quae
2792 1279 2911 1322 non
2956 1262 3018 1322 in

305 1335 460 1396 haec
509 1335 624 1398 duo
672 1355 900 1415 genera
945 1342 1156 1416 cadat,
1215 1361 1530 1423 corporum
1589 1354 1652 1406 et
1697 1347 2047 1408 animorum.
2142 1345 2506 1427 sympathia
2562 1348 2722 1409 inter
2753 1367 3021 1429 ,corpora

307 1432 408 1485 ent
455 1428 824 1505 magnetica,
897 1437 964 1490 ut
1021 1449 1210 1492 causa
1263 1433 1378 1494 loci
1424 1441 1488 1494 et
1533 1436 1823 1514 temporis
1876 1435 2039 1496 idem
2094 1435 2203 1495 fiat
2260 1435 2333 1496 de
2400 1453 2547 1509 uno,
2606 1436 2764 1515 quod
2818 1438 2891 1500 fit
2944 1439 3017 1498 de

311 1513 540 1586 altero,
595 1523 666 1576 ut
719 1535 1008 1578 converso
1073 1528 1354 1600 magnete
1415 1522 1636 1584 ferrum
1683 1539 1917 1604 quoque
1973 1531 2377 1584 convertatur.
2470 1523 2561 1584 At
2607 1525 2803 1603 qualis
2850 1543 3019 1606 sym-

313 1601 545 1677 pathia,
596 1611 680 1678 ut,
731 1623 862 1666 cum
908 1605 1162 1685 planeta
1207 1609 1504 1689 quispiam
1533 1619 1825 1690 perpetuo
1854 1620 2186 1684 moveatur,
2235 1619 2452 1672 ventus
2496 1612 2685 1691 ipsius
2720 1613 3024 1676 inter-dnm

315 1689 544 1751 saltem
591 1693 963 1772 consurgat?
1055 1695 1124 1757 Si
1153 1698 1351 1776 quoad
1379 1697 1594 1760 directi
1640 1701 1736 1760 vel
1766 1699 2107 1778 retrogradi
2154 1708 2299 1761 sunt
2340 1700 2655 1778 planetae,
2708 1709 3023 1763 ventorum

309 1779 686 1857 propriorum
715 1783 898 1844 flatus
931 1783 1220 1846 durarent
1246 1786 1446 1861 iidem,
1495 1795 1638 1849 tunc
1685 1787 1835 1849 haec
1865 1797 2033 1849 esset
2077 1787 2443 1868 sympathia.
2537 1788 2757 1850 Altera
2784 1791 3023 1852 animo-

321 1884 453 1927 rum
500 1869 846 1949 sympathia
889 1877 1034 1932 tune
1079 1873 1139 1934 in
1187 1875 1386 1936 ventis
1431 1875 1625 1938 locum
1674 1876 1885 1947 habet,
1942 1893 2073 1938 cum
2120 1889 2229 1938 aut
2270 1876 2535 1956 planetis
2578 1876 2865 1957 relinquis
2910 1895 3025 1939 no·-

309 1954 508 2016 titiam
553 1965 888 2034 ventorum,
937 1969 1048 2022 aut
1094 1962 1320 2024 Terrae
1367 1965 1648 2026 notitiam
1695 1973 2070 2044 aspectuum.
2161 1965 2341 2043 Elige
2390 1972 2587 2025 utrum
2624 1966 2799 2026 velis.
2888 1965 3023 2045 Ego

309 2042 368 2104 in
416 2045 726 2108 sententia
769 2065 1014 2122 maneo,
1063 2049 1125 2110 in
1173 2052 1412 2114 Tellure
1461 2073 1596 2115 esse
1645 2055 2003 2116 facultatem
2050 2062 2405 2132 aspectuum
2448 2053 2911 2132 perceptricem,
2960 2061 3025 2116 et
3091 2099 3107 2112 .

311 2131 552 2210 quoties
599 2135 869 2196 incidunt
915 2145 1221 2216 aspectus,
1269 2140 1632 2202 naturaliter
1677 2141 1958 2220 instigari
2006 2141 2163 2202 hanc
2200 2143 2277 2202 ad
2310 2140 2721 2202 exsudandum
2758 2142 2819 2202 id
2866 2141 3025 2222 quod

311 2219 518 2292 habet,
567 2241 688 2300 qna
731 2230 908 2303 parte
955 2225 1158 2286 habet.
1253 2227 1548 2290 Sudorem
1591 2230 1800 2308 pluvia
1844 2230 1979 2308 ejus
2026 2229 2176 2304 loci,
2240 2229 2505 2308 pluviam
2550 2219 2745 2291 venti'
2762 2229 3022 2292 circum·-

314 2307 476 2370 circa
538 2319 898 2390 sequuntur,
966 2322 1182 2376 ventos
1247 2317 1798 2396 circumjacentium
1854 2317 2167 2395 regionum
2224 2324 2579 2396 tempestas.
2672 2317 2761 2379 Ut
2820 2327 3025 2380 autem

315 2395 509 2458 Terra
539 2399 704 2460 intus
740 2400 876 2478 jam
903 2399 1176 2472 humeat,
1209 2404 1340 2482 jam
1387 2414 1580 2480 areat,
1629 2423 1746 2466 uon
1793 2405 1989 2483 magis
2036 2424 2113 2465 ex
2142 2405 2313 2466 coelo
2360 2413 2475 2478 est,
2524 2421 2703 2484 quam
2732 2411 2803 2467 ut
2846 2406 3021 2467 homo

315 2484 444 2563 jam
491 2486 696 2562 sitiat,
756 2489 888 2566 jam
937 2489 1132 2566 bibat,
1190 2493 1316 2571 jam
1363 2494 1657 2572 quiescat.
1749 2493 2063 2572 Perpende
2120 2501 2323 2554 tamen
2372 2492 2512 2553 hoc:
2580 2493 2747 2554 venti
2792 2495 3023 2556 eminus

317 2573 716 2636 advenientes
762 2594 1044 2640 serenare
1091 2580 1401 2642 videntur:
1459 2582 1560 2662 qui
1605 2599 1748 2642 vero
1793 2581 2035 2660 pluvias
2082 2582 2353 2654 afferunt,
2406 2599 2439 2641 e
2483 2581 2817 2661 propinquo
2864 2582 3023 2646 miri.

317 2661 476 2722 Hinc
533 2662 862 2726 orientales
905 2668 1133 2741 sereni,
1203 2669 1342 2747 quia
1389 2667 1656 2731 eminus.'
1730 2669 2011 2744 Eminus,
2074 2670 2215 2749 quia
2270 2691 2307 2730 a
2364 2668 2513 2732 locis
2570 2667 2891 2731 humilibus
2944 2671 3025 2731 ad

317 2751 542 2816 altiora
561 2768 596 2827 ,·
649 2751 706 2813 in
773 2760 908 2815 tota
953 2756 1192 2835 quidem
1255 2776 1408 2837 pene
1453 2759 1726 2837 Europa,
1790 2757 2089 2838 etiamque
2138 2759 2195 2819 in
2240 2757 2546 2820 Amerina.
2642 2755 3026 2821 Contrarium

315 2840 372 2902 in
423 2840 766 2915 Lusitania,
817 2843 900 2904 ibi
947 2846 1102 2905 enim
1150 2848 1556 2909 occidentales
1605 2866 1888 2908 serenare
1936 2865 2186 2908 necesse
2234 2855 2417 2921 esset,
2469 2864 2601 2908 cum
2628 2848 2829 2927 magni
2858 2848 3024 2910 fluvii

316 2928 376 2989 in
427 2929 802 2991 occidentem
851 2932 1150 3005 ferantur,
1199 2944 1263 2993 et
1309 2936 1398 2995 sic
1445 2935 1728 2996 occiduae
1773 2943 1983 3015 partes
2030 2944 2171 2996 sunt
2218 2935 2443 2996 ordinis
2490 2934 2840 2998 humilioris
2935 2937 3027 2999 At

316 3016 374 3077 in
421 3023 558 3077 tota
585 3017 820 3097 reliqua
847 3018 1090 3099 Europa
1138 3022 1547 3084 occidentales
1587 3030 1726 3085 sunt
1771 3022 1989 3102 pluvii:
2048 3024 2189 3102 quia
2231 3022 2573 3102 ponderosi,
2624 3042 2757 3085 cum
2806 3024 3019 3085 devol-

319 3112 541 3167 vantur
583 3122 693 3197 per
739 3107 1024 3183 declivia,
1075 3108 1402 3174 orientales
1448 3113 1650 3186 leveS,
1697 3114 1797 3191 qui
1846 3112 2281 3191 quodammodo
2329 3111 2685 3173 ascendunt.
2774 3112 3021 3175 Ponde-

215 3195 231 3207 “
317 3212 462 3257 rosa
513 3202 716 3255 autem
780 3205 846 3256 et
889 3197 1174 3259 devoluta
1239 3218 1272 3259 e
1333 3199 1662 3279 propinquo
1725 3201 1933 3260 venire
1984 3219 2235 3262 necesse
2298 3208 2427 3261 est..
2504 3199 2727 3260 Adhuc
2782 3201 3021 3279 quidem

316 3280 586 3355 sennim
650 3284 880 3361 poterit
945 3285 1056 3346 hoc
1113 3287 1306 3347 excoli
1369 3288 1488 3349 alio
1544 3296 1836 3366 tempore.
1929 3287 2109 3349 Adde
2174 3296 2375 3349 tamen
2424 3296 2489 3348 et
2534 3287 2677 3361 hoc,
2745 3288 3022 3350 boreales

315 3388 628 3444 serenare,
691 3372 790 3451 qui
855 3372 934 3433 ad
989 3372 1143 3434 haec
1197 3376 1639 3437 mediterranea
1697 3376 1880 3437 etiam
1929 3374 2362 3455 quodammodo
2420 3376 2774 3438 ascendunt.
2865 3376 3023 3439 Item

314 3458 446 3531 hoc,
497 3479 536 3520 a
581 3459 808 3521 nivosis
855 3460 1202 3541 regionibus
1249 3463 1414 3525 venti
1459 3464 1782 3544 longinqui,
1834 3472 1902 3525 ut
1947 3465 2023 3525 ab
2065 3463 2387 3525 Americae
2432 3463 2755 3538 montibus,
2806 3484 2845 3525 a
2890 3466 3021 3526 Lu·
3068 3510 3075 3517 -

314 3566 428 3609 nae
476 3547 780 3608 montibus
828 3546 887 3609 in
935 3549 1168 3625 Africa,
1219 3573 1258 3612 a
1303 3552 1597 3631 Rhodope
1637 3550 1933 3613 Thraciae
2001 3552 2230 3614 etesiae
2272 3550 2661 3625 Graecorum,
2711 3571 2750 3611 a
2794 3552 3021 3613 nivosis

315 3634 557 3717 Styriae
599 3636 922 3699 ‘montibus
981 3638 1148 3701 venti
1209 3640 1268 3701 in
1317 3640 1685 3720 planitiebus
1733 3640 2069 3721 Ungariae,
2140 3641 2215 3701 ab
2262 3638 2584 3719 Apennino
2651 3647 2715 3700 et
2758 3639 3019 3725 Alpibus

315 3724 544 3787 nivosis
589 3724 775 3805 gelidi
819 3726 910 3787 illi
949 3728 1134 3803 venti,
1187 3736 1427 3791 aestate
1474 3729 1613 3790 anni
1658 3725 1847 3807 1603,
1897 3734 1964 3791 ut
2011 3737 2107 3790 est
2153 3728 2214 3789 iu
2261 3746 2398 3789 mea
2442 3726 2841 3806 praefatione.

495 3812 625 3887 (Ad
672 3810 772 3887 5.)
865 3813 1128 3877 Causam
1197 3818 1540 3879 lenissimae
1596 3817 1808 3879 hiemis
1871 3837 1985 3879 non
2032 3817 2240 3891 miror,
2309 3816 2491 3879 miror
2550 3815 2752 3896 potius
2808 3816 3021 3879 eodem

313 3908 579 3981 tempore
627 3902 1058 3983 rigidissimam
1124 3904 1312 3967 fuisse
1384 3906 1641 3968 hiemem
1696 3906 1758 3968 in
1805 3906 2008 3969 Italia.
2102 3904 2262 3976 Quid
2322 3906 2615 3977 dicemuS,
2678 3904 2798 3967 nisi
2862 3905 3019 3986 quod

311 3990 662 4069 Apenninus
708 4000 772 4053 et
817 3992 1010 4072 Alpes
1059 3994 1502 4074 exspiraverint
1546 3996 1656 4056 hos
1705 4004 1949 4071 ventos,
2020 3994 2060 4055 ii
2108 4012 2252 4073 ergo
2310 3992 2482 4055 nobis
2531 3998 2670 4054 sunt
2718 3994 3017 4055 australes

313 4078 564 4161 ideoque
612 4079 825 4155 calidi,
889 4082 1063 4143 Italis
1109 4101 1252 4143 vero
1301 4083 1575 4147 boreales
1622 4082 1876 4164 ideoque
1927 4082 2149 4163 frigidi,
2198 4081 2251 4144 si
2290 4081 2465 4143 modo
2523 4098 2757 4155 verum,
2808 4099 3016 4143 omnes

309 4166 592 4229 boreales
633 4168 906 4250 frigidos,
955 4171 1258 4234 australes
1303 4172 1552 4235 calidos.
1649 4172 1918 4235 Causam
1964 4189 2185 4252 quaero
2236 4169 2515 4232 similiter
2576 4168 2637 4231 in
2687 4168 3019 4233 visceribus

311 4256 554 4319 Terrae.
645 4255 783 4319 Nisi
831 4259 990 4321 euim
1035 4259 1226 4321 Terra
1270 4268 1398 4323 tam
1453 4261 1674 4322 fuisset
1717 4261 1963 4322 humida
2006 4267 2139 4321 toto
2186 4267 2487 4320 autumno·
2518 4256 2663 4321 anni
2708 4253 2905 4332 1604,
2956 4265 3023 4319 et

310 4343 502 4406 hieme
561 4355 852 4425 sequente
907 4366 1022 4409 non
1082 4348 1300 4411 fuisset
1357 4358 1481 4412 tam
1543 4349 1694 4411 lenis
1741 4350 1951 4411 hiems.
2011 4348 2251 4426 'Tepor
2306 4346 2399 4408 bic
2458 4345 2717 4407 obtinuit
2775 4364 2911 4406 cum
2956 4345 3016 4407 in

311 4430 552 4507 Suevia,
597 4440 728 4495 tum
770 4435 832 4495 in
879 4434 1108 4518 Styria,
1157 4438 1218 4497 in
1260 4438 1535 4517 Ungaria
1579 4455 1722 4499 vero
1771 4438 2095 4517 aliquando
2141 4440 2401 4496 immane
2449 4435 2675 4513 frigus,
2736 4442 2807 4494 ut
2846 4434 3019 4496 multi

309 4520 531 4582 milites
587 4522 713 4584 sint
756 4523 984 4585 amissi.
1079 4523 1312 4587 Contra
1365 4526 1778 4588 humidissima
1834 4533 1899 4586 et
1956 4526 2081 4586 fere
2145 4542 2381 4603 semper
2436 4522 2643 4601 pluvia
2706 4520 2899 4584 hiems
2956 4523 3017 4585 iu

307 4608 628 4684 Bohemia‚
695 4609 1034 4674 siccissima
1086 4614 1144 4674 in
1193 4612 1432 4696 Styria‚
1497 4624 1568 4681 ut
1611 4614 1947 4679 diutissime
2006 4629 2125 4674 non
2170 4612 2427 4691 pluerit,
2490 4610 2697 4690 pulvis
2742 4612 3017 4673 aestivus

310 4698 506 4761 fuerit.
597 4699 776 4762 Adeo
820 4700 1062 4763 variant
1103 4701 1232 4764 ista
1271 4720 1382 4782 per
1425 4702 1726 4783 regiones.
1819 4701 2131 4782 Superiori
2156 4701 2439 4779 Augusto
2486 4698 2697 4778 primis
2750 4697 2835 4761 10
2878 4700 3016 4761 die-

307 4786 416 4849 bus
471 4788 624 4851 adeo
678 4788 886 4851 valida
943 4789 1060 4872 fnit
1111 4792 1462 4862 commotio,
1519 4792 1674 4853 adeo
1730 4792 2080 4871 prodigiosa
2132 4786 2447 4851 inundatio
2492 4791 2767 4851 omnium·
2796 4788 3015 4851 fluvio-

305 4894 456 4953 rum,
506 4877 606 4958 qui
649 4898 696 4940 a
735 4878 1037 4942 montibus
1065 4878 1366 4963 Styriacis
1411 4880 1702 4956 oriuntur,
1749 4886 1821 4943 ut
1864 4878 2183 4988 homiuum,
2210 4876 2593 5016 memoriam*
2604 4886 2867 4955 superet-
2944 4877 3017 4939 In
