3634 5575
1531 381 1855 441 mma·-
2430 360 2445 375 ’
2944 376 3033 449 43

335 546 530 627 plaria
592 563 712 609 non
775 545 980 608 dubito
1051 544 1192 625 quin
1257 551 1440 607 antea
1499 542 1763 605 habeas:
1830 560 2013 623 quare
2072 540 2250 605 facile
2300 541 2499 621 patior
2516 590 2535 617 ‚
2600 548 2670 605 ut
2713 540 3038 607 difficultas

333 634 783 698 transmittendi
829 654 936 715 per
981 642 1213 697 tantum
1259 633 1644 694 intervallum
1691 652 1728 692 a
1772 632 2062 694 mittendo
2108 650 2203 693 me
2250 638 2483 693 avocet.
2535 631 2791 694 Tuorum
2838 638 3037 693 autem

337 743 579 805 operum
608 724 682 787 ad
713 742 822 786 nos
852 722 998 785 nihil
1025 724 1325 803 perfertur
1343 740 1362 797 3
1413 740 1678 805 quaeque
1709 720 1782 781 de
1811 730 1875 783 te
1904 721 2184 794 sciebam,
2237 739 2311 781 ex
2336 720 2663 782 Maestlino
2694 720 3036 793 didiceram.

333 815 530 877 Dabis
575 813 757 892 igitur
802 812 1058 886 veniam,
1105 812 1156 875 si
1207 812 1418 891 quibus
1463 811 1522 873 in
1573 809 1718 873 locis
1767 811 1855 873 tui
1893 808 2146 873 nominis
2193 810 2552 872 mentionem
2602 808 2828 873 faciens
2877 808 3038 887 inju-

335 901 486 965 riam
533 903 644 966 tibi
689 911 946 981 tuaeque
991 900 1309 983 hypothesi
1355 900 1594 963 faciam.
1685 900 1878 963 Plura
1930 901 2223 963 dicturum
2286 899 2805 980 quaesiturumque
2861 917 3036 961 reve-

334 991 530 1053 rentia
575 1010 668 1054 me
715 991 956 1053 retinet.
1048 990 1238 1070 Aperi
1287 989 1540 1052 luctanti
1608 989 1738 1051 voci
1803 989 1964 1050 viam
2031 988 2273 1067 scriptis
2336 990 2412 1051 ad
2477 1006 2571 1051 me
2616 986 3036 1067 paucissimis:

336 1082 560 1143 efficies
609 1079 783 1154 enim,
831 1087 900 1141 ut
945 1077 1054 1141 tibi
1095 1079 1521 1154 demonstrem,
1571 1085 1794 1160 quanto
1839 1078 1951 1141 sim
1994 1077 2259 1141 discendi
2309 1096 2483 1157 quam
2514 1076 2710 1137 landis
2748 1076 3034 1157 cupidior.

335 1170 512 1245 Vale,
563 1168 676 1230 Vir
723 1168 1108 1241 nobilissime,
1157 1187 1406 1250 meaque
1453 1168 1578 1231 tibi.
1610 1166 1811 1231 studia
1858 1167 2273 1230 commendata
2316 1166 2529 1227 habe..

515 1258 718 1320 Idibus
762 1258 912 1320 Dec.
966 1254 1158 1320 1597.

931 1346 1288 1409 Nobilitatis
1337 1354 1399 1407 et
1443 1344 1881 1425 Magnitudinis
1926 1343 2093 1405 Tuae
2140 1343 2463 1405 Reverent.
2650 1386 2679 1399 s

1821 1432 1913 1496 Μ.
1964 1432 2245 1495 Joannes
2283 1430 2631 1514 Kepleru8‚

1403 1522 1500 1585 Ill.
1551 1520 1794 1605 Styriae
1842 1523 2169 1585 Procerum
2216 1522 2276 1583 in
2328 1518 2659 1603 Gymnasio
2710 1518 3041 1581 Graecensi

1991 1610 2483 1673 Mathematicus.

477 1786 791 1853 (Inscriptio.
828 1785 948 1835 Viro
985 1784 1297 1837 Nobilissimo
1333 1792 1388 1837 et
1422 1785 1749 1850 amplissimo.
1787 1786 2001 1838 Domino
2038 1786 2262 1851 Tychoni
2299 1786 2466 1837 Brahe
2502 1786 2683 1844 Dauo,
2718 1784 3041 1836 Mathemati-

332 1874 498 1911 corum
534 1858 763 1927 principi,
804 1859 870 1910 ad
903 1857 1232 1909 manus.1n
1273 1855 1667 1920 Dennemarck.)

475 1928 679 1994 Tycho,
716 1932 904 1997 gratias
942 1944 1134 1995 agens.
1173 1930 1427 1995 epistolam
1463 1929 1710 1986 reddidit.
1746 1944 1893 1994 quam
1928 1936 2087 1981 totam
2122 1898 2203 1980 hic
2238 1930 2551 1981 inserendam
2587 1944 2880 1985 censemus,
2932 1943 3043 1979 cum

329 2018 430 2053 non
485 2008 684 2052 tantum
737 2002 857 2051 insit
912 2001 1160 2066 Tychonis
1206 2002 1508 2053 celeberrimi
1559 2006 1665 2052 tum
1713 2003 1947 2065 temporis
1997 2002 2264 2053 astronomi
2315 2002 2379 2052 de
2413 2002 2615 2066 Kepleri
2659 2002 2861 2065 juvenili
2898 2012 3043 2065 opere

325 2074 599 2138 judicium,
638 2066 738 2123 sed'
764 2074 914 2123 etiam
953 2074 1284 2124 astronomica
1318 2074 1562 2138 quaedam
1601 2074 1663 2124 de
1697 2074 1911 2123 motibus
1944 2074 2292 2138 planetarum.
2340 2078 2395 2124 et
2430 2074 2493 2124 de
2526 2072 2636 2129 illa.
2692 2085 2840 2137 quam
2876 2070 3041 2122 Ptole·

330 2158 505 2196 maeus
525 2180 540 2202 ‚
597 2142 892 2209 Cepernicus
930 2152 981 2193 et
1014 2142 1238 2194 Braheus
1275 2146 1382 2209 ipse
1417 2150 1700 2213 statuerant
1731 2144 1902 2195 mundi
1938 2147 2131 2196 ratione
2150 2181 2165 2203 ‚
2222 2146 2393 2211 quibus
2442 2158 2532 2209 per
2576 2158 2631 2195 se
2670 2153 2723 2193 et
2754 2150 2955 2208 propter
2986 2156 3043 2192 se

329 2217 466 2267 haud
521 2215 891 2267 contemnendis
958 2214 1156 2265 additae
1218 2222 1334 2267 sunt
1379 2217 1726 2266 annotationes
1779 2216 1984 2281 Keplerl
2044 2218 2094 2266 in
2148 2218 2375 2283 margine
2428 2216 2665 2279 epistolae
2724 2214 3041 2278 Tychonicae

331 2302 486 2339 manu
517 2288 713 2353 propria
749 2286 1028 2353 adscriptae
1065 2283 1212 2350 (quas
1252 2289 1486 2353 appositis
1521 2286 1674 2336 literis
1713 2301 1851 2339 a—-n
1888 2288 2164 2338 addidimus
2201 2294 2370 2337 annot.
2414 2284 2525 2345 13).

471 2358 614 2409 Haec
640 2364 808 2408 autem
831 2364 946 2407 sunt
967 2358 1117 2408 verba
1139 2357 1422 2421 Tychonis:
1461 2358 1512 2409 S.
1532 2356 1588 2407 P.
1619 2358 1955 2408 Eruditissime
1982 2366 2033 2409 et
2055 2360 2477 2424 praestantissime
2496 2357 2618 2413 vire
2654 2356 2833 2407 literae
2856 2362 2977 2406 tuae
3015 2370 3043 2406 e

331 2431 501 2495 styria
535 2430 608 2480 Id.
649 2428 773 2480 Dec.
813 2430 1071 2493 superioris
1122 2430 1241 2479 anni
1295 2430 1361 2481 ad
1405 2444 1486 2480 me
1522 2429 1674 2479 datae
1711 2431 1849 2481 circa
1880 2432 2023 2481 initia
2057 2430 2226 2480 Martii
2260 2445 2351 2495 per
2384 2429 2695 2480 tabellarium
2728 2426 3045 2478 Helmstadio

328 2502 608 2553 venientem
645 2500 764 2550 mihi
797 2501 1024 2551 redditae
1059 2506 1205 2557 sunt.
1249 2514 1376 2567 qnae
1421 2506 1620 2565 praeter
1653 2502 1927 2552 doctrinam
1968 2508 2021 2552 et
2054 2502 2417 2552 humanitatem
2453 2500 2753 2566 singularem
2788 2512 2910 2563 erga
2942 2514 3042 2553 mo,

327 2576 449 2625 licet
482 2573 571 2623 tibi
609 2573 670 2622 de
706 2572 836 2623 facie
873 2573 1095 2637 ignotum
1133 2578 1184 2621 et
1218 2572 1366 2639 longe
1404 2573 1647 2631 dissitum,
1685 2578 1943 2623 testantur
1975 2574 2381 2629 benevolentiam,
2418 2586 2513 2637 quo
2550 2574 2701 2622 etiam
2726 2572 2925 2621 nomine
2950 2570 3039 2619 tibi

221 2692 230 2699 .
329 2645 520 2711 gratias
555 2644 732 2693 habeo.
805 2643 1006 2693 Librum
1045 2650 1200 2701 tuum,
1238 2658 1381 2709 quem
1415 2644 1734 2695 Prodromum
1767 2658 1918 2693 vocas
1955 2644 2349 2695 dissertationum
2374 2644 2902 2708 cosmographicarum,
2936 2644 3043 2705 jara

331 2722 486 2766 antea
524 2716 758 2772 videram,
797 2720 850 2765 et
884 2721 1123 2779 quantum
1162 2715 1290 2766 allae
1327 2717 1678 2781 occupationes
1713 2716 1942 2766 ferebant
1977 2716 2297 2781 perlegeram.
2354 2714 2528 2765 Placet
2564 2716 2605 2763 is
2641 2727 2764 2764 sane
2798 2730 2899 2764 nou
2934 2726 3039 2762 me·

331 2789 580 2842 diocriter.
619 2793 671 2836 et
707 2786 891 2851 ingenii
928 2787 1000 2836 tui
1040 2801 1249 2837 acumen
1287 2801 1537 2854 sagaxque
1574 2787 1791 2838 studium
1827 2803 1925 2838 non
1962 2789 2165 2838 obscure
2188 2787 2304 2838 hinc
2330 2786 2554 2838 elucent:
2593 2793 2649 2836 ut
2674 2786 2735 2836 de
2760 2785 2886 2848 stylo
2910 2791 3042 2836 terso

333 2873 394 2910 ac
429 2859 642 2908 rotundo
677 2859 799 2908 nihil
839 2859 1017 2908 dicam.
1091 2857 1358 2923 Ingeniosa
1393 2865 1524 2909 certe
1561 2867 1614 2910 et
1649 2861 1907 2909 succincta
1952 2867 2029 2908 est
2075 2861 2377 2926 speculatio,
2423 2859 2735 2922 planetarum
2780 2856 3043 2906 distantias

331 2937 384 2981 et
421 2931 656 2980 circuitus
695 2931 988 2992 symmetriis
1025 2930 1322 2994 regularium
1361 2945 1611 2994 corporum
1631 2967 1645 2989 ,
1701 2933 1772 2979 nti
1809 2931 1960 2985 facis.
2011 2931 2346 2996 adstringere,
2394 2938 2447 2978 et
2480 2930 2691 2993 plurima
2724 2930 2773 2978 in
2810 2927 2885 2977 his
2920 2929 3044 2977 satis

330 3003 608 3052 consentire
644 2999 885 3058 videntur,
925 3015 1024 3050 nou
1062 3003 1308 3058 obstante,
1347 3002 1474 3068 quod
1497 3003 1832 3066 proportiones
1853 3002 2185 3065 Ceperniceae
2222 3017 2309 3066 per
2344 3003 2510 3051 omnia
2532 3002 2583 3050 in
2608 3001 2819 3048 minimis
2843 2999 3040 3062 quibus·

330 3088 427 3138 que
461 3073 596 3122 haud
630 3073 811 3136 ubique
849 3072 1206 3136 adstipulentur
1243 3069 1352 3134 (an
1415 3087 1524 3123 cum
1575 3087 1666 3123 eae
1718 3074 1781 3122 ab
1817 3075 1935 3138 ipsis
1974 3075 2124 3124 etiam
2162 3075 2463 3137 appetentiis
2498 3071 2716 3122 nonnihil
2754 3071 3039 3126 deflectant.

329 3138 496 3205 ‘Quare
523 3144 671 3193 laudo
695 3143 826 3194 hanc
849 3150 988 3193 tuam
1013 3146 1064 3194 in
1091 3144 1426 3210 excogitandis
1463 3143 1893 3210 perquirendisque
1927 3146 2109 3196 talibus
2145 3145 2469 3210 diligentiam.
2523 3147 2603 3193 An
2628 3157 2741 3193 vero
2760 3157 2849 3206 per
2878 3143 3045 3191 omnia

329 3217 390 3265 iis
428 3215 841 3280 acquiescendum
877 3216 968 3275 sit,
1007 3231 1108 3264 non
1144 3217 1218 3265 ita
1251 3216 1400 3265 facile
1438 3216 1653 3266 dixerim.
1730 3216 1781 3266 Si
1819 3219 2029 3267 veriores
2068 3217 2489 3267 eccentricitatum
2526 3221 2842 3279 utrarumque
2866 3215 2917 3262 in
2942 3213 3041 3261 siu·

329 3287 456 3352 gulis
491 3287 706 3350 planetis
745 3287 1271 3345 commensurationes,
1329 3287 1498 3352 quales
1551 3287 1764 3351 plurimis
1805 3289 1947 3338 annis
1986 3289 2284 3353 conquisitas
2320 3289 2373 3336 in
2408 3291 2601 3350 promtu
2642 3286 2803 3336 habeo
2830 3321 2846 3343 ,
2902 3283 3041 3335 adhi-

331 3360 558 3415 beantur,
593 3363 828 3422 poterunt
864 3359 1218 3408 accuratiorem
1253 3359 1308 3407 in
1343 3359 1419 3407 his
1453 3361 1692 3408 trutinam
1728 3358 1973 3410 exhibere.
2047 3358 2232 3410 Verum
2265 3359 2384 3408 mihi
2408 3360 2458 3408 in
2486 3357 2787 3422 complendis
2812 3364 2865 3406 et
2888 3356 3041 3406 eden·

332 3430 405 3479 dis
441 3430 566 3478 meis
603 3429 825 3493 operibus
863 3431 1203 3479 astronomicis
1224 3465 1239 3487 ‚
1295 3443 1424 3495 quae
1459 3431 1511 3478 iu
1549 3427 1716 3480 Dania
1751 3431 2110 3495 quodammodo
2144 3429 2435 3494 imperfecta
2468 3429 2759 3493 reliqueram
2775 3464 2789 3486 ,
2828 3440 3039 3490 occupa·

329 3501 536 3564 tissime,
575 3515 674 3550 non
709 3501 925 3564 suppetit
961 3515 1092 3552 nnnc
1131 3502 1300 3555 otium,
1336 3515 1402 3551 ea
1437 3503 1746 3551 accuratiore
1781 3501 1900 3551 lima
1936 3505 2065 3552 inter
2088 3516 2141 3551 se
2168 3502 2481 3552 conferendi:
2518 3501 2607 3550 fiet
2628 3501 2721 3550 hoc
2748 3499 2873 3548 forte
2898 3499 3041 3549 alias.

331 3572 386 3622 ld
425 3579 593 3621 autem
629 3579 682 3621 te
713 3573 838 3622 scire
861 3571 1008 3622 velim
1033 3568 1131 3633 (b),
1159 3573 1558 3622 eccentricitates
1583 3574 1716 3635 ipsas
1742 3575 1993 3637 utriusque
2016 3573 2162 3633 iliius,
2201 3579 2260 3621 ιιι
2283 3573 2355 3621 sic
2376 3585 2509 3620 nune
2534 3571 2721 3635 loquar,
2762 3571 3044 3626 eccentrici‚

332 3658 454 3708 quas
493 3642 788 3706 Cepernicns
823 3643 968 3707 paulo
1008 3643 1150 3694 aliter
1186 3645 1471 3700 excusavit,
1529 3657 1629 3692 non
1665 3643 1847 3693 habere
1886 3659 1973 3694 eas
2012 3643 2077 3694 ad
2112 3645 2323 3694 invicem
2356 3643 2716 3708 proportiones,
2753 3647 2811 3691 ut
2845 3655 2947 3690 una
2982 3641 3047 3689 sit

333 3713 533 3765 alterius
569 3716 720 3764 tertia
753 3727 896 3777 pars3
955 3713 1108 3764 veluti
1145 3729 1206 3764 ex
1240 3714 1524 3765 Ptolemaeo
1561 3715 1602 3763 is
1640 3713 1855 3764 deduxit.
1928 3713 2119 3766 Neuter
2152 3729 2265 3764 vero
2305 3728 2471 3763 eorum
2508 3714 2895 3763 demonstratum
2931 3711 3043 3762 reli-

333 3787 452 3850 quit.
527 3784 626 3834 Sed
657 3785 786 3835 haec
823 3785 974 3834 aliam
1009 3787 1138 3834 inter
1171 3799 1226 3835 se
1261 3785 1452 3836 habent
1484 3787 1728 3836 rationem
1764 3793 1816 3835 et
1850 3787 1901 3836 in
1938 3786 2143 3852 singulis
2178 3786 2372 3836 variant
2409 3781 2504 3848 (c).
2576 3783 2753 3848 Neque
2784 3785 2916 3833 enim
2941 3788 3043 3832 tres

331 3857 670 3942 aci-onychino·
695 3857 1077 3912 observationes,
1111 3861 1226 3906 utut
1257 3859 1390 3907 inter
1423 3870 1478 3906 se
1513 3857 1564 3905 in
1602 3859 1879 3907 eccentrico
1918 3855 2070 3923 (qnod
2102 3854 2353 3944 praestat)
2390 3861 2647 3910 remotae,
2688 3855 2943 3905 sufficiunt
2978 3851 3043 3903 ad

329 3930 478 3977 trium
513 3929 811 3992 superiorum
846 3928 1156 3992 planetarum
1193 3943 1422 3994 apogaea
1459 3925 1611 3994 (quae
1649 3930 1799 3978 etiam
1835 3943 1935 3979 uon
1969 3931 2143 3993 paucis
2178 3929 2411 3996 gradibus
2448 3933 2554 3977 tam
2600 3927 2837 3990 Alphonsi
2892 3939 3042 3990 quam

332 3999 590 4063 Coperuici
623 4000 810 4063 placita
848 3999 1052 4049 coelitus
1091 3997 1318 4062 eludunt)
1358 4007 1410 4050 et
1445 4001 1839 4050 eccentricitates
1878 4001 2047 4050 ambas
2084 4001 2150 4054 ad
2190 4001 2422 4051 amussim
2458 3999 2804 4050 extricandas·
2792 4035 2805 4056 ‚
2842 3997 2931 4048 sed
2954 4011 3043 4062 per

331 4079 488 4121 totum
525 4072 654 4120 orbis
691 4071 947 4122 circuitum
981 4073 1034 4119 in
1069 4071 1284 4135 plurimis
1321 4072 1441 4122 locis
1475 4071 1604 4120 haee
1640 4070 1940 4134 experiunda
1974 4074 2177 4122 veniunt
2214 4069 2332 4134 (d).
2388 4070 2537 4121 veluti
2595 4085 2627 4120 a
2676 4070 2814 4119 nobis
2849 4083 3039 4134 quoque

331 4144 521 4193 factum
559 4149 664 4200 est;
700 4143 841 4199 adeo,
878 4149 937 4192 ut
973 4143 1124 4192 etiam
1159 4143 1429 4209 tardigradi
1464 4142 1594 4192 illius
1621 4141 1823 4192 Saturni
1859 4145 2113 4193 circuitum
2152 4145 2582 4207 expectaverimns.
2658 4141 2791 4191 Nam
2828 4141 3039 4190 eundern

333 4214 433 4265 Soli
471 4215 522 4262 iu
561 4214 655 4270 Ω
696 4215 968 4278 oppositum
1007 4221 1123 4263 ante
1162 4229 1316 4265 annos
1352 4211 1418 4263 29
1458 4215 1734 4280 Augustae·
1753 4213 2119 4264 vindelicorum
2154 4215 2417 4280 diligenter
2468 4213 2719 4262 observavi
2740 4247 2753 4271 ,
2808 4209 3041 4276 quemad-

331 4286 530 4336 modum
565 4291 620 4335 et
652 4299 812 4342 nunc3
871 4287 946 4334 uti
983 4287 1134 4334 etiam
1169 4287 1221 4336 in
1255 4285 1554 4336 intermediis
1593 4285 1901 4347 acronychiis
1937 4285 2358 4350 dispositionibus,
2396 4289 2635 4348 quotquot
2667 4283 2855 4332 habere
2890 4283 3042 4340 licuit.

331 4359 384 4408 in
437 4363 542 4407 toto
595 4357 780 4407 boreali
833 4357 1138 4406 semicirculo
1158 4393 1173 4415 ‚
1230 4359 1376 4408 nullis
1422 4357 1618 4406 omnino
1653 4359 2027 4419 praetermissis.
2102 4355 2531 4418 Quemadmodum
2570 4357 2723 4405 etiam
2756 4355 2809 4404 in
2844 4353 3045 4417 reliquis

333 4429 520 4480 duobus
556 4428 770 4493 planetis
789 4462 804 4484 ‚
855 4442 1056 4491 quorum
1093 4429 1324 4478 circuitus
1357 4429 1532 4488 minori
1569 4427 1813 4477 clauditur
1850 4433 2085 4491 tempore.
2156 4427 2330 4477 Habeo
2370 4429 2499 4476 enim
2534 4429 2585 4476 in
2624 4433 2818 4490 promtu
2857 4421 2923 4474 35
2953 4439 3041 4474 an-

331 4514 505 4550 norum
541 4501 904 4549 observationes
941 4498 1178 4550 coelestes
1215 4497 1290 4561 (e)
1327 4499 1442 4550 inde
1479 4500 1542 4548 ab
1579 4499 1921 4549 adolescentia
1950 4501 2149 4550 factas:
2186 4513 2391 4562 quarum
2428 4495 2494 4545 25
2520 4499 2812 4562 posteriores
2858 4509 3043 4560 magua

333 4571 652 4622 accuratione
687 4570 906 4634 pollent:
961 4585 1083 4636 quas
1137 4586 1305 4621 omnes
1359 4586 1457 4620 non
1493 4569 1706 4636 vulgaris
1741 4571 1959 4622 thesauri
1994 4570 2103 4620 loco
2142 4583 2373 4620 conservo
2395 4604 2409 4627 ,
2469 4575 2521 4620 et
2562 4569 2675 4620 hinc
2714 4569 3041 4619 astronomiae

334 4643 746 4692 restaurationem
781 4641 966 4690 molior.

475 4713 548 4764 Ut
589 4728 703 4764 vero
749 4713 810 4761 de
847 4713 1008 4763 Marte
1057 4714 1239 4780 aliquid
1284 4713 1491 4777 exempli
1539 4713 1645 4763 loco
1695 4712 1879 4762 addam
1899 4747 1913 4770 ,
1970 4727 2083 4761 cum
2141 4711 2182 4760 is
2223 4711 2487 4760 maximam
2523 4711 2719 4776 ingerat
2754 4710 3041 4760 varietatem

334 4791 484 4850 atque
519 4787 648 4834 inter
684 4784 873 4833 coelum
909 4790 962 4834 et
996 4785 1192 4835 tabulas
1228 4786 1610 4848 discrepantiam
1651 4784 1827 4834 ceteris
1866 4783 2214 4833 evidentiorem
2234 4818 2248 4839 ,
2304 4781 2437 4830 scias
2486 4787 2679 4830 tautum
2728 4780 2901 4830 abesse
2918 4814 2933 4836 ‚
2988 4787 3043 4830 ut

336 4859 444 4920 ejus
501 4857 844 4908 ecceuoeicitas
888 4857 954 4904 sit
1005 4857 1164 4906 minor
1209 4858 1406 4908 reddita
1455 4855 1624 4920 (prout
1675 4855 1829 4904 voluit
1862 4854 2161 4919 Gopernicus
2178 4887 2195 4908 ‚
2248 4867 2342 4916 quo
2378 4865 2499 4902 suae
2534 4851 2875 4918 imaginationi
2912 4851 3043 4900 circa

335 4929 550 4997 quietem
585 4925 714 4978 Solis
749 4924 898 4978 fidem
931 4923 1162 4990 ficeret),
1199 4933 1258 4980 ut
1289 4929 1452 4993 potius
1488 4941 1620 4977 nunc
1657 4925 1911 4992 aliquanto
1946 4927 2105 4991 major
2142 4925 2221 4980 sit,
2260 4937 2409 4990 quam
2432 4935 2511 4984 ea,
2548 4937 2675 4992 quae
2700 4937 2735 4974 a
2756 4921 3042 4976 Pulsum
