3634 5575
1588 372 1754 439 Caput
1787 371 1873 424 XI.
2129 440 2136 446 .
2275 415 2282 422 .
2971 373 3094 443 137

864 461 885 506 fl
2037 489 2043 494 .

374 536 441 589 de
470 533 617 589 thesi
646 534 799 604 ipsa:
838 549 983 606 quae
1010 539 1199 590 tamen
1226 535 1298 589 ad
1324 535 1663 606 hypothesin
1691 536 1748 591 in
1772 537 1881 591 hoc
1909 537 2124 610 quidem
2153 517 2335 608 caput,
2367 544 2431 593 ut
2459 537 2616 608 coepi
2645 539 2843 604 dicere,
2877 557 2986 594 non
3013 539 3095 595 fe·

374 614 555 670 liciter
596 614 703 668 fuit
743 615 1046 685 applicata.
1310 657 1313 660 .
2667 683 2674 690 ·

534 690 591 759 c)
628 695 749 748 Hoc
777 697 842 748 de
872 695 937 750 iis
966 695 1170 750 dictum
1198 701 1302 758 est,
1334 711 1479 765 quae
1509 696 1563 750 in
1591 713 1799 766 genere
1839 697 2212 760 quantitatum
2249 697 2524 752 rationem
2550 699 2765 753 habent
2808 700 3094 754 materiae.

372 774 545 829 Verbi
574 790 761 840 causa,
802 775 1151 845 sphaericum
1185 775 1364 845 ipsum
1402 793 1503 846 per
1528 792 1588 830 se
1620 792 1787 832 unum
1814 783 1991 832 totum
2035 779 2246 856 sibique
2274 777 2511 848 undique
2550 779 2726 833 simile
2770 787 2859 834 est
2893 780 3094 834 forma·
3129 795 3137 802 ·

372 856 527 916 liter;
573 861 635 909 at
670 855 1053 920 materialiter,
1083 862 1149 909 ut
1184 856 1519 924 superficies,
1566 857 1745 910 habet
1782 863 2001 927 partem
2043 866 2210 913 extra
2249 865 2485 928 partem.
2569 859 2674 912 Hic
2713 876 2834 914 cum
2879 861 3096 914 ratione

373 934 616 1007 partium
644 935 951 989 dominetur
980 936 1035 989 in
1063 935 1351 1006 sphaerico
1394 937 1633 990 infinitas
1664 937 1962 1002 divisionis,
2012 938 2360 1008 sphaericum
2399 939 2573 1009 igitur
2603 940 2822 994 ratione
2850 955 2936 1004 ea,
2986 955 3098 1011 qua

374 1017 428 1070 in
456 1021 651 1085 partes
680 1021 768 1070 est
795 1016 1085 1080 dividuum,
1136 1033 1245 1070 non
1275 1017 1654 1084 consideratur
1680 1018 2006 1082 formaliter,
2052 1020 2148 1074 sed
2185 1019 2565 1084 materialiter,
2615 1019 2732 1072 sive
2774 1022 2915 1090 quod
2957 1021 3098 1074 idem

373 1103 477 1158 est,
521 1102 713 1165 partes
761 1096 1036 1165 sphaerici
1082 1096 1343 1150 formales
1386 1097 1575 1151 nullae
1619 1105 1774 1168 sunt3
1826 1113 1969 1169 quae
2007 1115 2142 1153 vero
2185 1101 2240 1154 in
2287 1100 2382 1153 illo
2430 1100 2847 1154 considerantur
2882 1107 3094 1170 partes,

374 1176 692 1231 materiales
730 1183 876 1240 sunt,
926 1177 981 1230 in
1030 1183 1296 1248 quantum
1340 1178 1525 1248 figura
1571 1178 1848 1248 sphaerici
1896 1179 2073 1233 utitur
2117 1181 2354 1236 materia
2399 1179 2775 1250 quantitativa
2821 1181 3094 1251 dividique

372 1263 580 1328 potest.
660 1257 789 1311 Jam
824 1273 954 1311 vere
994 1263 1123 1311 actu
1164 1257 1481 1312 inscribitur
1508 1258 1681 1313 cubus
1724 1259 2051 1329 sphaerico;
2097 1261 2145 1314 si
2187 1261 2536 1331 sphaericum
2583 1260 2893 1315 formaliter
2919 1260 3095 1314 consi-

374 1339 601 1391 deratur
628 1343 693 1390 ut
717 1338 916 1407 figura,
948 1337 1101 1390 locus
1131 1338 1441 1408 quaestioni
1470 1355 1581 1392 non
1608 1345 1713 1402 est,
1760 1340 2090 1410 quibusnam
2118 1340 2175 1393 in
2201 1341 2420 1410 punctis
2449 1341 2732 1395 statuendi
2761 1341 2875 1394 sint
2902 1340 3098 1412 anguli

374 1417 515 1480 cubi,
560 1416 645 1470 sin
686 1425 871 1472 autem
914 1417 1285 1472 materialiter
1329 1418 1657 1483 consideres,
1706 1427 1770 1473 ut
1814 1419 2158 1490 superficiem
2202 1421 2531 1476 infinitorum
2572 1429 2922 1491 punctorum:
2969 1427 3100 1474 tunc

375 1498 589 1568 quidem
630 1498 942 1567 quaestioni
984 1498 1137 1552 locus
1176 1506 1279 1561 est,
1325 1499 1521 1568 quibus
1563 1499 1620 1552 in
1647 1500 1906 1570 punctis?
1951 1506 2013 1556 at
2051 1491 2376 1572 responderi
2405 1517 2512 1554 non
2541 1507 2748 1570 potest,
2793 1518 2914 1556 cum
2951 1500 3096 1556 ratio

374 1577 533 1632 nulla
578 1577 669 1640 sit,
722 1595 819 1634 cur
864 1579 1049 1648 potius
1096 1579 1151 1632 in
1196 1579 1283 1632 his
1326 1579 1563 1649 punctis,
1606 1579 1771 1650 quam
1818 1580 1874 1634 in
1922 1581 2076 1636 aliis:
2122 1580 2324 1651 quippe
2366 1587 2556 1650 potest
2599 1579 2654 1636 in
2700 1580 2922 1635 infinitis
2971 1581 3096 1634 aliis

372 1665 539 1728 atque
581 1657 723 1712 aliis.
2597 1662 2606 1674 ⁶

532 1737 715 1806 Hujus
756 1739 981 1811 generis
1026 1747 1159 1794 sunt
1198 1747 1261 1793 et
1300 1739 1445 1794 istae
1489 1740 1869 1810 quaestiones:
1919 1757 2040 1795 cum
2079 1739 2310 1810 fingitur
2345 1741 2586 1810 spatium
2613 1742 3099 1796 ultramundanum

375 1818 656 1884 infinitum,
700 1826 763 1874 et
803 1821 869 1872 de
900 1834 966 1871 eo
1015 1819 1315 1889 quaeritur,
1362 1838 1457 1875 cur
1483 1822 1669 1890 potius
1706 1819 1761 1874 in
1788 1819 1898 1874 hac
1923 1829 2086 1891 parte
2113 1820 2308 1891 spatii,
2353 1837 2517 1891 quam
2551 1820 2610 1876 in
2649 1821 2766 1876 alia
2794 1821 3097 1874 collocatus

374 1899 449 1953 sit
474 1901 737 1962 mundus;
782 1900 914 1956 item
954 1916 1078 1954 cum
1115 1907 1332 1971 tempus
1364 1909 1649 1956 aeternum
1680 1898 2017 1969 (oppositum
2056 1902 2113 1955 in
2141 1897 2383 1970 adiecto)
2413 1901 2643 1972 fingitur
2671 1901 3096 1972 quaeriturque:

373 1996 467 2034 our
512 1981 727 2035 demum
768 1987 901 2034 ante
949 1998 1053 2034 sex
1093 1981 1268 2034 millia
1310 1997 1577 2036 annorum
1623 1981 1873 2036 conditus
1918 1981 1993 2036 sit
2033 1982 2288 2046 mundus,
2333 1981 2456 2036 Deo
2485 1983 2558 2036 ab
2588 1981 2734 2036 omni
2762 1982 3098 2038 aeternitate

374 2059 691 2114 abstinente
721 2076 758 2114 a
785 2062 1055 2115 creando?
1137 2061 1283 2116 Nam
1310 2069 1371 2116 et
1396 2061 1639 2131 spatium
1679 2067 1741 2116 et
1767 2067 2002 2132 tempus,
2053 2063 2108 2116 in
2136 2078 2344 2133 genere
2385 2062 2777 2132 quantitatum,
2825 2062 3100 2116 rationem

371 2141 584 2194 habent
619 2141 905 2205 materiae,
948 2149 1208 2210 respectu
1252 2143 1470 2212 quidem
1498 2143 1867 2213 figuratarum
1906 2143 2298 2212 quantitatum.
2381 2141 2623 2196 Materia
2649 2158 2780 2196 vero
2824 2143 2890 2194 de
2919 2159 2979 2195 se
3007 2157 3098 2195 ra·

374 2221 551 2274 tiones
578 2221 763 2274 nullas
794 2220 1132 2291 suppeditat,
1192 2223 1317 2293 ipsa
1362 2223 1417 2276 in
1444 2239 1505 2276 se
1550 2237 1719 2278 unam
1763 2228 1825 2276 et
1863 2221 2042 2276 solam
2085 2221 2488 2292 proprietatem
2532 2221 2723 2284 habet,
2773 2221 3100 2276 infinitatem

372 2301 629 2370 partium,
669 2302 950 2356 actualem
978 2303 1210 2371 quidem,
1254 2303 1347 2356 vel
1376 2302 1587 2358 numeri
1612 2302 1705 2356 vel
1734 2302 2082 2372 quantitatis,
2129 2301 2176 2355 si
2219 2301 2396 2370 ipsum
2439 2309 2615 2356 totum
2645 2309 2775 2356 actu
2803 2300 3098 2357 infinitum

370 2382 733 2450 potentialem
761 2397 893 2436 vero
922 2383 1149 2447 numeri,
1200 2383 1249 2436 si
1276 2389 1453 2438 totum
1482 2390 1611 2436 actu
1638 2382 1867 2444 finitum,
1914 2383 2057 2452 quod
2089 2381 2266 2436 solum
2294 2388 2384 2436 est
2408 2380 2690 2452 possibile,
2741 2398 2860 2436 cum
2881 2382 3098 2452 quanti·

372 2467 461 2516 tas
498 2466 589 2515 est
628 2463 683 2516 in
710 2462 949 2517 materia
976 2463 1251 2532 corporali
1287 2463 1525 2533 physica
1568 2450 1657 2515 v‘el
1688 2462 1936 2516 coelesti.
2017 2462 2158 2516 Vide
2191 2461 2433 2531 Epitom.
2463 2465 2614 2516 Astr.
2656 2462 2750 2516 lib.
2781 2461 2844 2524 1..
2886 2461 2982 2526 ubi
3023 2463 3090 2514 de

371 2541 555 2611 figura
593 2543 733 2596 coeli
774 2543 983 2613 agitur.

531 2635 593 2707 d)
635 2641 803 2694 Ratio
830 2640 1123 2696 Aristoteli
1148 2640 1439 2704 ,familiaris
1466 2640 1557 2694 hic
1584 2640 2004 2709 impertinenter
2031 2639 2352 2701 adhibetur;
2385 2640 2492 2694 imo
2521 2657 2592 2693 ne
2627 2638 2954 2709 principium
2982 2638 3100 2708 qui·

373 2723 493 2774 dem
522 2723 688 2775 datur
715 2719 955 2791 alicujus
982 2737 1273 2793 regressus
1304 2721 1360 2774 in
1388 2721 1737 2793 assignandis
1766 2721 2096 2784 rationibus,
2129 2720 2226 2774 ubi
2251 2721 2396 2774 ratio
2423 2720 2594 2790 plane
2622 2719 2784 2773 nulla
2807 2724 2914 2772 est.

531 2816 587 2884 e)
630 2818 705 2882 Si,
754 2820 992 2890 inquam,
1040 2836 1151 2873 non
1196 2826 1287 2874 est
1331 2818 1545 2875 initium
1592 2820 1773 2890 operis
1821 2819 2134 2873 faciendum
2175 2820 2293 2873 sine
2337 2819 2571 2882 ratione,
2621 2819 2834 2872 nullum
2861 2834 3103 2889 unquam
3199 2816 3208 2827 '

376 2900 591 2953 initium
632 2900 743 2953 erit
786 2899 1124 2962 faciendum;
1168 2899 1412 2954 rat-iones
1460 2900 1603 2954 enim
1652 2902 1721 2953 ad
1767 2901 1874 2954 hoc
1919 2901 2012 2953 vel
2040 2899 2174 2954 illud
2223 2900 2452 2971 initium,
2500 2898 2596 2952 ubi
2642 2900 2844 2952 dantur
2869 2898 3099 2961 infinita,

372 2979 543 3050 plane
582 2980 771 3033 nullae
810 2987 956 3035 sunt.
1044 2981 1201 3043 Quod
1246 2980 1419 3050 igitur
1466 2982 1522 3034 in
1565 2979 1786 3034 infinitis
1827 2981 2046 3049 punctis
2075 2980 2194 3033 fieri
2233 2996 2410 3050 aeque
2437 2986 2646 3048 posset,
2697 2978 2756 3031 id
2789 2995 2912 3033 cum
2955 2978 3022 3032 fit
3048 2979 3102 3032 in

372 3077 561 3115 eorum
586 3076 697 3113 uno
746 3060 948 3131 aliquo,
996 3066 1225 3131 praeter
1272 3076 1482 3115 omnem
1520 3059 1793 3115 rationem
1841 3068 1954 3124 est,
2007 3060 2148 3131 quod
2195 3059 2250 3113 in
2290 3077 2356 3113 eo
2397 3059 2740 3131 potissimum
2783 3058 2892 3112 fuit
2934 3074 3096 3128 prae-

382 3140 560 3195 teritis
604 3140 745 3193 aliis.

534 3214 585 3289 f)
629 3220 799 3290 Atqui
842 3219 1153 3291 geometria
1190 3221 1351 3273 docet
1390 3219 1723 3274 locationem
1768 3219 2068 3291 pyramidis
2113 3218 2167 3271 in
2210 3220 2348 3272 cubo
2395 3218 2562 3289 longe
2601 3218 3000 3272 concinniorem
3045 3224 3107 3273 et

376 3300 787 3371 perfectiorem:
820 3299 1233 3363 concinniorem,
1281 3300 1412 3369 quia
1440 3316 1581 3370 quae
1607 3300 1754 3353 ratio
1783 3307 1874 3353 est
1901 3299 2271 3369 inscriptionis
2299 3297 2675 3369 geometricae
2715 3299 2862 3352 illius
2894 3299 2948 3352 in
2978 3298 3103 3359 isto,

375 3382 569 3435 eadem
605 3381 775 3435 etiam
819 3381 873 3433 in
914 3381 1113 3434 mundo
1162 3377 1441 3434 concinna*
1453 3381 1592 3434 erit:
1642 3386 1703 3433 at
1730 3380 2067 3451 geometrice
2115 3380 2358 3449 pyramis
2389 3380 2528 3432 cubo
2557 3379 2636 3432 sic
2665 3378 2993 3442 inscribitur,
3042 3384 3106 3433 ut

378 3461 665 3531 quodlibet
692 3460 841 3514 latus
872 3458 1173 3530 pyramidis
1204 3462 1305 3515 fiat
1330 3461 1620 3531 diagonios
1650 3460 1811 3513 unius
1853 3459 2008 3528 plani
2051 3458 2252 3513 cubici:
2297 3458 2680 3528 perfectiorem
2709 3476 2856 3523 vero,
2902 3460 3032 3531 quia
3059 3458 3104 3511 si

376 3543 615 3595 maxime
644 3541 795 3594 basis
824 3556 938 3593 una
966 3540 1265 3609 pyramidis
1290 3541 1395 3595 fiat
1420 3540 1701 3611 parallela
1730 3540 1854 3594 basi
1881 3540 1976 3593 uni
2005 3540 2146 3603 cubi,
2179 3544 2364 3592 tamen
2394 3540 2572 3592 adhuc
2603 3540 2814 3592 incerta
2841 3548 2928 3591 est
2955 3540 3104 3592 loca-

380 3622 457 3675 tio
505 3623 743 3675 laterum
785 3622 937 3674 basis
984 3620 1305 3691 triangulae
1352 3612 1531 3684 tri‘um,
1584 3626 1842 3690 respectu
1891 3620 2130 3673 laterum
2184 3618 2335 3673 basis
2383 3620 2802 3689 quadrangulae
2851 3624 3104 3688 quatuor.

378 3702 577 3756 Potest
604 3702 747 3755 enim
777 3700 1063 3772 quodlibet
1088 3700 1309 3756 illorum
1350 3700 1581 3755 cuilibet
1623 3702 1814 3755 horum
1843 3700 2175 3769 parallelum
2220 3699 2420 3761 statui;
2470 3706 2658 3768 potest
2688 3706 2744 3751 et
2775 3698 3105 3769 angulorum

376 3783 470 3835 uni
500 3780 755 3836 obtendi:
800 3786 867 3834 ut
892 3782 1365 3850 perpendicularis
1395 3783 1579 3851 potius
1612 3782 1768 3851 plani
1796 3779 2158 3851 triangularis
2189 3795 2310 3833 cum
2353 3780 2532 3832 latere
2561 3780 2684 3833 cubi
2731 3779 2782 3831 in
2815 3779 2954 3832 idem
2981 3777 3103 3847 pla-

375 3878 503 3916 num
548 3868 847 3930 competat.
930 3860 1181 3931 Denique
1232 3862 1486 3931 perfecta
1532 3862 1737 3916 locatio
1779 3878 1888 3914 non
1933 3868 2037 3923 est,
2089 3860 2204 3914 ubi·
2229 3876 2336 3913 non
2385 3860 2631 3926 omnibus
2675 3860 2852 3927 planis
2898 3856 3104 3911 similes

379 3942 516 3996 situs
548 3942 906 4013 contingunt;
953 3946 1015 3995 at
1061 3958 1179 3996 cum
1208 3958 1375 3996 unum
1415 3942 1717 4013 pyramidis
1748 3941 1976 4010 planum
2019 3940 2084 3993 fit
2123 3940 2458 4009 parallelum
2499 3942 2670 4011 plano
2703 3942 2842 4001 cubi,
2887 3938 3106 4007 reliqua

380 4022 555 4085 illius,
588 4022 725 4075 nulli
754 4022 921 4089 hujus
952 4027 1116 4074 erunt
1142 4022 1459 4091 parallela;
1503 4022 1645 4075 idem
1675 4028 1734 4075 et
1761 4022 1828 4073 de
1857 4020 2128 4074 lateribus
2159 4028 2220 4073 et
2246 4022 2312 4073 de
2344 4021 2568 4090 ang-ulis
2599 4020 2802 4073 dictum
2831 4026 2970 4072 esto.

536 4096 605 4173 g)
656 4102 761 4155 Hic
800 4102 919 4170 jam
960 4101 1097 4154 sit-us
1138 4103 1210 4155 ab
1246 4110 1483 4172 utraque
1530 4104 1715 4175 figura
1741 4102 2023 4163 abhorret,
2069 4108 2129 4154 et
2172 4116 2208 4154 a
2246 4101 2528 4171 pyramide
2568 4108 2626 4154 et
2656 4117 2690 4151 a
2722 4100 2880 4153 cubo.
2966 4099 3104 4152 Nam

378 4182 661 4253 inscriptio
690 4180 1029 4254 geometrica
1058 4182 1233 4244 docet,
1265 4183 1501 4252 angulos
1530 4182 1715 4252 potius
1747 4186 1985 4252 quatuor
2011 4180 2314 4250 pyramidis
2343 4180 2544 4235 debere
2566 4180 2734 4251 jungi
2766 4174 2882 4247 (vel
2913 4194 3103 4247 super-

378 4256 537 4332 poni)
568 4261 797 4316 totidem
826 4260 1047 4332 anguiis
1076 4263 1142 4315 de
1172 4263 1496 4316 dodecaedri
1522 4262 1739 4333 viginti.
1826 4260 1914 4315 Sic
1953 4262 2146 4314 eadem
2191 4260 2470 4330 inscriptio
2509 4261 2854 4332 geometrica
2899 4258 3022 4315 cubi
3052 4258 3104 4311 in

379 4344 755 4397 dodecaedron
798 4344 974 4405 docet,
1006 4340 1297 4413 diagonios
1327 4343 1655 4396 dodecaedri
1685 4348 1808 4395 octo
1841 4342 1907 4394 de
1936 4340 2235 4405 duodecim,
2277 4340 2394 4394 fieri
2435 4350 2560 4395 octo
2589 4328 2777 4395 satera
2803 4340 2957 4394 cubi:
2999 4338 3103 4391 ita-

326 4442 335 4451 ·
380 4438 483 4493 que
514 4423 561 4475 si
590 4423 970 4476 dodecaedron
996 4422 1235 4476 vicissim
1278 4422 1353 4476 sit
1394 4422 1543 4477 intra
1581 4423 1794 4485 cubum,
1848 4426 2070 4490 oportet
2109 4422 2176 4474 de
2207 4418 2441 4491 triginta
2479 4420 2748 4475 lateribus
2779 4417 3104 4473 dodecaedri

380 4517 516 4557 sena
544 4502 889 4557 subordinari
917 4502 1063 4555 senis
1092 4502 1274 4571 planis
1306 4504 1431 4556 cubi
1460 4503 1571 4556 situ
1598 4502 1896 4571 parallelo.
2855 4560 2858 4567 ¹

537 4578 599 4647 h)
638 4584 759 4635 Hoc
786 4588 953 4652 pacto
980 4582 1341 4651 respondebit
1360 4583 1573 4652 quidem
1602 4582 1740 4637 situs
1771 4582 2017 4637 octaedri
2047 4580 2221 4636 intimi
2264 4581 2316 4635 in
2347 4581 2485 4635 cubo
2515 4579 2722 4634 extimo
2763 4576 3102 4647 inscriptioni

378 4662 751 4734 geometricae
779 4662 1025 4730 ejusdem
1054 4660 1111 4714 in
1140 4662 1306 4715 cubo:
1338 4669 1401 4717 at
1416 4661 1705 4734 pyramidi,
1749 4662 2109 4725 dodecaedrm
2158 4662 2442 4716 icosaedro
2473 4677 2580 4714 non
2609 4658 2861 4731 legitime
2890 4675 3100 4713 accom-

379 4742 709 4805 modabitur,
758 4742 862 4796 nisi
910 4741 1047 4795 situs
1086 4740 1301 4796 illorum
1345 4741 1398 4796 in
1446 4744 1585 4796 cubo
1634 4744 1703 4797 ad
1751 4742 1910 4812 leges
1949 4742 2069 4811 jam
2114 4739 2490 4811 praescriptas
2529 4740 2867 4795 emendetur.
2951 4740 3106 4801 Tunc

379 4822 523 4877 enim
566 4828 897 4877 concurrent
942 4819 998 4874 in
1034 4838 1147 4875 una
1187 4830 1347 4877 recta
1392 4822 1543 4876 linea
1588 4840 1663 4875 ex
1705 4828 1896 4876 centro
1939 4822 2208 4877 communi
2259 4822 2563 4892 figurarum
2601 4818 2834 4873 omnium
2883 4818 3100 4879 educta,

386 4898 443 4969 1)
491 4903 733 4979 angulus
764 4900 1028 4964 octaedri,
1078 4900 1143 4975 2)
1172 4902 1412 4959 laterum
1440 4902 1725 4971 icosaedri,
1773 4898 1834 4973 3)
1865 4900 2206 4967 dodecaedri,
2254 4898 2312 4966 4)
2343 4898 2640 4976 pyramidis
2669 4896 2848 4955 media
2874 4902 3099 4971 puncta,
