<?xml version="1.0" encoding="UTF-8"?>
<!DOCTYPE html PUBLIC "-//W3C//DTD XHTML 1.0 Transitional//EN"
    "http://www.w3.org/TR/xhtml1/DTD/xhtml1-transitional.dtd">
<html xmlns="http://www.w3.org/1999/xhtml" xml:lang="en" lang="en">
 <head>
  <title>
</title>
<meta http-equiv="Content-Type" content="text/html;charset=utf-8" />
  <meta name='ocr-system' content='tesseract 3.04.00' />
  <meta name='ocr-capabilities' content='ocr_page ocr_carea ocr_par ocr_line ocrx_word'/>
</head>
<body>
  <div class='ocr_page' id='page_1' title='image "./joanniskepleria30frisgoog_0443.png"; bbox 0 0 3634 5575; ppageno 0'>
   <div class='ocr_carea' id='block_1_1' title="bbox 593 329 2191 406">
    <p class='ocr_par' dir='ltr' id='par_1_1' title="bbox 593 329 2191 406">
     <span class='ocr_line' id='line_1_1' title="bbox 593 329 2191 406; baseline -0.012 1"><span class='ocrx_word' id='word_1_1' title='bbox 593 335 731 406; x_wconf 71' lang='lat'><strong>424</strong></span> <span class='ocrx_word' id='word_1_2' title='bbox 1515 371 1519 376; x_wconf 63' lang='grc'><strong><em>«</em></strong></span> <span class='ocrx_word' id='word_1_3' title='bbox 1615 401 1617 403; x_wconf 76' lang='lat'><em>.</em></span> <span class='ocrx_word' id='word_1_4' title='bbox 1715 329 1796 389; x_wconf 74' lang='lat' dir='ltr'><strong>‘De</strong></span> <span class='ocrx_word' id='word_1_5' title='bbox 1830 335 2191 388; x_wconf 68' lang='lat' dir='ltr'><strong>mammes</strong></span> 
     </span>
    </p>
   </div>
   <div class='ocr_carea' id='block_1_2' title="bbox 485 493 3341 2711">
    <p class='ocr_par' dir='ltr' id='par_1_2' title="bbox 773 493 3329 578">
     <span class='ocr_line' id='line_1_2' title="bbox 773 493 3329 578; baseline -0.002 -17"><span class='ocrx_word' id='word_1_6' title='bbox 773 497 1178 562; x_wconf 82' lang='lat' dir='ltr'><strong>Differentiae</strong></span> <span class='ocrx_word' id='word_1_7' title='bbox 1225 515 1368 576; x_wconf 85' lang='lat' dir='ltr'><strong>ergo</strong></span> <span class='ocrx_word' id='word_1_8' title='bbox 1418 497 1482 560; x_wconf 90' lang='lat' dir='ltr'><strong>in</strong></span> <span class='ocrx_word' id='word_1_9' title='bbox 1525 496 1871 559; x_wconf 87' lang='lat' dir='ltr'><strong>universum</strong></span> <span class='ocrx_word' id='word_1_10' title='bbox 1918 493 2271 577; x_wconf 89' lang='lat' dir='ltr'><strong>quindecim.</strong></span> <span class='ocrx_word' id='word_1_11' title='bbox 2360 493 2501 558; x_wconf 83' lang='lat' dir='ltr'><strong>Jam</strong></span> <span class='ocrx_word' id='word_1_12' title='bbox 2538 494 2871 574; x_wconf 86' lang='lat' dir='ltr'><strong>videamus,</strong></span> <span class='ocrx_word' id='word_1_13' title='bbox 2920 494 3163 578; x_wconf 85' lang='lat' dir='ltr'><strong>quinam</strong></span> <span class='ocrx_word' id='word_1_14' title='bbox 3216 493 3329 557; x_wconf 83' lang='lat' dir='ltr'><strong>in-</strong></span> 
     </span>
    </p>

    <p class='ocr_par' dir='ltr' id='par_1_3' title="bbox 597 584 2615 738">
     <span class='ocr_line' id='line_1_3' title="bbox 597 584 2615 668; baseline -0.002 -16"><span class='ocrx_word' id='word_1_15' title='bbox 597 597 694 652; x_wconf 88' lang='lat' dir='ltr'><strong>ter</strong></span> <span class='ocrx_word' id='word_1_16' title='bbox 737 589 849 652; x_wconf 90' lang='lat' dir='ltr'><strong>has</strong></span> <span class='ocrx_word' id='word_1_17' title='bbox 897 587 1190 661; x_wconf 87' lang='lat' dir='ltr'><strong>delectus,</strong></span> <span class='ocrx_word' id='word_1_18' title='bbox 1238 594 1304 648; x_wconf 91' lang='lat' dir='ltr'><strong>et</strong></span> <span class='ocrx_word' id='word_1_19' title='bbox 1349 605 1644 668; x_wconf 83' lang='lat' dir='ltr'><strong>quaenam</strong></span> <span class='ocrx_word' id='word_1_20' title='bbox 1691 585 1816 647; x_wconf 86' lang='lat' dir='ltr'><strong>sint</strong></span> <span class='ocrx_word' id='word_1_21' title='bbox 1862 585 2221 649; x_wconf 73' lang='lat' dir='ltr'><strong>naturaliter</strong></span> <span class='ocrx_word' id='word_1_22' title='bbox 2266 584 2615 648; x_wconf 73' lang='grc' dir='ltr'><strong>ἀσυστατοι.</strong></span> 
     </span>
     <span class='ocr_line' id='line_1_4' title="bbox 1679 674 2225 738; baseline 0.004 -2"><span class='ocrx_word' id='word_1_23' title='bbox 1679 674 1939 738; x_wconf 87' lang='lat' dir='ltr'><strong>Thesis</strong></span> <span class='ocrx_word' id='word_1_24' title='bbox 1986 674 2225 738; x_wconf 87' lang='lat' dir='ltr'><strong>XXIII.</strong></span> 
     </span>
    </p>

    <p class='ocr_par' dir='ltr' id='par_1_4' title="bbox 600 761 3329 1273">
     <span class='ocr_line' id='line_1_5' title="bbox 778 761 3329 843; baseline -0.002 -16"><span class='ocrx_word' id='word_1_25' title='bbox 778 764 1046 828; x_wconf 89' lang='lat' dir='ltr'><strong>Primum</strong></span> <span class='ocrx_word' id='word_1_26' title='bbox 1093 763 1320 825; x_wconf 90' lang='lat' dir='ltr'><strong>nullum</strong></span> <span class='ocrx_word' id='word_1_27' title='bbox 1367 781 1682 826; x_wconf 77' lang='lat' dir='ltr'><strong>excessum</strong></span> <span class='ocrx_word' id='word_1_28' title='bbox 1737 764 1833 825; x_wconf 85' lang='lat' dir='ltr'><strong>vel</strong></span> <span class='ocrx_word' id='word_1_29' title='bbox 1895 764 2195 826; x_wconf 85' lang='lat' dir='ltr'><strong>defectum</strong></span> <span class='ocrx_word' id='word_1_30' title='bbox 2242 761 2579 824; x_wconf 86' lang='lat' dir='ltr'><strong>solitarium</strong></span> <span class='ocrx_word' id='word_1_31' title='bbox 2634 763 2764 826; x_wconf 86' lang='lat' dir='ltr'><strong>sine</strong></span> <span class='ocrx_word' id='word_1_32' title='bbox 2820 761 3329 843; x_wconf 79' lang='lat' dir='ltr'><strong>compensat-ione</strong></span> 
     </span>
     <span class='ocr_line' id='line_1_6' title="bbox 601 850 3327 932; baseline -0.002 -16"><span class='ocrx_word' id='word_1_33' title='bbox 601 853 938 916; x_wconf 76' lang='lat' dir='ltr'><strong>consistere</strong></span> <span class='ocrx_word' id='word_1_34' title='bbox 986 871 1242 932; x_wconf 89' lang='lat' dir='ltr'><strong>aequum</strong></span> <span class='ocrx_word' id='word_1_35' title='bbox 1289 859 1404 915; x_wconf 89' lang='lat' dir='ltr'><strong>est.</strong></span> <span class='ocrx_word' id='word_1_36' title='bbox 1497 853 1594 914; x_wconf 86' lang='lat' dir='ltr'><strong>Ex</strong></span> <span class='ocrx_word' id='word_1_37' title='bbox 1638 853 1929 915; x_wconf 80' lang='lat' dir='ltr'><strong>solitariis</strong></span> <span class='ocrx_word' id='word_1_38' title='bbox 1973 852 2178 932; x_wconf 87' lang='lat' dir='ltr'><strong>itaque</strong></span> <span class='ocrx_word' id='word_1_39' title='bbox 2228 871 2361 926; x_wconf 86' lang='lat' dir='ltr'><strong>sex,</strong></span> <span class='ocrx_word' id='word_1_40' title='bbox 2428 857 2683 932; x_wconf 82' lang='lat' dir='ltr'><strong>quatuor</strong></span> <span class='ocrx_word' id='word_1_41' title='bbox 2738 853 2980 914; x_wconf 81' lang='lat' dir='ltr'><strong>cadunt.</strong></span> <span class='ocrx_word' id='word_1_42' title='bbox 3068 850 3327 914; x_wconf 83' lang='lat' dir='ltr'><strong>Medio-</strong></span> 
     </span>
     <span class='ocr_line' id='line_1_7' title="bbox 605 939 3327 1022; baseline -0.001 -18"><span class='ocrx_word' id='word_1_43' title='bbox 605 942 794 1006; x_wconf 83' lang='lat' dir='ltr'><strong>critas</strong></span> <span class='ocrx_word' id='word_1_44' title='bbox 845 961 996 1004; x_wconf 77' lang='lat' dir='ltr'><strong>vero</strong></span> <span class='ocrx_word' id='word_1_45' title='bbox 1031 940 1254 1003; x_wconf 90' lang='lat' dir='ltr'><strong>caloris</strong></span> <span class='ocrx_word' id='word_1_46' title='bbox 1303 941 1816 1014; x_wconf 78' lang='lat' dir='ltr'><strong>(mediocritatem</strong></span> <span class='ocrx_word' id='word_1_47' title='bbox 1860 941 2245 1021; x_wconf 84' lang='lat' dir='ltr'><strong>proportione</strong></span> <span class='ocrx_word' id='word_1_48' title='bbox 2290 941 2515 1017; x_wconf 89' lang='lat' dir='ltr'><strong>mundi,</strong></span> <span class='ocrx_word' id='word_1_49' title='bbox 2563 959 2680 1002; x_wconf 90' lang='lat' dir='ltr'><strong>non</strong></span> <span class='ocrx_word' id='word_1_50' title='bbox 2729 939 3069 1022; x_wconf 85' lang='lat' dir='ltr'><strong>quantitate</strong></span> <span class='ocrx_word' id='word_1_51' title='bbox 3118 939 3327 1002; x_wconf 84' lang='lat' dir='ltr'><strong>aesti-</strong></span> 
     </span>
     <span class='ocr_line' id='line_1_8' title="bbox 600 1028 3328 1110; baseline -0.002 -16"><span class='ocrx_word' id='word_1_52' title='bbox 600 1031 928 1105; x_wconf 88' lang='lat' dir='ltr'><strong>mabimus)</strong></span> <span class='ocrx_word' id='word_1_53' title='bbox 975 1030 1202 1092; x_wconf 87' lang='lat' dir='ltr'><strong>collata</strong></span> <span class='ocrx_word' id='word_1_54' title='bbox 1249 1037 1346 1092; x_wconf 84' lang='lat' dir='ltr'><strong>est</strong></span> <span class='ocrx_word' id='word_1_55' title='bbox 1390 1030 1450 1104; x_wconf 79' lang='lat' dir='ltr'><strong>in</strong></span> <span class='ocrx_word' id='word_1_56' title='bbox 1497 1048 1716 1110; x_wconf 87' lang='lat' dir='ltr'><strong>corpus</strong></span> <span class='ocrx_word' id='word_1_57' title='bbox 1747 1028 1984 1106; x_wconf 88' lang='lat' dir='ltr'><strong>Solare,</strong></span> <span class='ocrx_word' id='word_1_58' title='bbox 2012 1030 2134 1110; x_wconf 83' lang='lat' dir='ltr'><strong>.qui</strong></span> <span class='ocrx_word' id='word_1_59' title='bbox 2180 1049 2341 1091; x_wconf 87' lang='lat' dir='ltr'><strong>mere</strong></span> <span class='ocrx_word' id='word_1_60' title='bbox 2387 1029 2631 1109; x_wconf 86' lang='lat' dir='ltr'><strong>propria</strong></span> <span class='ocrx_word' id='word_1_61' title='bbox 2656 1029 2787 1093; x_wconf 89' lang='lat' dir='ltr'><strong>luce</strong></span> <span class='ocrx_word' id='word_1_62' title='bbox 2818 1029 3032 1092; x_wconf 88' lang='lat' dir='ltr'><strong>utitur:</strong></span> <span class='ocrx_word' id='word_1_63' title='bbox 3080 1029 3328 1091; x_wconf 87' lang='lat' dir='ltr'><strong>medio-</strong></span> 
     </span>
     <span class='ocr_line' id='line_1_9' title="bbox 601 1117 3327 1199; baseline -0.001 -17"><span class='ocrx_word' id='word_1_64' title='bbox 601 1121 786 1184; x_wconf 80' lang='lat' dir='ltr'><strong>critas</strong></span> <span class='ocrx_word' id='word_1_65' title='bbox 832 1119 1218 1183; x_wconf 81' lang='lat' dir='ltr'><strong>humectandi</strong></span> <span class='ocrx_word' id='word_1_66' title='bbox 1262 1119 1322 1182; x_wconf 89' lang='lat' dir='ltr'><strong>in</strong></span> <span class='ocrx_word' id='word_1_67' title='bbox 1371 1137 1586 1199; x_wconf 88' lang='lat' dir='ltr'><strong>corpus</strong></span> <span class='ocrx_word' id='word_1_68' title='bbox 1633 1120 1896 1192; x_wconf 87' lang='lat' dir='ltr'><strong>Lunare,</strong></span> <span class='ocrx_word' id='word_1_69' title='bbox 1946 1138 2097 1199; x_wconf 88' lang='lat' dir='ltr'><strong>quae</strong></span> <span class='ocrx_word' id='word_1_70' title='bbox 2128 1137 2291 1182; x_wconf 88' lang='lat' dir='ltr'><strong>mere</strong></span> <span class='ocrx_word' id='word_1_71' title='bbox 2336 1119 2687 1184; x_wconf 87' lang='lat' dir='ltr'><strong>mutuatitia</strong></span> <span class='ocrx_word' id='word_1_72' title='bbox 2728 1118 2895 1183; x_wconf 85' lang='lat' dir='ltr'><strong>Solis</strong></span> <span class='ocrx_word' id='word_1_73' title='bbox 2942 1126 3007 1180; x_wconf 88' lang='lat' dir='ltr'><strong>et</strong></span> <span class='ocrx_word' id='word_1_74' title='bbox 3052 1117 3327 1181; x_wconf 87' lang='lat' dir='ltr'><strong>siderum</strong></span> 
     </span>
     <span class='ocr_line' id='line_1_10' title="bbox 601 1210 986 1273; baseline -0.01 -1"><span class='ocrx_word' id='word_1_75' title='bbox 601 1210 732 1273; x_wconf 90' lang='lat' dir='ltr'><strong>luce</strong></span> <span class='ocrx_word' id='word_1_76' title='bbox 779 1210 986 1272; x_wconf 87' lang='lat' dir='ltr'><strong>utitur.</strong></span> 
     </span>
    </p>

    <p class='ocr_par' dir='ltr' id='par_1_5' title="bbox 1675 1295 2227 1358">
     <span class='ocr_line' id='line_1_11' title="bbox 1675 1295 2227 1358; baseline 0.002 -1"><span class='ocrx_word' id='word_1_77' title='bbox 1675 1295 1942 1358; x_wconf 87' lang='lat' dir='ltr'><strong>Thesis</strong></span> <span class='ocrx_word' id='word_1_78' title='bbox 1987 1295 2227 1358; x_wconf 85' lang='lat' dir='ltr'><strong>XXIV.</strong></span> 
     </span>
    </p>

    <p class='ocr_par' dir='ltr' id='par_1_6' title="bbox 485 1379 3341 2711">
     <span class='ocr_line' id='line_1_12' title="bbox 779 1379 3327 1466; baseline -0.002 -18"><span class='ocrx_word' id='word_1_79' title='bbox 779 1385 1017 1449; x_wconf 89' lang='lat' dir='ltr'><strong>Deinde</strong></span> <span class='ocrx_word' id='word_1_80' title='bbox 1063 1404 1256 1466; x_wconf 90' lang='lat' dir='ltr'><strong>neque</strong></span> <span class='ocrx_word' id='word_1_81' title='bbox 1305 1403 1591 1452; x_wconf 88' lang='lat' dir='ltr'><strong>excessus</strong></span> <span class='ocrx_word' id='word_1_82' title='bbox 1641 1385 1930 1448; x_wconf 87' lang='lat' dir='ltr'><strong>cumulari</strong></span> <span class='ocrx_word' id='word_1_83' title='bbox 1986 1383 2354 1465; x_wconf 82' lang='lat' dir='ltr'><strong>expediebat</strong></span> <span class='ocrx_word' id='word_1_84' title='bbox 2406 1384 2505 1446; x_wconf 86' lang='lat' dir='ltr'><strong>vel</strong></span> <span class='ocrx_word' id='word_1_85' title='bbox 2563 1383 2855 1447; x_wconf 83' lang='lat' dir='ltr'><strong>defectus.</strong></span> <span class='ocrx_word' id='word_1_86' title='bbox 2948 1379 3109 1446; x_wconf 83' lang='lat' dir='ltr'><strong>Sunt</strong></span> <span class='ocrx_word' id='word_1_87' title='bbox 3156 1383 3327 1445; x_wconf 88' lang='lat' dir='ltr'><strong>enim</strong></span> 
     </span>
     <span class='ocr_line' id='line_1_13' title="bbox 610 1472 3329 1555; baseline -0.001 -16"><span class='ocrx_word' id='word_1_88' title='bbox 610 1498 650 1539; x_wconf 88' lang='lat' dir='ltr'><strong>a</strong></span> <span class='ocrx_word' id='word_1_89' title='bbox 695 1481 916 1538; x_wconf 88' lang='lat' dir='ltr'><strong>natura</strong></span> <span class='ocrx_word' id='word_1_90' title='bbox 960 1476 1140 1555; x_wconf 89' lang='lat' dir='ltr'><strong>paulo</strong></span> <span class='ocrx_word' id='word_1_91' title='bbox 1188 1472 1538 1550; x_wconf 86' lang='lat' dir='ltr'><strong>alieniores,</strong></span> <span class='ocrx_word' id='word_1_92' title='bbox 1601 1493 1713 1535; x_wconf 88' lang='lat' dir='ltr'><strong>nec</strong></span> <span class='ocrx_word' id='word_1_93' title='bbox 1759 1472 1877 1536; x_wconf 90' lang='lat' dir='ltr'><strong>nisi</strong></span> <span class='ocrx_word' id='word_1_94' title='bbox 1922 1473 2359 1554; x_wconf 85' lang='lat' dir='ltr'><strong>contemperati</strong></span> <span class='ocrx_word' id='word_1_95' title='bbox 2406 1491 2693 1536; x_wconf 85' lang='lat' dir='ltr'><strong>excessus</strong></span> <span class='ocrx_word' id='word_1_96' title='bbox 2740 1491 2875 1536; x_wconf 88' lang='lat' dir='ltr'><strong>cum</strong></span> <span class='ocrx_word' id='word_1_97' title='bbox 2921 1472 3163 1534; x_wconf 85' lang='lat' dir='ltr'><strong>defectu</strong></span> <span class='ocrx_word' id='word_1_98' title='bbox 3208 1491 3329 1535; x_wconf 85' lang='lat' dir='ltr'><strong>re-</strong></span> 
     </span>
     <span class='ocr_line' id='line_1_14' title="bbox 607 1563 3333 1646; baseline -0.002 -17"><span class='ocrx_word' id='word_1_99' title='bbox 607 1565 924 1645; x_wconf 88' lang='lat' dir='ltr'><strong>cipiuntur.</strong></span> <span class='ocrx_word' id='word_1_100' title='bbox 1013 1566 1228 1644; x_wconf 89' lang='lat' dir='ltr'><strong>Itaque</strong></span> <span class='ocrx_word' id='word_1_101' title='bbox 1275 1563 1474 1646; x_wconf 83' lang='lat' dir='ltr'><strong>nullus</strong></span> <span class='ocrx_word' id='word_1_102' title='bbox 1521 1564 1769 1643; x_wconf 89' lang='lat' dir='ltr'><strong>planeta</strong></span> <span class='ocrx_word' id='word_1_103' title='bbox 1813 1563 2015 1625; x_wconf 83' lang='lat' dir='ltr'><strong>factus</strong></span> <span class='ocrx_word' id='word_1_104' title='bbox 2062 1565 2175 1639; x_wconf 82' lang='lat' dir='ltr'><strong>est,</strong></span> <span class='ocrx_word' id='word_1_105' title='bbox 2226 1563 2325 1643; x_wconf 89' lang='lat' dir='ltr'><strong>qui</strong></span> <span class='ocrx_word' id='word_1_106' title='bbox 2370 1570 2685 1643; x_wconf 82' lang='lat' dir='ltr'><strong>utrumque</strong></span> <span class='ocrx_word' id='word_1_107' title='bbox 2731 1563 2829 1624; x_wconf 90' lang='lat' dir='ltr'><strong>vel</strong></span> <span class='ocrx_word' id='word_1_108' title='bbox 2858 1579 3175 1622; x_wconf 81' lang='lat' dir='ltr'><strong>excessum</strong></span> <span class='ocrx_word' id='word_1_109' title='bbox 3220 1563 3333 1623; x_wconf 82' lang='lat' dir='ltr'><strong>vel</strong></span> 
     </span>
     <span class='ocr_line' id='line_1_15' title="bbox 606 1649 3328 1732; baseline -0.001 -17"><span class='ocrx_word' id='word_1_110' title='bbox 606 1654 910 1716; x_wconf 86' lang='lat' dir='ltr'><strong>defectum</strong></span> <span class='ocrx_word' id='word_1_111' title='bbox 957 1653 1351 1732; x_wconf 84' lang='lat' dir='ltr'><strong>suscepisset.</strong></span> <span class='ocrx_word' id='word_1_112' title='bbox 1443 1652 1712 1714; x_wconf 82' lang='lat' dir='ltr'><strong>Restant</strong></span> <span class='ocrx_word' id='word_1_113' title='bbox 1749 1671 1891 1731; x_wconf 86' lang='lat' dir='ltr'><strong>ergo</strong></span> <span class='ocrx_word' id='word_1_114' title='bbox 1942 1651 2317 1714; x_wconf 88' lang='lat' dir='ltr'><strong>differentiae</strong></span> <span class='ocrx_word' id='word_1_115' title='bbox 2366 1670 2442 1712; x_wconf 89' lang='lat' dir='ltr'><strong>ex</strong></span> <span class='ocrx_word' id='word_1_116' title='bbox 2478 1649 3019 1714; x_wconf 88' lang='lat' dir='ltr'><strong>combinationibus</strong></span> <span class='ocrx_word' id='word_1_117' title='bbox 3058 1659 3328 1731; x_wconf 83' lang='lat' dir='ltr'><strong>septem.</strong></span> 
     </span>
     <span class='ocr_line' id='line_1_16' title="bbox 604 1739 3331 1823; baseline -0.002 -16"><span class='ocrx_word' id='word_1_118' title='bbox 604 1744 800 1807; x_wconf 91' lang='lat' dir='ltr'><strong>Porro</strong></span> <span class='ocrx_word' id='word_1_119' title='bbox 845 1761 922 1804; x_wconf 86' lang='lat' dir='ltr'><strong>ex</strong></span> <span class='ocrx_word' id='word_1_120' title='bbox 967 1741 1062 1804; x_wconf 90' lang='lat' dir='ltr'><strong>his</strong></span> <span class='ocrx_word' id='word_1_121' title='bbox 1107 1741 1202 1803; x_wconf 90' lang='lat' dir='ltr'><strong>bis</strong></span> <span class='ocrx_word' id='word_1_122' title='bbox 1248 1741 1426 1802; x_wconf 86' lang='lat' dir='ltr'><strong>binae</strong></span> <span class='ocrx_word' id='word_1_123' title='bbox 1474 1741 1684 1802; x_wconf 87' lang='lat' dir='ltr'><strong>eodem</strong></span> <span class='ocrx_word' id='word_1_124' title='bbox 1731 1740 2026 1802; x_wconf 88' lang='lat' dir='ltr'><strong>recidunt.</strong></span> <span class='ocrx_word' id='word_1_125' title='bbox 2118 1739 2351 1802; x_wconf 88' lang='lat' dir='ltr'><strong>Eadem</strong></span> <span class='ocrx_word' id='word_1_126' title='bbox 2398 1739 2555 1802; x_wconf 88' lang='lat' dir='ltr'><strong>enim</strong></span> <span class='ocrx_word' id='word_1_127' title='bbox 2600 1747 2701 1802; x_wconf 88' lang='lat' dir='ltr'><strong>est</strong></span> <span class='ocrx_word' id='word_1_128' title='bbox 2740 1739 3049 1823; x_wconf 88' lang='lat' dir='ltr'><strong>proportio</strong></span> <span class='ocrx_word' id='word_1_129' title='bbox 3096 1758 3331 1803; x_wconf 84' lang='lat' dir='ltr'><strong>exces-</strong></span> 
     </span>
     <span class='ocr_line' id='line_1_17' title="bbox 607 1827 3329 1909; baseline -0.001 -16"><span class='ocrx_word' id='word_1_130' title='bbox 607 1851 710 1894; x_wconf 89' lang='lat' dir='ltr'><strong>sus</strong></span> <span class='ocrx_word' id='word_1_131' title='bbox 767 1831 986 1893; x_wconf 86' lang='lat' dir='ltr'><strong>caloris</strong></span> <span class='ocrx_word' id='word_1_132' title='bbox 1043 1831 1122 1893; x_wconf 86' lang='lat' dir='ltr'><strong>ad</strong></span> <span class='ocrx_word' id='word_1_133' title='bbox 1182 1829 1667 1892; x_wconf 85' lang='lat' dir='ltr'><strong>mediocritatem</strong></span> <span class='ocrx_word' id='word_1_134' title='bbox 1723 1828 2016 1902; x_wconf 76' lang='lat' dir='ltr'><strong>humoriS‚</strong></span> <span class='ocrx_word' id='word_1_135' title='bbox 2088 1847 2242 1909; x_wconf 89' lang='lat' dir='ltr'><strong>quae</strong></span> <span class='ocrx_word' id='word_1_136' title='bbox 2300 1828 2743 1892; x_wconf 83' lang='lat' dir='ltr'><strong>mediocritatis</strong></span> <span class='ocrx_word' id='word_1_137' title='bbox 2798 1827 3021 1890; x_wconf 87' lang='lat' dir='ltr'><strong>caloris</strong></span> <span class='ocrx_word' id='word_1_138' title='bbox 3076 1829 3159 1890; x_wconf 83' lang='lat' dir='ltr'><strong>ad</strong></span> <span class='ocrx_word' id='word_1_139' title='bbox 3182 1829 3329 1890; x_wconf 83' lang='lat' dir='ltr'><strong>-de-</strong></span> 
     </span>
     <span class='ocr_line' id='line_1_18' title="bbox 609 1915 3333 1998; baseline -0.002 -15"><span class='ocrx_word' id='word_1_140' title='bbox 609 1921 835 1984; x_wconf 81' lang='lat' dir='ltr'><strong>fectum</strong></span> <span class='ocrx_word' id='word_1_141' title='bbox 899 1919 1194 1982; x_wconf 88' lang='lat' dir='ltr'><strong>humoris:</strong></span> <span class='ocrx_word' id='word_1_142' title='bbox 1265 1918 1476 1980; x_wconf 86' lang='lat' dir='ltr'><strong>eadem</strong></span> <span class='ocrx_word' id='word_1_143' title='bbox 1513 1919 1804 1980; x_wconf 82' lang='lat' dir='ltr'><strong>-defectus</strong></span> <span class='ocrx_word' id='word_1_144' title='bbox 1862 1917 2082 1980; x_wconf 88' lang='lat' dir='ltr'><strong>caloris</strong></span> <span class='ocrx_word' id='word_1_145' title='bbox 2138 1917 2217 1978; x_wconf 89' lang='lat' dir='ltr'><strong>ad</strong></span> <span class='ocrx_word' id='word_1_146' title='bbox 2282 1917 2760 1980; x_wconf 84' lang='lat' dir='ltr'><strong>mediocritatem</strong></span> <span class='ocrx_word' id='word_1_147' title='bbox 2806 1915 3069 1980; x_wconf 88' lang='lat' dir='ltr'><strong>humoris</strong></span> <span class='ocrx_word' id='word_1_148' title='bbox 3086 1965 3103 1993; x_wconf 89' lang='lat'><strong>,</strong></span> <span class='ocrx_word' id='word_1_149' title='bbox 3162 1936 3333 1998; x_wconf 73' lang='lat' dir='ltr'><strong>quae</strong></span> 
     </span>
     <span class='ocr_line' id='line_1_19' title="bbox 607 2004 3335 2087; baseline -0.001 -15"><span class='ocrx_word' id='word_1_150' title='bbox 607 2009 1048 2072; x_wconf 85' lang='lat' dir='ltr'><strong>mediocritatis</strong></span> <span class='ocrx_word' id='word_1_151' title='bbox 1096 2004 1318 2070; x_wconf 80' lang='lat' dir='ltr'><strong>caloris¹</strong></span> <span class='ocrx_word' id='word_1_152' title='bbox 1367 2008 1446 2069; x_wconf 90' lang='lat' dir='ltr'><strong>ad</strong></span> <span class='ocrx_word' id='word_1_153' title='bbox 1493 2027 1807 2070; x_wconf 87' lang='lat' dir='ltr'><strong>excessum</strong></span> <span class='ocrx_word' id='word_1_154' title='bbox 1856 2005 2147 2081; x_wconf 87' lang='lat' dir='ltr'><strong>humoris,</strong></span> <span class='ocrx_word' id='word_1_155' title='bbox 2218 2007 2373 2087; x_wconf 91' lang='lat' dir='ltr'><strong>quod</strong></span> <span class='ocrx_word' id='word_1_156' title='bbox 2420 2007 2517 2068; x_wconf 87' lang='lat' dir='ltr'><strong>vel</strong></span> <span class='ocrx_word' id='word_1_157' title='bbox 2581 2007 2641 2068; x_wconf 89' lang='lat' dir='ltr'><strong>in</strong></span> <span class='ocrx_word' id='word_1_158' title='bbox 2698 2007 2893 2086; x_wconf 84' lang='lat' dir='ltr'><strong>figura</strong></span> <span class='ocrx_word' id='word_1_159' title='bbox 2948 2005 3143 2068; x_wconf 87' lang='lat' dir='ltr'><strong>lineae</strong></span> <span class='ocrx_word' id='word_1_160' title='bbox 3202 2026 3335 2087; x_wconf 85' lang='lat' dir='ltr'><strong>pa-</strong></span> 
     </span>
     <span class='ocr_line' id='line_1_20' title="bbox 617 2095 3341 2176; baseline -0.002 -15"><span class='ocrx_word' id='word_1_161' title='bbox 617 2097 816 2162; x_wconf 89' lang='lat' dir='ltr'><strong>ralleli</strong></span> <span class='ocrx_word' id='word_1_162' title='bbox 847 2098 1194 2160; x_wconf 86' lang='lat' dir='ltr'><strong>ostendunt.</strong></span> <span class='ocrx_word' id='word_1_163' title='bbox 1288 2096 1456 2158; x_wconf 90' lang='lat' dir='ltr'><strong>Idem</strong></span> <span class='ocrx_word' id='word_1_164' title='bbox 1487 2097 1562 2158; x_wconf 89' lang='lat' dir='ltr'><strong>de</strong></span> <span class='ocrx_word' id='word_1_165' title='bbox 1601 2097 1833 2176; x_wconf 87' lang='lat' dir='ltr'><strong>junctis</strong></span> <span class='ocrx_word' id='word_1_166' title='bbox 1862 2095 2215 2158; x_wconf 88' lang='lat' dir='ltr'><strong>excessibus</strong></span> <span class='ocrx_word' id='word_1_167' title='bbox 2243 2095 2544 2176; x_wconf 86' lang='lat' dir='ltr'><strong>judicium,</strong></span> <span class='ocrx_word' id='word_1_168' title='bbox 2592 2097 2691 2158; x_wconf 87' lang='lat' dir='ltr'><strong>vel</strong></span> <span class='ocrx_word' id='word_1_169' title='bbox 2730 2095 3087 2158; x_wconf 83' lang='lat' dir='ltr'><strong>defectibus.</strong></span> <span class='ocrx_word' id='word_1_170' title='bbox 3164 2095 3341 2158; x_wconf 85' lang='lat' dir='ltr'><strong>Sunt</strong></span> 
     </span>
     <span class='ocr_line' id='line_1_21' title="bbox 611 2183 3335 2268; baseline -0.002 -18"><span class='ocrx_word' id='word_1_171' title='bbox 611 2206 754 2268; x_wconf 83' lang='lat' dir='ltr'><strong>ergo</strong></span> <span class='ocrx_word' id='word_1_172' title='bbox 800 2205 981 2249; x_wconf 87' lang='lat' dir='ltr'><strong>verae</strong></span> <span class='ocrx_word' id='word_1_173' title='bbox 1029 2185 1408 2249; x_wconf 84' lang='lat' dir='ltr'><strong>differentiae</strong></span> <span class='ocrx_word' id='word_1_174' title='bbox 1456 2185 1730 2266; x_wconf 89' lang='lat' dir='ltr'><strong>quinque,</strong></span> <span class='ocrx_word' id='word_1_175' title='bbox 1780 2193 1907 2246; x_wconf 89' lang='lat' dir='ltr'><strong>tres</strong></span> <span class='ocrx_word' id='word_1_176' title='bbox 1938 2183 2261 2265; x_wconf 88' lang='lat' dir='ltr'><strong>simplices,</strong></span> <span class='ocrx_word' id='word_1_177' title='bbox 2313 2185 2467 2247; x_wconf 85' lang='lat' dir='ltr'><strong>duae</strong></span> <span class='ocrx_word' id='word_1_178' title='bbox 2494 2191 2565 2248; x_wconf 90' lang='lat' dir='ltr'><strong>ut</strong></span> <span class='ocrx_word' id='word_1_179' title='bbox 2600 2185 2731 2265; x_wconf 88' lang='lat' dir='ltr'><strong>jam</strong></span> <span class='ocrx_word' id='word_1_180' title='bbox 2777 2185 2978 2266; x_wconf 84' lang='lat' dir='ltr'><strong>patuit</strong></span> <span class='ocrx_word' id='word_1_181' title='bbox 3022 2185 3335 2264; x_wconf 85' lang='lat' dir='ltr'><strong>quodam-</strong></span> 
     </span>
     <span class='ocr_line' id='line_1_22' title="bbox 609 2273 3341 2356; baseline -0.001 -18"><span class='ocrx_word' id='word_1_182' title='bbox 609 2275 788 2338; x_wconf 88' lang='lat' dir='ltr'><strong>modo</strong></span> <span class='ocrx_word' id='word_1_183' title='bbox 847 2275 1144 2356; x_wconf 89' lang='lat' dir='ltr'><strong>duplices,</strong></span> <span class='ocrx_word' id='word_1_184' title='bbox 1211 2293 1318 2336; x_wconf 89' lang='lat' dir='ltr'><strong>seu</strong></span> <span class='ocrx_word' id='word_1_185' title='bbox 1383 2275 1582 2354; x_wconf 89' lang='lat' dir='ltr'><strong>potius</strong></span> <span class='ocrx_word' id='word_1_186' title='bbox 1649 2275 1897 2339; x_wconf 88' lang='lat' dir='ltr'><strong>duorum</strong></span> <span class='ocrx_word' id='word_1_187' title='bbox 1962 2274 2297 2349; x_wconf 87' lang='lat' dir='ltr'><strong>nominum,</strong></span> <span class='ocrx_word' id='word_1_188' title='bbox 2365 2293 2485 2336; x_wconf 88' lang='lat' dir='ltr'><strong>una</strong></span> <span class='ocrx_word' id='word_1_189' title='bbox 2547 2275 2747 2337; x_wconf 84' lang='lat' dir='ltr'><strong>trium.</strong></span> <span class='ocrx_word' id='word_1_190' title='bbox 2839 2273 2934 2335; x_wconf 85' lang='lat' dir='ltr'><strong>Ac</strong></span> <span class='ocrx_word' id='word_1_191' title='bbox 2998 2292 3134 2335; x_wconf 89' lang='lat' dir='ltr'><strong>cum</strong></span> <span class='ocrx_word' id='word_1_192' title='bbox 3198 2275 3341 2335; x_wconf 81' lang='lat' dir='ltr'><strong>sint</strong></span> 
     </span>
     <span class='ocr_line' id='line_1_23' title="bbox 609 2361 3339 2444; baseline -0.001 -17"><span class='ocrx_word' id='word_1_193' title='bbox 609 2365 670 2428; x_wconf 91' lang='lat' dir='ltr'><strong>in</strong></span> <span class='ocrx_word' id='word_1_194' title='bbox 717 2365 937 2427; x_wconf 90' lang='lat' dir='ltr'><strong>mundo</strong></span> <span class='ocrx_word' id='word_1_195' title='bbox 995 2363 1252 2444; x_wconf 90' lang='lat' dir='ltr'><strong>quinque</strong></span> <span class='ocrx_word' id='word_1_196' title='bbox 1301 2363 1486 2425; x_wconf 89' lang='lat' dir='ltr'><strong>etiam</strong></span> <span class='ocrx_word' id='word_1_197' title='bbox 1529 2364 1839 2442; x_wconf 85' lang='lat' dir='ltr'><strong>planetae,</strong></span> <span class='ocrx_word' id='word_1_198' title='bbox 1907 2368 2033 2424; x_wconf 87' lang='lat' dir='ltr'><strong>tres</strong></span> <span class='ocrx_word' id='word_1_199' title='bbox 2080 2362 2421 2442; x_wconf 84' lang='lat' dir='ltr'><strong>superiores</strong></span> <span class='ocrx_word' id='word_1_200' title='bbox 2466 2370 2531 2425; x_wconf 88' lang='lat' dir='ltr'><strong>et</strong></span> <span class='ocrx_word' id='word_1_201' title='bbox 2586 2364 2703 2426; x_wconf 88' lang='lat' dir='ltr'><strong>duo</strong></span> <span class='ocrx_word' id='word_1_202' title='bbox 2749 2361 3063 2425; x_wconf 82' lang='lat' dir='ltr'><strong>inferiores</strong></span> <span class='ocrx_word' id='word_1_203' title='bbox 3082 2408 3099 2436; x_wconf 91' lang='lat'>‚</span> <span class='ocrx_word' id='word_1_204' title='bbox 3170 2381 3339 2424; x_wconf 83' lang='lat' dir='ltr'><strong>con-</strong></span> 
     </span>
     <span class='ocr_line' id='line_1_24' title="bbox 531 2450 3337 2533; baseline -0.002 -15"><span class='ocrx_word' id='word_1_205' title='bbox 531 2467 534 2470; x_wconf 77' lang='grc'><strong><em>’</em></strong></span> <span class='ocrx_word' id='word_1_206' title='bbox 611 2461 968 2518; x_wconf 87' lang='lat' dir='ltr'><strong>sentaneum</strong></span> <span class='ocrx_word' id='word_1_207' title='bbox 1015 2452 1289 2533; x_wconf 90' lang='lat' dir='ltr'><strong>equidem</strong></span> <span class='ocrx_word' id='word_1_208' title='bbox 1339 2460 1454 2526; x_wconf 84' lang='lat' dir='ltr'><strong>est,</strong></span> <span class='ocrx_word' id='word_1_209' title='bbox 1506 2452 1601 2513; x_wconf 91' lang='lat' dir='ltr'><strong>vel</strong></span> <span class='ocrx_word' id='word_1_210' title='bbox 1644 2452 1740 2513; x_wconf 90' lang='lat' dir='ltr'><strong>ob.</strong></span> <span class='ocrx_word' id='word_1_211' title='bbox 1766 2452 1923 2514; x_wconf 85' lang='lat' dir='ltr'><strong>hanc</strong></span> <span class='ocrx_word' id='word_1_212' title='bbox 1968 2453 2162 2514; x_wconf 89' lang='lat' dir='ltr'><strong>solam</strong></span> <span class='ocrx_word' id='word_1_213' title='bbox 2208 2469 2454 2513; x_wconf 89' lang='lat' dir='ltr'><strong>causam</strong></span> <span class='ocrx_word' id='word_1_214' title='bbox 2480 2450 2805 2533; x_wconf 68' lang='lat' dir='ltr'><strong>(quamvis</strong></span> <span class='ocrx_word' id='word_1_215' title='bbox 2856 2458 2921 2514; x_wconf 89' lang='lat' dir='ltr'><strong>et</strong></span> <span class='ocrx_word' id='word_1_216' title='bbox 2964 2451 3121 2512; x_wconf 87' lang='lat' dir='ltr'><strong>aliae</strong></span> <span class='ocrx_word' id='word_1_217' title='bbox 3170 2469 3337 2532; x_wconf 87' lang='lat' dir='ltr'><strong>sup-</strong></span> 
     </span>
     <span class='ocr_line' id='line_1_25' title="bbox 609 2540 3340 2622; baseline -0.001 -18"><span class='ocrx_word' id='word_1_218' title='bbox 609 2544 854 2622; x_wconf 86' lang='lat' dir='ltr'><strong>petant)</strong></span> <span class='ocrx_word' id='word_1_219' title='bbox 902 2549 998 2605; x_wconf 93' lang='lat' dir='ltr'><strong>tot</strong></span> <span class='ocrx_word' id='word_1_220' title='bbox 1041 2561 1285 2604; x_wconf 87' lang='lat' dir='ltr'><strong>numero</strong></span> <span class='ocrx_word' id='word_1_221' title='bbox 1333 2541 1532 2603; x_wconf 83' lang='lat' dir='ltr'><strong>factos</strong></span> <span class='ocrx_word' id='word_1_222' title='bbox 1581 2559 1756 2602; x_wconf 86' lang='lat' dir='ltr'><strong>esse:</strong></span> <span class='ocrx_word' id='word_1_223' title='bbox 1817 2541 1971 2602; x_wconf 90' lang='lat' dir='ltr'><strong>adeo</strong></span> <span class='ocrx_word' id='word_1_224' title='bbox 2018 2540 2164 2602; x_wconf 88' lang='lat' dir='ltr'><strong>nihil</strong></span> <span class='ocrx_word' id='word_1_225' title='bbox 2210 2541 2417 2620; x_wconf 83' lang='lat' dir='ltr'><strong>aptius</strong></span> <span class='ocrx_word' id='word_1_226' title='bbox 2476 2559 2615 2603; x_wconf 90' lang='lat' dir='ltr'><strong>esse</strong></span> <span class='ocrx_word' id='word_1_227' title='bbox 2669 2541 2872 2621; x_wconf 91' lang='lat' dir='ltr'><strong>potuit</strong></span> <span class='ocrx_word' id='word_1_228' title='bbox 2923 2541 3039 2602; x_wconf 88' lang='lat' dir='ltr'><strong>hac</strong></span> <span class='ocrx_word' id='word_1_229' title='bbox 3084 2540 3340 2602; x_wconf 88' lang='lat' dir='ltr'><strong>combi-</strong></span> 
     </span>
     <span class='ocr_line' id='line_1_26' title="bbox 485 2628 3099 2711; baseline -0.002 -18"><span class='ocrx_word' id='word_1_230' title='bbox 485 2671 492 2676; x_wconf 97' lang='lat'>-</span> <span class='ocrx_word' id='word_1_231' title='bbox 607 2630 918 2694; x_wconf 87' lang='lat' dir='ltr'><strong>nationum</strong></span> <span class='ocrx_word' id='word_1_232' title='bbox 964 2632 1122 2693; x_wconf 88' lang='lat' dir='ltr'><strong>inter</strong></span> <span class='ocrx_word' id='word_1_233' title='bbox 1165 2631 1334 2711; x_wconf 89' lang='lat' dir='ltr'><strong>ipsos</strong></span> <span class='ocrx_word' id='word_1_234' title='bbox 1381 2628 1833 2692; x_wconf 87' lang='lat' dir='ltr'><strong>distributione:</strong></span> <span class='ocrx_word' id='word_1_235' title='bbox 1884 2647 2063 2708; x_wconf 81' lang='lat' dir='ltr'><strong>quam</strong></span> <span class='ocrx_word' id='word_1_236' title='bbox 2110 2628 2225 2692; x_wconf 86' lang='lat' dir='ltr'><strong>hac</strong></span> <span class='ocrx_word' id='word_1_237' title='bbox 2271 2629 2503 2692; x_wconf 85' lang='lat' dir='ltr'><strong>tabella</strong></span> <span class='ocrx_word' id='word_1_238' title='bbox 2546 2630 2625 2692; x_wconf 93' lang='lat' dir='ltr'><strong>ob</strong></span> <span class='ocrx_word' id='word_1_239' title='bbox 2672 2629 2877 2692; x_wconf 89' lang='lat' dir='ltr'><strong>oculos</strong></span> <span class='ocrx_word' id='word_1_240' title='bbox 2922 2647 3099 2709; x_wconf 89' lang='lat' dir='ltr'><strong>pono.</strong></span> 
     </span>
    </p>
   </div>
   <div class='ocr_carea' id='block_1_3' title="bbox 931 2761 2871 2872">
    <p class='ocr_par' dir='ltr' id='par_1_7' title="bbox 931 2761 2871 2872">
     <span class='ocr_line' id='line_1_27' title="bbox 931 2761 2871 2872; baseline -0.001 0"><span class='ocrx_word' id='word_1_241' title='bbox 931 2808 1239 2872; x_wconf 83' lang='lat' dir='ltr'><strong>Excessus</strong></span> <span class='ocrx_word' id='word_1_242' title='bbox 1451 2806 1483 2869; x_wconf 90' lang='grc' dir='ltr'>Ι</span> <span class='ocrx_word' id='word_1_243' title='bbox 1572 2804 1634 2867; x_wconf 87' lang='lat' dir='ltr'><strong>V</strong></span> <span class='ocrx_word' id='word_1_244' title='bbox 1721 2763 1818 2869; x_wconf 58' lang='grc' dir='ltr'><strong>ΡΟ</strong></span> <span class='ocrx_word' id='word_1_245' title='bbox 1862 2806 1895 2867; x_wconf 92' lang='lat'>1</span> <span class='ocrx_word' id='word_1_246' title='bbox 1984 2806 2037 2867; x_wconf 89' lang='grc' dir='ltr'>Τ</span> <span class='ocrx_word' id='word_1_247' title='bbox 2124 2804 2181 2867; x_wconf 88' lang='grc' dir='ltr'><strong>Ε</strong></span> <span class='ocrx_word' id='word_1_248' title='bbox 2266 2805 2330 2869; x_wconf 78' lang='grc' dir='ltr'><strong>Β.</strong></span> <span class='ocrx_word' id='word_1_249' title='bbox 2561 2761 2871 2870; x_wconf 79' lang='lat' dir='ltr'><strong>Excessus</strong></span> 
     </span>
    </p>
   </div>
   <div class='ocr_carea' id='block_1_4' title="bbox 627 2893 3343 3931">
    <p class='ocr_par' dir='ltr' id='par_1_8' title="bbox 627 2893 3343 3931">
     <span class='ocr_line' id='line_1_28' title="bbox 1297 2893 2463 2959; baseline 0.002 -2"><span class='ocrx_word' id='word_1_250' title='bbox 1297 2893 1343 2957; x_wconf 92' lang='lat' dir='ltr'>S</span> <span class='ocrx_word' id='word_1_251' title='bbox 1399 2913 1528 2959; x_wconf 87' lang='lat' dir='ltr'><strong>mer</strong></span> <span class='ocrx_word' id='word_1_252' title='bbox 2274 2893 2323 2958; x_wconf 89' lang='lat' dir='ltr'>S</span> <span class='ocrx_word' id='word_1_253' title='bbox 2411 2893 2463 2959; x_wconf 86' lang='lat' dir='ltr'>S</span> 
     </span>
     <span class='ocr_line' id='line_1_29' title="bbox 1421 2980 2325 3046; baseline 0.001 -1"><span class='ocrx_word' id='word_1_254' title='bbox 1421 2982 1482 3045; x_wconf 90' lang='lat' dir='ltr'>A</span> <span class='ocrx_word' id='word_1_255' title='bbox 1703 3002 1778 3045; x_wconf 91' lang='lat' dir='ltr'><strong>cu</strong></span> <span class='ocrx_word' id='word_1_256' title='bbox 1977 2980 2039 3043; x_wconf 87' lang='lat' dir='ltr'><strong>V</strong></span> <span class='ocrx_word' id='word_1_257' title='bbox 2262 2983 2325 3046; x_wconf 88' lang='lat' dir='ltr'>R</span> 
     </span>
     <span class='ocr_line' id='line_1_30' title="bbox 805 3070 3101 3149; baseline 0 -15"><span class='ocrx_word' id='word_1_258' title='bbox 805 3094 872 3143; x_wconf 82' lang='lat'><em>0</em></span> <span class='ocrx_word' id='word_1_259' title='bbox 1487 3071 1500 3084; x_wconf 82' lang='lat'><strong><em>‘</em></strong></span> <span class='ocrx_word' id='word_1_260' title='bbox 1573 3071 1625 3133; x_wconf 90' lang='lat' dir='ltr'>T</span> <span class='ocrx_word' id='word_1_261' title='bbox 1711 3070 1773 3133; x_wconf 89' lang='lat' dir='ltr'>N</span> <span class='ocrx_word' id='word_1_262' title='bbox 1969 3070 2023 3133; x_wconf 86' lang='lat' dir='ltr'><strong>ri</strong></span> <span class='ocrx_word' id='word_1_263' title='bbox 2121 3071 2185 3136; x_wconf 91' lang='lat' dir='ltr'>A</span> <span class='ocrx_word' id='word_1_264' title='bbox 3038 3086 3101 3149; x_wconf 66' lang='lat' dir='ltr'><strong>tr}</strong></span> 
     </span>
     <span class='ocr_line' id='line_1_31' title="bbox 807 3149 3079 3249; baseline -0.001 -26"><span class='ocrx_word' id='word_1_265' title='bbox 807 3150 870 3244; x_wconf 67' lang='grc' dir='ltr'><strong>ξ-</strong></span> <span class='ocrx_word' id='word_1_266' title='bbox 1414 3159 1532 3223; x_wconf 88' lang='lat' dir='ltr'><strong>VE</strong></span> <span class='ocrx_word' id='word_1_267' title='bbox 1711 3160 1773 3221; x_wconf 96' lang='lat' dir='ltr'><strong>V</strong></span> <span class='ocrx_word' id='word_1_268' title='bbox 1960 3160 2033 3221; x_wconf 88' lang='grc' dir='ltr'>Μ</span> <span class='ocrx_word' id='word_1_269' title='bbox 2244 3180 2317 3222; x_wconf 90' lang='lat' dir='ltr'><strong>us</strong></span> <span class='ocrx_word' id='word_1_270' title='bbox 3036 3149 3079 3249; x_wconf 69' lang='grc' dir='ltr'>ξ</span> 
     </span>
     <span class='ocr_line' id='line_1_32' title="bbox 627 3246 3343 3345; baseline 0 -32"><span class='ocrx_word' id='word_1_271' title='bbox 627 3251 754 3313; x_wconf 90' lang='lat' dir='ltr'><strong>Sol.</strong></span> <span class='ocrx_word' id='word_1_272' title='bbox 809 3250 870 3345; x_wconf 61' lang='grc' dir='ltr'><strong>ξ’</strong></span> <span class='ocrx_word' id='word_1_273' title='bbox 935 3248 1222 3314; x_wconf 88' lang='lat' dir='ltr'><strong>Mediocr.</strong></span> <span class='ocrx_word' id='word_1_274' title='bbox 1438 3250 1472 3311; x_wconf 93' lang='lat' dir='ltr'>I</span> <span class='ocrx_word' id='word_1_275' title='bbox 1541 3249 1622 3337; x_wconf 42' lang='lat' dir='ltr'><strong>‘V</strong></span> <span class='ocrx_word' id='word_1_276' title='bbox 1712 3248 1765 3311; x_wconf 94' lang='lat' dir='ltr'>P</span> <span class='ocrx_word' id='word_1_277' title='bbox 1853 3250 1887 3311; x_wconf 93' lang='lat' dir='ltr'>I</span> <span class='ocrx_word' id='word_1_278' title='bbox 1978 3247 2029 3310; x_wconf 92' lang='lat' dir='ltr'>T</span> <span class='ocrx_word' id='word_1_279' title='bbox 2115 3246 2171 3310; x_wconf 89' lang='lat' dir='ltr'>E</span> <span class='ocrx_word' id='word_1_280' title='bbox 2260 3249 2323 3312; x_wconf 87' lang='lat' dir='ltr'>R</span> <span class='ocrx_word' id='word_1_281' title='bbox 2564 3248 2959 3313; x_wconf 87' lang='lat' dir='ltr'><strong>Mediocritas</strong></span> <span class='ocrx_word' id='word_1_282' title='bbox 3034 3250 3079 3318; x_wconf 67' lang='lat'><strong>{⁹5</strong></span> <span class='ocrx_word' id='word_1_283' title='bbox 3124 3248 3343 3313; x_wconf 80' lang='lat' dir='ltr'><strong>Luna.</strong></span> 
     </span>
     <span class='ocr_line' id='line_1_33' title="bbox 809 3320 3091 3444; baseline -0.001 -43"><span class='ocrx_word' id='word_1_284' title='bbox 809 3348 870 3444; x_wconf 66' lang='grc' dir='ltr'><strong>ξ·</strong></span> <span class='ocrx_word' id='word_1_285' title='bbox 1385 3356 1514 3401; x_wconf 89' lang='lat' dir='ltr'><strong>mer</strong></span> <span class='ocrx_word' id='word_1_286' title='bbox 1709 3336 1758 3399; x_wconf 89' lang='lat' dir='ltr'>S</span> <span class='ocrx_word' id='word_1_287' title='bbox 1962 3336 2025 3399; x_wconf 87' lang='lat' dir='ltr'><strong>R.</strong></span> <span class='ocrx_word' id='word_1_288' title='bbox 2257 3336 2305 3400; x_wconf 90' lang='lat' dir='ltr'>S</span> <span class='ocrx_word' id='word_1_289' title='bbox 3037 3320 3091 3426; x_wconf 68' lang='grc' dir='ltr'>Ξ</span> 
     </span>
     <span class='ocr_line' id='line_1_34' title="bbox 809 3425 3101 3511; baseline 0.001 -21"><span class='ocrx_word' id='word_1_290' title='bbox 809 3450 870 3511; x_wconf 68' lang='lat' dir='ltr'><strong>E:</strong></span> <span class='ocrx_word' id='word_1_291' title='bbox 1567 3425 1631 3489; x_wconf 81' lang='lat' dir='ltr'><strong>R.</strong></span> <span class='ocrx_word' id='word_1_292' title='bbox 1693 3446 1766 3489; x_wconf 87' lang='lat' dir='ltr'><strong>cu</strong></span> <span class='ocrx_word' id='word_1_293' title='bbox 1957 3426 2020 3487; x_wconf 93' lang='lat' dir='ltr'><strong>V</strong></span> <span class='ocrx_word' id='word_1_294' title='bbox 2116 3425 2178 3490; x_wconf 92' lang='lat' dir='ltr'>N</span> <span class='ocrx_word' id='word_1_295' title='bbox 3038 3430 3101 3493; x_wconf 64' lang='grc' dir='ltr'><strong>Ξτ</strong></span> 
     </span>
     <span class='ocr_line' id='line_1_35' title="bbox 1430 3498 2310 3580; baseline -0.006 0"><span class='ocrx_word' id='word_1_296' title='bbox 1430 3515 1494 3580; x_wconf 91' lang='grc' dir='ltr'><strong>Α</strong></span> <span class='ocrx_word' id='word_1_297' title='bbox 1689 3514 1749 3579; x_wconf 89' lang='grc' dir='ltr'><strong>Ν</strong></span> <span class='ocrx_word' id='word_1_298' title='bbox 1956 3498 2009 3577; x_wconf 84' lang='lat' dir='ltr'><strong>ri</strong></span> <span class='ocrx_word' id='word_1_299' title='bbox 2247 3515 2310 3576; x_wconf 91' lang='lat' dir='ltr'><strong>V</strong></span> 
     </span>
     <span class='ocr_line' id='line_1_36' title="bbox 1298 3602 2431 3667; baseline 0.001 -1"><span class='ocrx_word' id='word_1_300' title='bbox 1298 3604 1367 3666; x_wconf 89' lang='lat' dir='ltr'><strong>M</strong></span> <span class='ocrx_word' id='word_1_301' title='bbox 1413 3603 1532 3665; x_wconf 87' lang='lat' dir='ltr'><strong>VE</strong></span> <span class='ocrx_word' id='word_1_302' title='bbox 2221 3623 2293 3666; x_wconf 89' lang='lat' dir='ltr'><strong>us</strong></span> <span class='ocrx_word' id='word_1_303' title='bbox 2382 3602 2431 3667; x_wconf 90' lang='lat' dir='ltr'>S</span> 
     </span>
     <span class='ocr_line' id='line_1_37' title="bbox 937 3684 2863 3755; baseline 0.001 -2"><span class='ocrx_word' id='word_1_304' title='bbox 937 3684 1231 3755; x_wconf 78' lang='lat' dir='ltr'><strong>Defectus</strong></span> <span class='ocrx_word' id='word_1_305' title='bbox 1407 3693 1439 3755; x_wconf 90' lang='grc' dir='ltr'>Ι</span> <span class='ocrx_word' id='word_1_306' title='bbox 1528 3694 1587 3754; x_wconf 89' lang='lat' dir='ltr'><strong>V</strong></span> <span class='ocrx_word' id='word_1_307' title='bbox 1679 3691 1732 3754; x_wconf 94' lang='lat' dir='ltr'><strong>P</strong></span> <span class='ocrx_word' id='word_1_308' title='bbox 1821 3692 1855 3753; x_wconf 92' lang='lat' dir='ltr'>I</span> <span class='ocrx_word' id='word_1_309' title='bbox 1948 3692 2001 3753; x_wconf 90' lang='lat' dir='ltr'>T</span> <span class='ocrx_word' id='word_1_310' title='bbox 2088 3690 2145 3755; x_wconf 87' lang='grc' dir='ltr'><strong>Ε</strong></span> <span class='ocrx_word' id='word_1_311' title='bbox 2234 3691 2297 3754; x_wconf 87' lang='grc' dir='ltr'><strong>Β.</strong></span> <span class='ocrx_word' id='word_1_312' title='bbox 2568 3690 2863 3755; x_wconf 87' lang='lat' dir='ltr'><strong>Defectus</strong></span> 
     </span>
     <span class='ocr_line' id='line_1_38' title="bbox 1701 3867 2222 3931; baseline 0.002 -1"><span class='ocrx_word' id='word_1_313' title='bbox 1701 3867 1970 3931; x_wconf 86' lang='lat' dir='ltr'><strong>Thesis</strong></span> <span class='ocrx_word' id='word_1_314' title='bbox 2016 3867 2222 3931; x_wconf 87' lang='lat' dir='ltr'><strong>XXV.</strong></span> 
     </span>
    </p>
   </div>
   <div class='ocr_carea' id='block_1_5' title="bbox 611 3956 3417 4931">
    <p class='ocr_par' dir='ltr' id='par_1_9' title="bbox 611 3956 3417 4575">
     <span class='ocr_line' id='line_1_39' title="bbox 787 3956 3331 4040; baseline 0 -19"><span class='ocrx_word' id='word_1_315' title='bbox 787 3957 886 4021; x_wconf 86' lang='lat' dir='ltr'><strong>Ex</strong></span> <span class='ocrx_word' id='word_1_316' title='bbox 927 3957 1022 4019; x_wconf 90' lang='lat' dir='ltr'><strong>his</strong></span> <span class='ocrx_word' id='word_1_317' title='bbox 1083 3956 1379 4036; x_wconf 87' lang='lat' dir='ltr'><strong>sequitur,</strong></span> <span class='ocrx_word' id='word_1_318' title='bbox 1446 3956 1728 4037; x_wconf 83' lang='lat' dir='ltr'><strong>planetas</strong></span> <span class='ocrx_word' id='word_1_319' title='bbox 1792 3957 2053 4040; x_wconf 88' lang='lat' dir='ltr'><strong>quinque</strong></span> <span class='ocrx_word' id='word_1_320' title='bbox 2096 3976 2215 4019; x_wconf 91' lang='lat' dir='ltr'><strong>non</strong></span> <span class='ocrx_word' id='word_1_321' title='bbox 2272 3963 2513 4021; x_wconf 87' lang='lat' dir='ltr'><strong>tautum</strong></span> <span class='ocrx_word' id='word_1_322' title='bbox 2576 3957 2929 4021; x_wconf 88' lang='lat' dir='ltr'><strong>mutuatitia</strong></span> <span class='ocrx_word' id='word_1_323' title='bbox 2975 3958 3139 4022; x_wconf 88' lang='lat' dir='ltr'><strong>Solis</strong></span> <span class='ocrx_word' id='word_1_324' title='bbox 3162 3958 3331 4022; x_wconf 78' lang='lat' dir='ltr'><strong>’luce</strong></span> 
     </span>
     <span class='ocr_line' id='line_1_40' title="bbox 611 4045 3325 4127; baseline 0 -16"><span class='ocrx_word' id='word_1_325' title='bbox 611 4046 748 4117; x_wconf 84' lang='lat' dir='ltr'><strong>frui,</strong></span> <span class='ocrx_word' id='word_1_326' title='bbox 801 4047 908 4109; x_wconf 88' lang='lat' dir='ltr'><strong>sed</strong></span> <span class='ocrx_word' id='word_1_327' title='bbox 955 4045 1140 4107; x_wconf 89' lang='lat' dir='ltr'><strong>etiam</strong></span> <span class='ocrx_word' id='word_1_328' title='bbox 1189 4046 1262 4107; x_wconf 91' lang='lat' dir='ltr'><strong>de</strong></span> <span class='ocrx_word' id='word_1_329' title='bbox 1309 4064 1418 4107; x_wconf 87' lang='lat' dir='ltr'><strong>suo</strong></span> <span class='ocrx_word' id='word_1_330' title='bbox 1465 4046 1694 4126; x_wconf 86' lang='lat' dir='ltr'><strong>aliquid</strong></span> <span class='ocrx_word' id='word_1_331' title='bbox 1739 4047 1999 4109; x_wconf 89' lang='lat' dir='ltr'><strong>addere:</strong></span> <span class='ocrx_word' id='word_1_332' title='bbox 2048 4048 2207 4127; x_wconf 90' lang='lat' dir='ltr'><strong>quod</strong></span> <span class='ocrx_word' id='word_1_333' title='bbox 2254 4046 2493 4127; x_wconf 89' lang='lat' dir='ltr'><strong>quidem</strong></span> <span class='ocrx_word' id='word_1_334' title='bbox 2538 4054 2603 4109; x_wconf 87' lang='lat' dir='ltr'><strong>et</strong></span> <span class='ocrx_word' id='word_1_335' title='bbox 2647 4046 2805 4109; x_wconf 84' lang='lat' dir='ltr'><strong>aliae</strong></span> <span class='ocrx_word' id='word_1_336' title='bbox 2852 4049 3123 4111; x_wconf 88' lang='lat' dir='ltr'><strong>rationes</strong></span> <span class='ocrx_word' id='word_1_337' title='bbox 3170 4067 3325 4112; x_wconf 86' lang='lat' dir='ltr'><strong>sua-</strong></span> 
     </span>
     <span class='ocr_line' id='line_1_41' title="bbox 615 4135 3327 4221; baseline 0 -21"><span class='ocrx_word' id='word_1_338' title='bbox 615 4139 801 4221; x_wconf 22' lang='lat' dir='ltr'><strong>dent..</strong></span> <span class='ocrx_word' id='word_1_339' title='bbox 871 4136 1032 4200; x_wconf 86' lang='lat' dir='ltr'><strong>Nam</strong></span> <span class='ocrx_word' id='word_1_340' title='bbox 1081 4135 1134 4196; x_wconf 92' lang='lat' dir='ltr'><strong>si</strong></span> <span class='ocrx_word' id='word_1_341' title='bbox 1179 4135 1372 4203; x_wconf 82' lang='lat' dir='ltr'><strong>multa</strong></span> <span class='ocrx_word' id='word_1_342' title='bbox 1415 4135 1574 4215; x_wconf 87' lang='lat' dir='ltr'><strong>apud</strong></span> <span class='ocrx_word' id='word_1_343' title='bbox 1619 4155 1729 4198; x_wconf 88' lang='lat' dir='ltr'><strong>nos</strong></span> <span class='ocrx_word' id='word_1_344' title='bbox 1773 4136 2027 4219; x_wconf 86' lang='lat' dir='ltr'><strong>physica</strong></span> <span class='ocrx_word' id='word_1_345' title='bbox 2073 4154 2327 4217; x_wconf 87' lang='lat' dir='ltr'><strong>corpora</strong></span> <span class='ocrx_word' id='word_1_346' title='bbox 2364 4136 2559 4199; x_wconf 90' lang='lat' dir='ltr'><strong>lucem</strong></span> <span class='ocrx_word' id='word_1_347' title='bbox 2586 4136 2815 4199; x_wconf 85' lang='lat' dir='ltr'><strong>habent</strong></span> <span class='ocrx_word' id='word_1_348' title='bbox 2850 4136 3127 4213; x_wconf 88' lang='lat' dir='ltr'><strong>insitam,</strong></span> <span class='ocrx_word' id='word_1_349' title='bbox 3178 4138 3327 4217; x_wconf 88' lang='lat' dir='ltr'><strong>quid</strong></span> 
     </span>
     <span class='ocr_line' id='line_1_42' title="bbox 614 4224 3417 4307; baseline 0 -18"><span class='ocrx_word' id='word_1_350' title='bbox 614 4224 928 4307; x_wconf 87' lang='lat' dir='ltr'><strong>prohibet,</strong></span> <span class='ocrx_word' id='word_1_351' title='bbox 979 4224 1203 4286; x_wconf 90' lang='lat' dir='ltr'><strong>habere</strong></span> <span class='ocrx_word' id='word_1_352' title='bbox 1253 4226 1533 4299; x_wconf 87' lang='lat' dir='ltr'><strong>eandem,</strong></span> <span class='ocrx_word' id='word_1_353' title='bbox 1592 4232 1837 4305; x_wconf 90' lang='lat' dir='ltr'><strong>praeter</strong></span> <span class='ocrx_word' id='word_1_354' title='bbox 1884 4224 2117 4300; x_wconf 87' lang='lat' dir='ltr'><strong>Solem,</strong></span> <span class='ocrx_word' id='word_1_355' title='bbox 2168 4232 2234 4287; x_wconf 89' lang='lat' dir='ltr'><strong>et</strong></span> <span class='ocrx_word' id='word_1_356' title='bbox 2280 4225 2431 4289; x_wconf 86' lang='lat' dir='ltr'><strong>alios</strong></span> <span class='ocrx_word' id='word_1_357' title='bbox 2477 4225 2709 4304; x_wconf 77' lang='lat' dir='ltr'><strong>globos</strong></span> <span class='ocrx_word' id='word_1_358' title='bbox 2737 4226 3085 4290; x_wconf 84' lang='lat' dir='ltr'><strong>coelestes?</strong></span> <span class='ocrx_word' id='word_1_359' title='bbox 3174 4228 3332 4289; x_wconf 84' lang='lat' dir='ltr'><strong>Turn</strong></span> <span class='ocrx_word' id='word_1_360' title='bbox 3409 4268 3417 4275; x_wconf 87' lang='lat'><strong>·</strong></span> 
     </span>
     <span class='ocr_line' id='line_1_43' title="bbox 613 4313 3327 4394; baseline 0 -16"><span class='ocrx_word' id='word_1_361' title='bbox 613 4316 666 4378; x_wconf 87' lang='lat' dir='ltr'><strong>si</strong></span> <span class='ocrx_word' id='word_1_362' title='bbox 715 4322 992 4377; x_wconf 83' lang='lat' dir='ltr'><strong>carerent</strong></span> <span class='ocrx_word' id='word_1_363' title='bbox 1035 4313 1318 4394; x_wconf 87' lang='lat' dir='ltr'><strong>planetae</strong></span> <span class='ocrx_word' id='word_1_364' title='bbox 1366 4315 1494 4377; x_wconf 88' lang='lat' dir='ltr'><strong>luce</strong></span> <span class='ocrx_word' id='word_1_365' title='bbox 1540 4314 1817 4394; x_wconf 88' lang='lat' dir='ltr'><strong>propria,</strong></span> <span class='ocrx_word' id='word_1_366' title='bbox 1868 4313 2149 4377; x_wconf 87' lang='lat' dir='ltr'><strong>videntur</strong></span> <span class='ocrx_word' id='word_1_367' title='bbox 2194 4316 2377 4377; x_wconf 90' lang='lat' dir='ltr'><strong>etiam</strong></span> <span class='ocrx_word' id='word_1_368' title='bbox 2424 4314 2667 4391; x_wconf 88' lang='lat' dir='ltr'><strong>faciem,</strong></span> <span class='ocrx_word' id='word_1_369' title='bbox 2716 4323 2785 4377; x_wconf 89' lang='lat' dir='ltr'><strong>ut</strong></span> <span class='ocrx_word' id='word_1_370' title='bbox 2829 4316 3039 4391; x_wconf 85' lang='lat' dir='ltr'><strong>Luna,</strong></span> <span class='ocrx_word' id='word_1_371' title='bbox 3086 4324 3327 4379; x_wconf 81' lang='lat' dir='ltr'><strong>mutare</strong></span> 
     </span>
     <span class='ocr_line' id='line_1_44' title="bbox 615 4402 3329 4486; baseline 0.001 -19"><span class='ocrx_word' id='word_1_372' title='bbox 615 4404 855 4467; x_wconf 89' lang='lat' dir='ltr'><strong>debere.</strong></span> <span class='ocrx_word' id='word_1_373' title='bbox 948 4402 1222 4483; x_wconf 91' lang='lat' dir='ltr'><strong>Denique</strong></span> <span class='ocrx_word' id='word_1_374' title='bbox 1269 4402 1555 4465; x_wconf 87' lang='lat' dir='ltr'><strong>credibile</strong></span> <span class='ocrx_word' id='word_1_375' title='bbox 1601 4410 1719 4480; x_wconf 86' lang='lat' dir='ltr'><strong>est,</strong></span> <span class='ocrx_word' id='word_1_376' title='bbox 1767 4404 2065 4484; x_wconf 85' lang='lat' dir='ltr'><strong>fulgorem</strong></span> <span class='ocrx_word' id='word_1_377' title='bbox 2112 4410 2175 4466; x_wconf 88' lang='lat' dir='ltr'><strong>et</strong></span> <span class='ocrx_word' id='word_1_378' title='bbox 2212 4403 2707 4469; x_wconf 86' lang='lat' dir='ltr'><strong>scintillationem</strong></span> <span class='ocrx_word' id='word_1_379' title='bbox 2734 4412 3155 4486; x_wconf 85' lang='lat' dir='ltr'><strong>argumentum</strong></span> <span class='ocrx_word' id='word_1_380' title='bbox 3182 4426 3329 4469; x_wconf 85' lang='lat' dir='ltr'><strong>esse</strong></span> 
     </span>
     <span class='ocr_line' id='line_1_45' title="bbox 613 4492 2393 4575; baseline 0 -20"><span class='ocrx_word' id='word_1_381' title='bbox 613 4493 766 4557; x_wconf 86' lang='lat' dir='ltr'><strong>lucis</strong></span> <span class='ocrx_word' id='word_1_382' title='bbox 811 4492 1112 4575; x_wconf 89' lang='lat' dir='ltr'><strong>propriae,</strong></span> <span class='ocrx_word' id='word_1_383' title='bbox 1159 4492 1627 4555; x_wconf 88' lang='lat' dir='ltr'><strong>nebulositatem</strong></span> <span class='ocrx_word' id='word_1_384' title='bbox 1673 4500 1738 4555; x_wconf 90' lang='lat' dir='ltr'><strong>et</strong></span> <span class='ocrx_word' id='word_1_385' title='bbox 1781 4492 2090 4573; x_wconf 83' lang='lat' dir='ltr'><strong>pigritiem</strong></span> <span class='ocrx_word' id='word_1_386' title='bbox 2136 4494 2393 4557; x_wconf 86' lang='lat' dir='ltr'><strong>alienae.</strong></span> 
     </span>
    </p>

    <p class='ocr_par' dir='ltr' id='par_1_10' title="bbox 1689 4580 2252 4645">
     <span class='ocr_line' id='line_1_46' title="bbox 1689 4580 2252 4645; baseline 0.004 -2"><span class='ocrx_word' id='word_1_387' title='bbox 1689 4582 1790 4643; x_wconf 89' lang='lat' dir='ltr'><strong>Th</strong></span> <span class='ocrx_word' id='word_1_388' title='bbox 1807 4580 1965 4643; x_wconf 89' lang='lat' dir='ltr'><strong>esis</strong></span> <span class='ocrx_word' id='word_1_389' title='bbox 2010 4581 2252 4645; x_wconf 86' lang='lat' dir='ltr'><strong>XXVI.</strong></span> 
     </span>
    </p>

    <p class='ocr_par' dir='ltr' id='par_1_11' title="bbox 611 4667 3332 4931">
     <span class='ocr_line' id='line_1_47' title="bbox 792 4667 3329 4753; baseline 0 -20"><span class='ocrx_word' id='word_1_390' title='bbox 792 4667 1310 4733; x_wconf 86' lang='lat' dir='ltr'><strong>Considerandum</strong></span> <span class='ocrx_word' id='word_1_391' title='bbox 1355 4689 1510 4731; x_wconf 87' lang='lat' dir='ltr'><strong>nunc</strong></span> <span class='ocrx_word' id='word_1_392' title='bbox 1555 4670 1740 4733; x_wconf 88' lang='lat' dir='ltr'><strong>etiam</strong></span> <span class='ocrx_word' id='word_1_393' title='bbox 1786 4672 1901 4733; x_wconf 88' lang='lat' dir='ltr'><strong>hoc</strong></span> <span class='ocrx_word' id='word_1_394' title='bbox 1950 4678 2071 4746; x_wconf 89' lang='lat' dir='ltr'><strong>est,</strong></span> <span class='ocrx_word' id='word_1_395' title='bbox 2122 4672 2407 4753; x_wconf 91' lang='lat' dir='ltr'><strong>quidnam</strong></span> <span class='ocrx_word' id='word_1_396' title='bbox 2452 4668 2515 4733; x_wconf 88' lang='lat' dir='ltr'><strong>id</strong></span> <span class='ocrx_word' id='word_1_397' title='bbox 2560 4669 2674 4743; x_wconf 85' lang='lat' dir='ltr'><strong>sit,</strong></span> <span class='ocrx_word' id='word_1_398' title='bbox 2738 4670 2895 4752; x_wconf 91' lang='lat' dir='ltr'><strong>quod</strong></span> <span class='ocrx_word' id='word_1_399' title='bbox 2940 4671 3329 4750; x_wconf 84' lang='lat' dir='ltr'><strong>planetarum</strong></span> 
     </span>
     <span class='ocr_line' id='line_1_48' title="bbox 611 4758 3329 4840; baseline -0.001 -17"><span class='ocrx_word' id='word_1_400' title='bbox 611 4759 725 4823; x_wconf 87' lang='lat' dir='ltr'><strong>has</strong></span> <span class='ocrx_word' id='word_1_401' title='bbox 770 4758 932 4821; x_wconf 86' lang='lat' dir='ltr'><strong>vires</strong></span> <span class='ocrx_word' id='word_1_402' title='bbox 988 4760 1048 4821; x_wconf 90' lang='lat' dir='ltr'><strong>in</strong></span> <span class='ocrx_word' id='word_1_403' title='bbox 1097 4776 1408 4821; x_wconf 86' lang='lat' dir='ltr'><strong>excessum</strong></span> <span class='ocrx_word' id='word_1_404' title='bbox 1467 4758 1722 4822; x_wconf 88' lang='lat' dir='ltr'><strong>medium</strong></span> <span class='ocrx_word' id='word_1_405' title='bbox 1779 4768 1846 4823; x_wconf 87' lang='lat' dir='ltr'><strong>et</strong></span> <span class='ocrx_word' id='word_1_406' title='bbox 1908 4761 2209 4824; x_wconf 87' lang='lat' dir='ltr'><strong>defectum</strong></span> <span class='ocrx_word' id='word_1_407' title='bbox 2270 4759 2639 4840; x_wconf 85' lang='lat' dir='ltr'><strong>distinguere</strong></span> <span class='ocrx_word' id='word_1_408' title='bbox 2704 4759 2921 4840; x_wconf 86' lang='lat' dir='ltr'><strong>possit.</strong></span> <span class='ocrx_word' id='word_1_409' title='bbox 3014 4758 3329 4822; x_wconf 85' lang='lat' dir='ltr'><strong>Mutuati-</strong></span> 
     </span>
     <span class='ocr_line' id='line_1_49' title="bbox 612 4847 3332 4931; baseline 0 -20"><span class='ocrx_word' id='word_1_410' title='bbox 612 4847 762 4911; x_wconf 87' lang='lat' dir='ltr'><strong>tiam</strong></span> <span class='ocrx_word' id='word_1_411' title='bbox 807 4848 1010 4931; x_wconf 85' lang='lat' dir='ltr'><strong>itaque</strong></span> <span class='ocrx_word' id='word_1_412' title='bbox 1055 4849 1250 4914; x_wconf 90' lang='lat' dir='ltr'><strong>lucem</strong></span> <span class='ocrx_word' id='word_1_413' title='bbox 1297 4867 1428 4913; x_wconf 88' lang='lat' dir='ltr'><strong>cum</strong></span> <span class='ocrx_word' id='word_1_414' title='bbox 1477 4870 1516 4911; x_wconf 84' lang='lat' dir='ltr'><strong>a</strong></span> <span class='ocrx_word' id='word_1_415' title='bbox 1559 4850 1885 4913; x_wconf 89' lang='lat' dir='ltr'><strong>reflexione</strong></span> <span class='ocrx_word' id='word_1_416' title='bbox 1932 4849 2374 4920; x_wconf 86' lang='lat' dir='ltr'><strong>deduxerimus,</strong></span> <span class='ocrx_word' id='word_1_417' title='bbox 2421 4848 2843 4914; x_wconf 87' lang='lat' dir='ltr'><strong>considerandi</strong></span> <span class='ocrx_word' id='word_1_418' title='bbox 2880 4856 3025 4914; x_wconf 86' lang='lat' dir='ltr'><strong>sunt</strong></span> <span class='ocrx_word' id='word_1_419' title='bbox 3066 4866 3177 4930; x_wconf 89' lang='lat' dir='ltr'><strong>pro</strong></span> <span class='ocrx_word' id='word_1_420' title='bbox 3206 4849 3332 4912; x_wconf 80' lang='lat' dir='ltr'><strong>hac</strong></span> 
     </span>
    </p>
   </div>
  </div>
 </body>
</html>
