3634 5575
1497 394 1821 455 boeotium.
2782 382 2857 437 '⁶
2934 390 3015 464 19

309 552 564 705 111131οἳ
606 554 858 658 affectus
901 554 1020 619 sit:
1062 554 1218 644 ‚bene
1265 562 1467 619 actum
1500 576 1648 619 -esse
1694 563 1963 633 censeat,
2020 557 2179 639 quod
2222 562 2351 631 tam
2376 574 2561 641 prope
2590 557 2669 621 ad
2699 556 3019 621 veritatem

283 659 530 721 -perven
565 663 659 705 um
706 653 808 707 sit.

449 730 594 783 Haec
627 732 888 797 Keplerus.
963 732 1106 793 Quae
1143 731 1206 783 de
1243 732 1510 797 (ἕψοι-11100
1545 732 1721 783 dubius
1757 732 1922 793 affert,
1958 730 2256 785 Maestum·
2290 734 2353 787 in.
2380 734 2530 799 paulo
2582 734 2715 785 inira
2760 734 3015 801 sequenti-

309 802 402 851 bus
435 802 592 851 literis
627 804 672 853 ei
720 804 934 869 explicat
948 839 976 862 ‚.
1015 818 1166 868 quare
1204 802 1450 869 Keplerus
1487 808 1645 853 totum
1678 804 1810 855 hunc
1846 804 2006 855 locum
2046 806 2211 869 capite
2247 804 2341 855 XV
2376 806 2527 871 plane
2560 812 2807 857 mutatum
2841 820 3017 871 propo·

307 872 400 921 nit.
473 872 644 941 Dubia
677 874 880 939 Kepleri
917 875 978 925 de
1015 874 1273 940 Ceperuici
1307 876 1389 925 lib.
1428 872 1493 923 V.
1534 888 1641 941 cap.
1681 870 1715 923 4
1751 880 1861 925 orta
1897 881 2012 925 sunt
2049 890 2077 925 e
2112 878 2269 926 verbis
2302 876 2415 927 his:
2454 892 2583 939 „nos
2618 877 2741 926 duos
2767 891 2877 929 esse
2912 891 3018 927 mo·

309 949 392 993 tus
440 940 532 1007 (Q)
584 958 842 997 censemus
879 947 1110 1011 aequales
1131 982 1145 1003 ,
1200 947 1373 1012 quibus
1407 946 1736 1010 inaequalitas
1782 948 2103 1011 apparentiae
2141 949 2451 1011 componitur
2470 984 2485 1009 ,
2540 950 2643 999 sive
2678 960 2765 1012 per
2801 950 3021 999 eccentii

310 1024 594 1067 occentu-um
609 1052 626 1075 ,
682 1018 784 1067 sive
833 1031 921 1081 per
971 1018 1176 1082 epicycli
1221 1018 1514 1083 epicyclium
1532 1052 1545 1074 ‚
1601 1019 1704 1068 sivo
1756 1020 1909 1068 etim
1956 1019 2145 1067 mixtim
2191 1033 2281 1083 per
2314 1019 2798 1084 eccentrepi-cyclum
2815 1052 2830 1077 ‚
2888 1032 3020 1085 quae

313 1087 522 1137 eandem
545 1094 752 1151 possunt
783 1090 1192 1154 inaequalitatem
1230 1089 1442 1147 efficere,
1480 1089 1553 1139 uti
1580 1089 1713 1139 circa
1735 1088 1902 1139 Solem
1928 1094 1981 1138 et
2002 1088 2201 1139 Lunam
2224 1090 2682 1141 demonstravimus.
2741 1088 2819 1141 Sit
2842 1105 3019 1143 eccen-

198 1205 210 1212 ,
312 1164 417 1207 trus
453 1158 542 1208 AB
582 1160 790 1209 circulus
827 1161 963 1210 circa
999 1159 1038 1210 C
1076 1166 1311 1213 centrum.
1351 1160 1610 1209 dimetiens
1646 1158 1777 1210 ACB
1813 1160 1961 1212 medii
2000 1160 2097 1209 loci
2135 1160 2261 1211 Solis
2296 1175 2385 1225 per
2420 1176 2664 1212 summam
2702 1176 2763 1211 ac
2796 1162 3022 1213 infimam

314 1228 490 1279 absida
521 1229 773 1294 planetae,
811 1233 864 1281 in
901 1245 1002 1297 qua
1037 1238 1256 1282 centrum
1293 1232 1422 1282 orbis
1456 1231 1639 1285 terreni
1671 1230 1736 1284 sit
1757 1230 1825 1292 D,
1862 1231 2093 1295 factoque
2128 1232 2180 1281 in
2216 1246 2410 1283 summa
2446 1232 2613 1283 abside
2644 1232 2746 1283 AJ‘
2784 1232 2879 1283 dcc.

456 1298 599 1362 Quae
623 1308 798 1365 postea
823 1298 1012 1365 (1613)
1041 1302 1331 1352 Maestlinus
1355 1302 1418 1352 de
1455 1314 1585 1351 nova
1621 1300 1839 1351 editione
1865 1300 2122 1366 Cepernici
2146 1304 2415 1369 erratisque
2440 1305 2495 1353 in
2514 1304 2751 1368 prioribus
2778 1300 3023 1366 (Norimb.

318 1367 454 1421 1543
491 1378 546 1423 et
578 1372 735 1425 Basil.
776 1370 937 1435 1566)
975 1372 1273 1439 corrigendis
1308 1374 1591 1437 perscripsit
1625 1372 1859 1436 Keplero,
1896 1374 2129 1439 leguntur
2164 1376 2217 1423 in
2240 1374 2493 1425 Hanschio
2518 1390 2567 1439 p.
2599 1371 2683 1425 39.
2711 1374 2799 1423 ⁴2.
2854 1375 3020 1425 Eden-

313 1442 432 1492 dum
468 1444 681 1508 quidem,
719 1445 772 1495 id
808 1446 938 1510 quod
973 1445 1074 1494 illic
1108 1450 1302 1509 spectat
1327 1443 1640 1501 Maestlinus,
1680 1443 1938 1509 Cepernici
1975 1460 2095 1509 opus
2132 1447 2309 1504 omisit,
2348 1460 2479 1497 anno
2514 1460 2627 1496 vero
2669 1442 2806 1495 1617
2842 1444 2958 1497 Nic
2970 1461 3023 1495 o-

311 1514 452 1564 laus
487 1513 793 1565 Mulierus
841 1514 1108 1579 (professor
1141 1516 1418 1567 medicinae
1454 1522 1508 1567 et
1542 1514 1821 1567 matheseos
1856 1517 1910 1565 in
1944 1516 2209 1567 academia
2246 1514 2629 1582 Groeningensi)
2664 1517 3024 1569 Amstelodami

314 1585 490 1651 „opus
525 1584 918 1637 revolufionum“
950 1586 1280 1639 recudendum
1319 1589 1510 1639 curavit
1545 1587 1674 1637 notis
1709 1586 2021 1640 illustratum.

457 1657 638 1709 Litoris
673 1657 880 1723 Kepleri
914 1672 1064 1723 quum
1098 1672 1198 1707 uon
1233 1659 1402 1709 statim
1436 1657 1785 1709 rescriberetur
1798 1692 1812 1719 ,
1860 1658 1938 1709 his
1973 1666 2119 1725 urget
2152 1658 2472 1709 Maestliuum
2508 1658 2575 1709 ad
2608 1658 3019 1724 respondendum,

313 1743 494 1799 uorum
527 1729 690 1790 simul,
727 1730 858 1797 quod
891 1735 1192 1793 susceperat,
1229 1731 1484 1797 nogotium
1519 1729 1766 1783 referem:

499 1978 650 2040 Tres
697 1978 776 2039 ad
812 1976 1265 2042 Humanitatem
1312 1985 1477 2041 tuam
1523 1978 1814 2058 epistolas
1864 1978 2108 2041 exaravi
2128 2028 2147 2055 ,
2209 1976 2464 2059 primam
2516 1976 2654 2040 misi
2705 1995 2815 2057 per
2866 1976 3023 2041 hunc

321 2064 707 2142 Stainlinum,
757 2067 1010 2129 alteram
1054 2087 1161 2149 per
1207 2066 1622 2131 Stadlerorum
1671 2068 1953 2131 famulum
2002 2076 2065 2130 et
2107 2076 2589 2148 praeceptorem,
2634 2066 2875 2129 tertiam
2918 2086 3026 2147 per

321 2157 616 2236 quendam
661 2156 992 2217 studiosum
1040 2156 1379 2218 Wuotium:
1431 2157 1688 2221 omnium
1735 2158 1947 2219 eadem
1984 2166 2119 2220 erat
2155 2156 2387 2235 petitio,
2436 2163 2504 2216 ut
2540 2154 2833 2236 judicium
2860 2163 3027 2217 tuum

319 2246 395 2307 de
444 2242 486 2307 5
535 2244 880 2324 corporibus
924 2244 984 2305 iu
1033 2244 1351 2325 Copernici
1402 2246 1570 2307 coelo
1615 2245 1985 2308 brevissimis
2032 2245 2395 2308 delineatum
2451 2244 2529 2305 ad
2584 2264 2675 2307 me
2731 2244 3026 2306 mitteres.

325 2334 494 2397 Idem
550 2334 734 2395 etiam
791 2334 888 2413 egi
942 2352 1130 2414 nuper
1181 2352 1291 2415 per
1347 2333 1869 2397 Emdschochium.
1961 2334 2120 2397 Eece
2178 2353 2331 2396 nunc
2374 2333 2673 2412 pendente
2721 2334 3028 2415 superiore

321 2422 579 2485 materia
641 2442 802 2485 nova
856 2422 1162 2503 scribendi⁴
1209 2442 1415 2485 causa.
1504 2422 1607 2485 Ad
1656 2424 1812 2486 diem
1874 2420 1972 2486 17.
2024 2421 2106 2486 27
2157 2421 2439 2485 Octobris
2486 2422 2583 2483 hio
2630 2422 2743 2484 fuit
2790 2422 3031 2503 quidam

321 2514 486 2573 Baro
533 2532 572 2573 a
600 2512 909 2582 Tzernem,
958 2512 1057 2593 qui
1103 2532 1142 2572 a
1185 2511 1510 2591 superioris
1537 2512 1829 2575 Austriae
1872 2512 2221 2592 proceribus
2268 2512 2381 2574 huc
2428 2510 2649 2575 missus
2689 2516 2803 2589 est,
2852 2510 3030 2572 auxi·-

321 2601 408 2663 lia
451 2600 844 2663 sollicitatum
887 2609 1098 2663 contra
1142 2601 1400 2663 rusticos
1433 2595 1504 2675 ⁶).
1596 2602 1656 2663 Is
1721 2620 1814 2663 me
1862 2609 2077 2677 vocat,
2144 2600 2379 2664 initium
2443 2598 2735 2662 sermonis
2790 2598 2941 2661 facit
2996 2619 3034 2660 a

324 2688 682 2752 certitudine
729 2688 846 2751 mei
892 2686 1239 2752 calendarii
1271 2688 1344 2752 'in
1394 2688 1647 2751 articulo
1695 2690 1768 2751 de
1816 2690 2241 2773 seditionibus·
2328 2688 2469 2751 Inde
2512 2688 2887 2773 postulatum
2921 2688 3033 2750 In-

325 2778 560 2842 ferioris
607 2779 895 2842 Austriae
943 2776 1238 2842 Ordinum
1285 2778 1403 2853 (sic
1449 2778 1552 2842 ille
1601 2779 1871 2853 dicebat)
1919 2778 2195 2860 exponit,
2246 2777 2345 2861 qui
2388 2778 2636 2858 cupiant
2681 2776 3034 2841 Tabulam

324 2868 720 2932 Inferioris
774 2870 1132 2932 Austriae
1191 2868 1781 2949 Geographicam
1836 2889 1875 2930 a
1933 2887 2025 2930 me
2084 2867 2448 2932 concinnari.
2541 2869 2855 2929 Assensus
2900 2885 3033 2930 sum

325 2958 651 3033 audacter,
719 2956 1010 3038 siquidem
1075 2959 1138 3019 id
1192 2959 1299 3019 1131.
1360 2957 1654 3039 permissu
1717 2957 1835 3020 mei
1900 2958 2316 3038 magistratus.
2408 2956 2583 3020 Nunc
2629 2955 2815 3036 igitur
2834 2999 2851 3026 ,
2918 2955 3037 3018 etsi

326 3047 456 3109 fieri
500 3065 681 3128 posse
721 3046 982 3122 dicebat,
1031 3055 1099 3109 ut
1141 3067 1239 3110 res
1286 3046 1645 3128 impediatur
1691 3048 1786 3120 (et
1830 3055 2033 3108 tamen
2082 3047 2224 3108 mihi
2273 3047 2443 3126 quasi
2490 3044 2564 3106 de
2603 3063 2666 3106 re
2696 3053 2863 3108 certa
2890 3064 3037 3126 gra-

331 3137 562 3200 tulatus
623 3137 748 3210 est)
805 3134 918 3216 ego
974 3143 1178 3198 tamen
1235 3136 1508 3198 omnibus
1563 3134 1758 3198 modis
1811 3135 1957 3199 mibi
2003 3135 2299 3217 prospicio
2318 3183 2337 3212 ,
2402 3153 2479 3196 ne
2524 3133 2857 3213 imparatus
2904 3135 3039 3200 sim.

329 3225 488 3287 Peto
535 3225 720 3304 igitur
765 3225 878 3287 abs
915 3233 976 3286 te
1023 3245 1158 3288 meo
1203 3234 1613 3305 praeceptore,
1662 3233 1732 3287 ut
1775 3225 1829 3287 si
1875 3244 1993 3305 qua
2036 3225 2097 3286 in
2142 3243 2207 3286 re
2252 3243 2345 3287 me
2391 3221 2765 3297 monendum,
2814 3223 3040 3287 docen-

331 3315 496 3388 dum,
543 3313 956 3376 instruendum
1005 3333 1277 3392 censeas,
1325 3314 1384 3375 id
1431 3315 1624 3395 primo
1669 3333 1903 3396 quoque
1946 3322 2216 3394 tempore
2262 3312 2473 3376 facias.
2569 3311 2685 3373 Pro
2734 3329 2850 3393 quo
2898 3313 3041 3395 quid

328 3402 440 3466 tibi
485 3402 754 3466 vicissim
801 3402 1110 3466 debiturus
1157 3404 1290 3479 sim,
1339 3403 1461 3465 noli
1503 3411 1719 3485 putare
1769 3403 1941 3486 quasi
1985 3403 2176 3468 minus
2221 3402 2393 3485 pensi
2437 3399 2719 3465 habeam.
2816 3399 3037 3480 Statui,

331 3491 390 3556 si
429 3491 723 3572 procedat
767 3491 1102 3572 negotium,
1165 3511 1239 3554 ex
1287 3491 1447 3573 ligno
1495 3503 1660 3556 recto
1719 3493 2085 3573 triangulum
2140 3493 2359 3572 duplex
2414 3488 2843 3570 geometricum
2906 3511 3037 3554 cum

329 3581 650 3644 mobilibus
697 3581 905 3644 forulis
951 3590 1184 3644 struere
1205 3625 1222 3653 ,
1285 3583 1490 3644 decem
1537 3581 1754 3661 pedum
1797 3581 2229 3662 longitudinem
2250 3628 2266 3656 ,
2336 3581 2591 3661 quinque
2638 3577 3037 3655 altitudinem,

331 3689 466 3733 cum
522 3670 676 3750 pede
733 3669 1053 3732 decussato
1075 3719 1092 3746 ‚
1151 3679 1220 3732 ut
1273 3677 1400 3732 stet
1444 3670 1522 3730 ad
1567 3670 2085 3752 perpendiculum3
2502 3690 2597 3741 ng.
2626 3690 2669 3730 4.

333 3759 530 3836 (Nota
557 3759 617 3820 in
649 3759 952 3840 margine:
1001 3761 1071 3821 In
1100 3758 1176 3835 A,
1207 3759 1281 3834 B,
1315 3755 1365 3821 C
1409 3766 1548 3820 sunt
1593 3757 1695 3820 fixi
1742 3757 1937 3830 foruli,
1982 3777 2091 3839 per
2462 3759 2505 3807 C

331 3849 446 3912 AB
478 3848 761 3912 discurrit
795 3847 961 3912 aliud
999 3847 1236 3922 mobile,
1285 3848 1373 3910 sic
1401 3866 1508 3929 per
1537 3843 1658 3910 CF.
1719 3848 1789 3910 In
1821 3847 1929 3910 CF·
1950 3855 2094 3915 suut
2192 3817 2969 4094 Δ
3064 3909 3074 3918 ,

332 3936 378 4000 2
411 3937 857 4018 perpendicula.
912 3936 1025 3998 ΕΒ
1063 3937 1332 3999 fulcrum.
1393 3937 1464 3999 In
1495 3934 1616 4011 OF,
1653 3936 1786 4011 AF,
1815 3938 1921 3998 FB
1950 3943 2093 3998 sunt

245 4071 256 4078 -
299 4028 544 4109 ‘noduli
589 4045 696 4088 seu
738 4035 964 4106 puncta
995 4025 1328 4106 palpabilia
1365 4025 1424 4087 iu
1462 4025 1712 4106 singulis
1747 4022 1938 4089 1000.
2003 4026 2091 4089 Ut
2139 4031 2187 4082 A
2608 4055 2613 4062 ·
2712 4082 2947 4094 *-„
2965 4059 3010 4110 B

333 4124 498 4179 moto
529 4115 720 4179 forulo
751 4115 812 4177 in
845 4114 990 4190 01³⁸,-
1015 4116 1074 4177 in
1106 4136 1179 4176 ea
1208 4114 1366 4177 linea
1399 4114 1482 4177 sit
1522 4115 1875 4176 foecunda
1920 4115 2087 4190 [tan-
2430 4085 2751 4220 ΨΧ

335 4207 512 4287 gens]
561 4203 898 4268 altitudinis
939 4205 1176 4268 stellae.
1258 4203 1428 4266 Moto
1476 4203 1664 4266 forulo
1710 4203 1772 4266 iu
1817 4203 1961 4274 AB,
2012 4203 2095 4266 sit
2756 4195 2799 4244 D

337 4294 636 4358 foecunda
696 4293 1113 4373 complementi
1177 4291 1514 4355 altitudinis
1567 4292 1863 4356 maximae
1917 4293 1979 4354 in
2023 4292 2138 4354 AF
2182 4297 2281 4359 vel
2323 4296 2483 4371 FB.)
2530 4295 2667 4357 inde
2712 4291 3046 4374 promiscue

335 4384 486 4446 locis
531 4383 872 4463 praecipuis
923 4382 1021 4445 vel
1067 4380 1429 4444 meridianas
1476 4381 1575 4444 vel
1626 4381 2128 4462 septentrionales
2176 4385 2488 4448 stellarum
2532 4383 2686 4446 coeli
2722 4381 3057 4444 mediatio-

337 4493 448 4535 nes
498 4473 792 4552 excipere.
861 4469 1039 4542 Quod
1085 4471 1138 4533 si
1184 4490 1332 4551 quas
1381 4470 1636 4533 haberes
1683 4473 1995 4535 stellarum
2048 4472 2485 4538 declinationes
2531 4479 2699 4534 certo
2746 4471 3045 4554 cognitas,

339 4568 546 4624 essent
588 4561 734 4623 mibi
779 4561 932 4626 usui.
1023 4561 1160 4622 Non
1209 4560 1366 4622 euim
1411 4567 1623 4640 potero
1667 4559 1884 4641 ubique
1940 4580 2048 4643 per
2114 4560 2195 4626 12
2252 4565 2432 4626 horas
2478 4561 2819 4624 observare.
2910 4560 3045 4622 Du-

337 4651 482 4731 plex
523 4649 886 4730 triangulum
931 4650 1129 4725 velim,
1179 4669 1254 4710 ne
1301 4649 1382 4710 ad
1427 4649 1733 4710 meridiem
1777 4652 2177 4714 convertendo
2224 4651 2551 4714 difficultas
2597 4650 2682 4714 sit
2704 4650 2768 4711 in
2804 4649 3045 4711 turbato

336 4739 782 4820 perpendiculo.
876 4738 1280 4820 Triangulum,
1330 4757 1464 4822 nou·
1495 4737 1907 4818 quadrantem,
1962 4738 2027 4813 1)
2074 4748 2143 4803 ut
2184 4741 2408 4820 possim
2450 4739 2685 4820 quoties
2732 4757 2881 4818 opus
2928 4744 3043 4811 est,
3132 4779 3148 4798 2

341 4830 714 4892 destructum
759 4847 993 4890 mecum
1033 4835 1298 4909 portare,
1349 4827 1448 4888 vel
1493 4845 1644 4908 equo
1690 4828 1938 4904 vehere3
1988 4825 2061 4903 2)
2108 4829 2247 4912 quia
2293 4829 2512 4910 lignum
2547 4827 2922 4891 constantius
2951 4835 3049 4886 est

338 4919 402 4982 iu
446 4917 818 5000 longitudine
828 4936 850 4994 ;
897 4913 967 4992 3)
1015 4925 1084 4980 ut
1127 4917 1212 4982 sit
1255 4916 1384 4996 ejus
1433 4915 1624 4996 major
1669 4937 1814 4980 usus
1860 4917 1921 4981 iu
1960 4919 2377 4984 latitudinibus
2407 4917 2760 5000 quibusdam
2784 4913 3046 4978 metien-

2530 5019 2565 5075 2
2584 5021 2617 5054 ¹}
