3634 5575
1465 342 1632 410 caput
1661 343 1921 398 ιιι-ΧΠ.
2933 343 3063 414 139

335 504 528 568 habet.
557 520 658 564 eut
681 520 854 574 prosa
877 504 969 569 sit,
999 521 1168 578 quam
1197 503 1320 574 qius
1349 505 1644 572 contraria,
1673 507 1784 562 boe
1807 506 1949 576 ipso,
1990 506 2121 578 quia
2146 505 2433 564 contraria
2456 505 2580 576 ejus
2610 507 2917 579 concipitur
2942 525 3065 567 esse

337 585 398 638 in
441 600 551 638 non
598 590 758 638 ente:
807 601 952 657 quae
997 585 1044 640 si
1071 585 1242 640 etiam
1287 601 1458 655 prosa
1501 587 1654 641 facta
1699 593 1867 650 esset,
1916 588 2146 642 mundus
2174 593 2360 641 tamen
2390 585 2580 641 similis
2628 587 2756 642 huic
2782 587 3067 657 praesenti

336 664 520 718 raonis
547 670 720 718 esset.
803 665 1157 735 Comparatio
1203 667 1382 720 locum
1409 684 1520 721 non
1547 667 1723 722 habet
1749 669 2085 732 mundorum,
2132 667 2227 722 ubi
2266 683 2409 722 unus
2450 667 2603 722 solus
2632 675 2739 722 est.
2818 669 3069 724 Valeant

337 743 529 814 itaque
570 746 926 814 quaestiones
974 745 1286 816 hujusmodi
1323 746 1666 810 materiales,
1715 753 1774 801 et
1819 763 1941 801 cum
1969 747 2161 802 iisdem
2208 748 2378 801 etiam
2419 747 2653 802 metatio
2690 747 2918 812 zodiaci,
2968 765 3069 802 seu

336 823 524 894 potius
555 818 716 894 (quia
731 825 823 880 hic
849 825 986 881 locis
1015 826 1128 880 suis
1157 826 1380 882 excedit
1413 827 1538 880 aevi
1575 819 1863 896 successu)
1894 827 2017 880 viae
2043 826 2237 898 reg-iae
2285 843 2324 881 a
2350 825 2561 882 Solaria
2588 828 2834 898 corporis
2863 827 3068 882 circulo

335 903 484 958 inter
509 904 632 974 ejus
675 907 831 974 polos
869 907 1046 962 medio
1075 912 1438 962 monstratae.
1527 907 1669 962 Nam
1715 907 1764 962 si
1790 907 1907 978 poli
1954 913 2013 960 et
2054 906 2178 964 axis
2226 908 2471 976 corporis
2498 907 2711 964 solaris
2756 908 2813 962 in
2856 909 3067 980 plagas

337 985 520 1040 mundi
571 983 714 1038 alias
761 985 908 1041 versi
949 987 1202 1050 fuissent,
1250 987 1421 1042 etiam
1465 987 1561 1042 via
1585 987 1752 1059 reg-ia
1798 987 1915 1042 alia
1960 987 2157 1042 fuisset
2184 989 2461 1042 traducta.
2547 989 2701 1052 Quod
2742 989 2885 1044 idem
2913 995 2973 1043 et
3000 990 3067 1042 de

335 1063 532 1136 figuris
561 1065 901 1120 dodecaedro
930 1074 990 1121 et
1015 1066 1300 1121 icosaedro
1329 1067 1628 1122 dicendum.
1711 1067 1918 1122 Demus
1962 1067 2121 1131 enim,
2170 1083 2363 1121 munus
2406 1067 2653 1138 ipsarum
2678 1085 2819 1132 esse,
2868 1068 3069 1124 metari

339 1143 620 1198 zodiacum
668 1146 1002 1200 sectionibus
1049 1148 1252 1202 mutuis
1299 1147 1554 1211 laterum,
1603 1152 1662 1202 et
1689 1147 1827 1202 certi
1856 1147 2071 1218 quidem
2117 1148 2337 1212 ordinis,
2387 1165 2459 1202 ex
2500 1165 2619 1212 sex,
2668 1165 2803 1219 quos
2832 1147 3067 1204 diximus

339 1241 466 1358 terese
494 1222 816 1359 ροῖἰρὓεεε
865 1233 1018 1282 certe
1045 1230 1323 1283 translato
1349 1228 1652 1301 figurarum
1695 1227 1806 1282 situ
1854 1227 1909 1282 in
1945 1230 2143 1282 mundo
2180 1227 2371 1282 sensili
2418 1230 2577 1282 sedes
2616 1227 2785 1282 etiam
2831 1227 2946 1282 alia
2974 1245 3066 1282 zo-

377 1321 498 1358 iaco
539 1322 572 1358 o
613 1313 878 1378 tingeret.

1533 1495 1879 1505 -—-----.---·--

1473 1709 1714 1813 Caput
1765 1707 1943 1788 XII.

1197 1871 1462 1936 Divisio
1505 1871 1761 1936 zodiaci
1803 1881 1863 1936 et
1906 1879 2209 1954 aepeotm.

521 2015 702 2077 Multi
767 2014 1124 2078 divisionem
1187 2015 1473 2078 zodiaci
1539 2015 1600 2077 in
1665 2015 1980 2078 duodecim
2042 2013 2323 2096 praecisa
2382 2012 2559 2092 signa
2611 2030 2721 2092 pro
2782 2011 3067 2092 figmento

345 2103 603 2168 humano
660 2101 960 2177 habuere,
1021 2103 1132 2166 tali
1186 2123 1436 2186 nempe,
1499 2104 1594 2166 cui
1650 2105 1798 2166 nihil
1854 2105 1943 2168 rei
2000 2102 2294 2166 naturalis
2344 2101 2559 2164 subsit.
2654 2101 2865 2183 Neque
2912 2099 3069 2162 enim

343 2194 498 2256 haec
559 2215 746 2272 μορια
799 2192 1028 2255 viribus
1093 2199 1202 2255 aut
1256 2193 1674 2256 affectionibus
1741 2192 1977 2256 differre
2042 2191 2419 2254 naturalibus
2484 2189 2853 2254 arbitrantur
2873 2236 2891 2263 ,
2959 2187 3069 2250 sed

345 2290 617 2345 assumta
661 2289 910 2362 propter
956 2282 1184 2344 numeri
1231 2283 1308 2344 ad
1355 2283 1624 2344 rationes
1672 2281 2089 2360 aptitudinem.
2185 2278 2421 2351 Quibus
2478 2277 2598 2342 etsi
2653 2298 2769 2342 non
2826 2277 3066 2340 omnino

345 2387 646 2450 repugno,
708 2377 912 2434 tamen
967 2389 1042 2432 ne
1099 2369 1238 2452 quid
1299 2379 1526 2434 temere
1587 2371 1925 2451 rejiciatur,
1993 2389 2071 2432 ex
2125 2367 2341 2430 iisdem
2393 2366 2702 2448 principiis
2752 2365 3065 2428 divisionis

345 2459 520 2540 hujus
581 2479 832 2524 causam
897 2476 1228 2540 proponam
1249 2507 1268 2535 ,
1335 2459 1412 2522 ad
1479 2479 1658 2542 quam
1707 2458 2059 2523 Creatorem
2118 2455 2523 2538 proprietates
2588 2457 2671 2528 (si
2730 2475 2879 2536 quas
2924 2454 3067 2518 illae

347 2547 674 2612 distinctas
720 2549 978 2623 habent)
1027 2549 1520 2612 accommodasse
1569 2569 1712 2612 vero
1759 2567 1878 2611 non
1926 2547 2041 2610 erit
2086 2543 2383 2610 absimile.
2416 2549 2473 2620 ⁸)

521 2637 926 2700 Numeromm
971 2637 1302 2718 subjectum
1351 2638 1648 2718 quodnam
1704 2638 1815 2709 sit,
1876 2654 2063 2717 supra
2120 2633 2396 2697 vidimus.
2487 2633 2575 2697 Et
2616 2640 2779 2694 certe
2825 2637 3070 2711 praeter

348 2734 636 2810 quantum
683 2734 792 2790 aut
827 2733 1050 2811 quanto
1088 2726 1305 2805 simile,
1354 2723 1632 2807 potentia
1659 2727 2055 2809 qualicunque
2084 2723 2442 2807 praeditum,
2490 2721 2636 2784 nibil
2686 2727 2783 2780 est
2826 2717 2887 2782 in
2932 2725 3067 2780 toto

349 2818 627 2879 universo
674 2816 1062 2893 numerabile,
1109 2825 1354 2897 praeter
1397 2816 1614 2891 Deum,
1663 2817 1762 2899 qui
1809 2815 2117 2897 ipsissima
2160 2812 2504 2877 veneranda
2550 2810 2817 2875 Trinitas
2860 2816 2977 2871 est.
3006 2804 3067 2881 1’)

347 2905 490 2969 Jam
534 2904 718 2985 igitur
765 2924 1018 2985 corpora
1065 2906 1266 2968 omnia
1314 2906 1708 2969 dissecuimus
1753 2926 1863 2987 per
1918 2904 2251 2967 zodiacum.
2284 2904 2337 2976 ⁰)
2430 2900 2799 2972 Videamus,
2857 2896 3069 2977 ecquid

347 2994 618 3055 sectione
665 2994 781 3056 bac
827 2994 1111 3057 zodiacus
1158 2996 1290 3076 ipse
1336 2994 1592 3074 adeptus
1639 2996 1736 3059 vel
1783 3014 2004 3076 passus
2050 2993 2153 3055 sit.
2185 2990 2241 3065 ἅ)
2317 2988 2633 3051 Sectorum
2683 2986 2865 3065 igitur
2910 2986 3087 3060 dicto

347 3084 523 3145 modo
585 3083 721 3145 cubi
781 3082 968 3145 facies
1015 3103 1091 3146 ex
1138 3084 1408 3147 sectione
1454 3085 1759 3147 resultans
1807 3083 1924 3146 erit
1970 3083 2285 3163 quadrata,
2336 3088 2403 3141 ut
2450 3086 2514 3139 et
2548 3074 2839 3151 octaedri,
2885 3094 3071 3158 pyra-

348 3171 526 3235 midis
575 3172 914 3251 triangula,
973 3174 1333 3253 reliquorum
1391 3172 1639 3235 duorum
1695 3174 2052 3251 decangula.
2147 3170 2382 3241 Quater
2428 3168 2547 3231 tria
2594 3165 2796 3229 decies
2844 3164 3077 3227 faciunt

353 3279 648 3323 summam
693 3271 934 3325 centum
981 3270 1046 3325 et
1091 3262 1324 3343 viginti.
1418 3261 1611 3341 Igitur
1657 3262 1951 3341 inscripta
1995 3260 2217 3323 circulo
2262 3257 2636 3339 quadratum,
2688 3252 3073 3334 triangulum,

351 3350 750 3429 decaogulum
807 3351 884 3412 ad
942 3352 1102 3413 idem
1166 3359 1452 3432 punctum
1511 3370 1686 3413 arcus
1741 3351 1946 3412 varios
2009 3350 2069 3411 in
2136 3344 2622 3410 circumferentia
2675 3342 3073 3423 distinguunt,

357 3458 506 3521 quos
551 3458 760 3501 omnes
807 3442 1054 3502 metitur
1097 3441 1296 3521 portio
1351 3458 1468 3501 uon
1524 3440 1720 3519 major
1778 3438 2110 3499 centesima
2153 3437 2323 3499 vice-

351 3528 506 3589 sima
552 3528 740 3589 totius
787 3528 1012 3591 circuli.
1106 3527 1422 3593 Naturalis
1471 3527 1654 3607 igitur
1709 3527 1925 3590 divisio
1978 3525 2211 3589 zodiaci
2257 3526 2317 3586 in

360 3614 484 3679 120
529 3636 606 3677 ex
650 3616 910 3696 regulari
959 3618 1079 3679 situ
1127 3636 1438 3698 corporum
1489 3617 1646 3679 inter
1691 3617 1889 3679 orbes.
1968 3613 2154 3694 Cujus
2202 3614 2315 3677 tri-

353 3705 516 3787 plum
563 3724 696 3767 cum
743 3705 826 3766 sit
874 3700 1036 3780 360,
1093 3708 1364 3769 videmus
1419 3707 1576 3769 hauc
1623 3706 1976 3768 divisionem
2022 3723 2138 3765 non
2188 3722 2318 3765 om-

352 3794 491 3856 nino
519 3794 687 3856 nulla
713 3794 945 3856 ratione
975 3796 1108 3858 niti.
1172 3796 1315 3857 Jam
1352 3796 1404 3856 si
1443 3794 1799 3875 quadratum
1848 3802 1913 3857 et
1954 3792 2321 3875 triangulum
2415 3841 2421 3852 .

353 3902 588 3945 rursum
634 3892 710 3945 ex
757 3884 965 3945 eodem
1011 3892 1232 3965 puncto
1279 3886 1608 3966 separatim
1646 3884 2073 3959 describamus,
2122 3882 2319 3965 portio

352 3972 561 4033 circuli
623 3971 870 4035 minima
932 3974 1049 4036 erit
1109 3992 1254 4053 pars
1319 3973 1676 4036 duodecima
1739 3974 2035 4049 ambitus,
2109 3991 2320 4052 nempe
2435 3975 2445 3994 ⁸

353 4062 655 4140 signum.
749 4062 837 4124 Ut
897 4062 1106 4125 mirum
1172 4064 1290 4137 sit,
1357 4070 1422 4123 et
1483 4070 1708 4125 motum
1765 4060 1927 4125 Solis
1988 4072 2053 4126 et
2112 4064 2321 4127 Lunae

355 4160 728 4213 menstruum
755 4153 812 4224 ⁶)
869 4158 936 4213 et
979 4152 1430 4231 conjunctiones
1482 4170 1736 4232 magnas
1781 4153 2153 4232 superiorum
2198 4162 2325 4215 tam

355 4250 498 4321 apte
545 4240 842 4321 quadrare
889 4239 966 4301 ad
1013 4242 1350 4321 portiones,
1411 4261 1564 4323 quae
1621 4241 1699 4304 ab
1755 4243 2077 4305 eorundem
2134 4242 2483 4322 corporibus
2538 4259 2649 4324 per
2706 4242 3073 4323 triangulum

353 4339 418 4392 et
463 4329 820 4411 quadratum
867 4330 1332 4409 distinguuntur.
1363 4328 1410 4403 ¹')

533 4416 738 4499 Atque
786 4417 939 4478 adeo
988 4437 1166 4498 quam
1209 4415 1364 4481 baec
1411 4419 1784 4481 duodenaria
1832 4417 2047 4480 divisio
2085 4438 2271 4499 penes
2300 4429 2575 4482 naturam
2622 4420 2681 4481 in
2732 4418 2925 4499 pretio
2972 4416 3075 4491 sit,

357 4506 632 4587 exemplo
679 4524 828 4586 cape
877 4514 1194 4584 extraneo,
1255 4517 1324 4569 ut
1369 4508 1641 4586 quamvis
1687 4527 1877 4569 causa
1920 4528 2037 4569 non
2086 4508 2320 4570 omnino
2380 4509 2627 4587 cognita
2683 4508 2802 4583 sit,
2869 4513 3073 4569 tamen

357 4596 598 4657 occasio
643 4603 874 4676 pateat,
923 4595 1176 4659 subinde
1223 4596 1593 4677 praeclarius
1642 4597 1716 4658 de
1764 4596 1859 4659 his
1908 4596 2163 4679 quinque
2210 4597 2414 4677 figuris
2461 4596 2777 4660 sentiendi.
2811 4598 2869 4670 ¹)

531 4682 686 4745 Esto
731 4686 1048 4766 proposita
1095 4687 1242 4749 fides
1291 4686 1512 4768 aliqua,
1559 4684 1809 4766 ejusque
1859 4706 2043 4749 sonus
2080 4688 2136 4749 Γ
2169 4691 2255 4747 ut.
2320 4684 2519 4765 Igitur
2564 4695 2712 4767 quot
2754 4693 3073 4824 Ἠ

355 4781 678 4837 occurrunt
717 4791 896 4836 voces
935 4796 974 4836 a
1008 4778 1064 4839 Γ
1099 4794 1286 4857 usque
1331 4776 1408 4838 ad
1457 4783 1734 4837 octavam
1779 4782 2183 4837 consonantes
2222 4793 2353 4837 cum
2391 4778 2455 4847 Γ,
2504 4774 2708 4852 toties,
2754 4808 3075 4871 —5-

355 4882 470 4929 nec
515 4862 782 4947 saepius,
827 4871 1004 4949 potes
1051 4864 1228 4935 fidem
1276 4863 1658 4932 rationaliter
1703 4862 2001 4947 dividere,
2048 4864 2137 4927 sic
2184 4870 2249 4926 ut
2296 4862 2529 4927 divisae
2574 4864 2711 4929 fidis
2756 4870 2965 4947 partes
3010 4870 3075 4925 et
