3634 5575
1408 349 1425 362 ‘
1483 342 1547 391 do
1572 326 1729 393 'robus
1762 338 2090 405 uuologiun.
3007 330 3140 403 200

428 495 763 577 Utrumque
835 496 949 559 hoc
1019 498 1199 559 valde
1273 497 1621 559 iracundum
1686 496 1960 559 denotat.
2071 498 2120 569 )
2176 495 2234 556 in
2293 487 2368 561 [J
2398 492 2440 573 15
2505 493 2898 569 laboriosum,
2979 493 3140 555 invi-

433 584 599 657 dum,
662 603 929 647 avarum.
1032 586 1119 649 Et
1172 594 1421 667 propter
1484 585 1639 645 hunc
1696 594 2008 662 aspectum
2073 585 2396 647 contemtis
2459 582 2576 645 erit
2631 582 2913 645 moribus.
3003 580 3138 645 Nisi

429 673 585 751 quod
633 672 731 733 hic
774 674 1105 753 quadratus
1154 674 1353 735 brevis
1402 680 1517 747 est,
1574 670 1781 732 sextili
1829 672 2260 752 aequipollens.
2353 673 2559 751 Atque
2617 670 2802 733 etiam
2847 668 2934 731 illi
2981 686 3136 729 anno

436 758 595 822 1601
648 762 913 841 pessima
958 762 1250 823 revolutio
1297 761 1635 832 illucescet,
1689 778 1841 838 quae
1873 768 1979 820 aut
2009 779 2102 821 me
2134 767 2240 821 aut
2267 760 2461 839 ipsum
2490 758 2672 820 tollet
2715 756 3140 836 (significando

428 848 839 920 naturaliter).
930 849 1028 911 Ex
1074 850 1285 929 quibus
1331 849 1521 922 vides,
1570 866 1667 909 me
1715 846 1864 909 nihil
1909 847 2160 926 rejicere
2208 866 2284 910 ex
2329 846 2698 925 astrologia,
2753 851 3000 925 praeter
3045 842 3140 905 in-

428 936 603 999 utilia
648 938 923 999 domuum
970 936 1357 1001 numeralium
1400 936 1828 1009 instrumenta,
1877 944 1940 997 et
1985 935 2154 999 illam
2201 944 2584 1014 arrogantem
2630 932 3140 1014 praesumtionem

429 1025 503 1085 de
551 1024 802 1103 speciali
846 1025 1287 1105 praedictione,
1356 1025 1527 1105 quasi
1574 1042 1751 1103 quem
1798 1042 2156 1105 suspensum
2201 1024 2273 1086 iri
2320 1023 2618 1097 dicamus,
2683 1022 2739 1083 ei
2785 1040 2902 1083 non
2951 1039 3142 1100 aeque

432 1112 669 1175 coelum
716 1114 983 1193 generali
1030 1114 1139 1175 sub
1176 1114 1489 1192 complexu
1536 1130 1825 1191 aquarum
1869 1112 2138 1191 pericula
2185 1114 2474 1173 denotare
2520 1111 2750 1193 possit:
2819 1116 2926 1171 aut
2971 1108 3142 1189 quasi

428 1202 847 1276 erraverimus,
889 1211 1145 1263 mortem
1176 1201 1354 1263 alicui
1400 1198 1844 1279 praedicentes,
1895 1201 1994 1279 qui
2041 1219 2112 1261 eo
2141 1208 2411 1279 tempore
2447 1199 2785 1279 periculoso
2833 1216 2910 1259 ex
2937 1196 3142 1259 morbo

430 1289 535 1351 vix
580 1288 795 1351 evasit.
890 1291 1085 1352 Vides
1146 1291 1301 1351 haec
1362 1307 1477 1349 non
1541 1287 1620 1349 ad
1669 1294 2074 1362 contemtum,
2142 1290 2250 1351 sed
2309 1288 2594 1350 honorem
2657 1285 2848 1349 nostri
2913 1282 3140 1346 ordinis

500 1378 747 1439 rtinere.

424 1394 501 1457 pe
602 1466 801 1526 Meam
850 1464 1289 1525 dedicationem
1338 1462 1715 1536 (Prodromi)
1764 1463 1922 1541 quod
1969 1463 2210 1538 attinet,
2261 1462 2465 1524 nescio
2513 1481 2626 1540 quo
2673 1467 2855 1541 pacto
2902 1459 3028 1533 flat,
3077 1464 3148 1521 ut

430 1572 563 1615 cum
611 1554 1067 1633 praecipuorum
1111 1570 1423 1630 procerum
1478 1550 1719 1629 optimis
1788 1558 1924 1612 utar
1968 1550 2412 1626 voluntatibus,
2470 1558 2674 1611 tamen
2735 1548 2828 1609 his
2885 1545 3146 1609 comitiis

350 1696 353 1699 ,
430 1660 547 1702 non
595 1642 889 1719 potuerim
940 1639 1205 1701 libellum
1250 1640 1485 1701 offerre.
1524 1636 1529 1643 ’
1582 1637 1761 1701 Multi
1825 1656 1918 1699 me
1963 1639 2370 1718 negligentiae
2419 1644 2728 1701 accusant.
2820 1634 2954 1713 Ego
3000 1650 3144 1694 vero

430 1748 817 1809 quaecunque
866 1728 1211 1791 necessaria
1257 1728 1513 1801 fuerunt,
1564 1727 1625 1787 in
1670 1734 1888 1805 parato
1945 1727 2289 1800 habueram,
2341 1746 2468 1788 rem
2515 1733 2710 1788 totam
2745 1720 3142 1793 Maresoalcm

428 1816 695 1879 Honorio
743 1838 782 1879 a
826 1815 1063 1881 Saurau
1108 1816 1545 1889 commiseram,
1597 1815 1697 1894 qui
1742 1832 1912 1875 suam
1937 1815 2116 1877 -ultro
2165 1815 2309 1875 mihi
2355 1814 2574 1877 detulit
2601 1830 2848 1893 oporam
2903 1809 2966 1871 in
2995 1827 3142 1888 pro·-

431 1906 707 1984 ponendo
752 1905 997 1985 negotio
1062 1904 1191 1965 sine
1239 1903 1443 1965 libello
1492 1902 1781 1981 supplice.
1876 1902 2294 1964 Intermissum
2341 1910 2458 1965 est.
2550 1900 2688 1981 Ego
2734 1898 3018 1961 dimissus
3066 1896 3143 1959 ab

427 1993 553 2068 illo,
602 2010 734 2055 cum
780 1994 895 2055 hac
939 2011 1122 2053 voce:
1174 1990 1351 2061 Quod
1400 1990 1691 2065 differtur,
1742 2008 1860 2051 non
1911 1991 2199 2053 aufertur.
2293 1990 2548 2053 Scilicet
2593 2009 2710 2052 uon
2741 1994 2874 2049 erat
2903 1987 3142 2047 faustus

432 2080 727 2141 transitus
776 2080 859 2153 (si
886 2080 1189 2143 naturalia
1218 2081 1609 2159 spectemus),
1663 2085 1727 2139 et
1772 2080 2211 2158 expectandum
2262 2079 2418 2141 forte
2462 2078 2608 2139 mihi
2653 2094 2840 2155 usque
2886 2074 2946 2135 in
2977 2074 3143 2135 futu-

434 2186 563 2229 rum
608 2166 839 2246 Majurn
884 2168 987 2229 vel
1028 2167 1288 2239 Junium,
1338 2186 1471 2228 cum
1514 2166 1578 2241 74
1620 2166 1847 2229 transit
1889 2180 1999 2247 per
2033 2166 2179 2229 Asc.
2245 2166 2497 2228 Interim
2541 2172 2740 2227 tamen
2788 2170 3006 2241 urgent
3049 2178 3145 2225 mc

434 2254 793 2317 creditores!
883 2255 1020 2317 Huc
1081 2254 1318 2315 accedit
1375 2254 1677 2332 privatum
1732 2272 1928 2317 meum
1983 2274 2118 2316 cum
2174 2255 2411 2333 publico
2459 2255 2840 2333 conjunctum
2885 2250 3147 2313 infortu-

436 2343 627 2418 nium,
688 2344 844 2424 quod
909 2344 1078 2405 Deus
1137 2342 1282 2422 Opt.
1332 2342 1501 2403 Max.
1560 2341 1817 2403 omnium
1878 2360 2140 2405 meorum
2197 2344 2496 2404 fautorum
2542 2340 2955 2403 charissimum
3000 2337 3148 2401 mihi

432 2450 509 2493 ex
554 2431 669 2493 hac
715 2431 847 2493 vita
892 2431 1129 2511 eripuit,
1180 2431 1255 2492 D.
1306 2430 1383 2491 D.
1432 2430 1822 2491 wilhelmum
1852 2431 2410 2505 Zimmermanuum,
2461 2431 2630 2510 cujus
2675 2426 3147 2490 moderationem

430 2526 497 2580 et
532 2520 865 2597 ,candorem
910 2527 1091 2598 atque
1140 2518 1573 2579 dexteritatem
1619 2518 1880 2579 ecclesia
1907 2526 2116 2579 nostra
2145 2517 2477 2581 diutissime
2507 2516 2898 2579 desiderabit.
2963 2514 3138 2577 Mor·-

432 2616 571 2668 tuus
623 2615 721 2667 est
764 2626 939 2669 mane
994 2607 1049 2669 1.
1100 2606 1308 2667 Martii
1358 2604 1452 2667 St.
1504 2606 1649 2667 Vet.
1701 2626 1832 2667 cum
1879 2626 1988 2687 per
2034 2604 2074 2671 9
2104 2608 2477 2688 septimanas
2523 2624 2600 2668 ex
2643 2602 2989 2683 haemoptoi
3035 2602 3147 2665 de-

431 2693 756 2756 cubuisset.
854 2693 1121 2774 Cumque
1168 2694 1331 2755 circa
1374 2712 1481 2755 eos
1530 2693 1661 2756 dies
1710 2696 1896 2757 validi
1945 2697 2272 2773 perflarent
2316 2695 2506 2770 venti,
2551 2702 2614 2755 et
2656 2700 2800 2773 post
2847 2691 2977 2771 ejus
3027 2690 3142 2753 diei

429 2782 739 2846 meridiem
785 2783 1170 2845 vehementer
1216 2781 1761 2844 tumultuarentur:
1812 2784 2094 2846 dixerunt
2141 2783 2498 2859 adversarii,
2547 2783 2808 2844 animam
2857 2778 3148 2842 haeretici

334 2946 341 2952 ·
428 2889 537 2950 per
582 2878 787 2934 aerem
832 2871 1219 2946 circumferri.
1313 2870 1421 2932 Ille
1469 2889 1611 2932 vero
1660 2872 2012 2934 beatissime
2061 2883 2128 2935 et
2170 2873 2582 2953 placidissime
2629 2869 2923 2934 occubuit.

579 3069 893 3134 Astrologica
928 3071 1056 3121 haec
1091 3071 1298 3134 Kepleri
1343 3073 1559 3134 judicia.
1616 3075 1757 3137 quasi
1805 3075 1872 3122 ad
1919 3073 2246 3124 exercendum
2293 3088 2347 3123 se
2395 3075 2448 3124 in
2490 3089 2546 3124 re
2589 3073 2849 3138 incognita
2882 3070 3149 3120 Maestlino

428 3141 697 3206 proposita,
734 3141 865 3190 tristi
898 3142 1220 3204 comprobata
1254 3149 1373 3192 sunt
1406 3150 1603 3192 eventu.
1676 3143 1775 3193 Die
1806 3146 1914 3205 iarn
1951 3141 2020 3194 60
2054 3149 2168 3207 post
2203 3145 2334 3194 diem
2369 3146 2592 3196 nativum
2627 3146 2748 3194 obiit
2783 3141 2988 3206 Keplari
3021 3141 3151 3193 filins

430 3211 697 3266 Heni-icus,
735 3210 866 3274 quod
902 3209 977 3272 (d.
1017 3209 1101 3261 11.
1137 3209 1257 3260 Jun.
1302 3207 1460 3272 1598)
1496 3212 1571 3260 his
1606 3211 1876 3262 Maestlino
1909 3215 2144 3264 nunciat:

609 3306 703 3367 De
734 3314 925 3366 morte
966 3306 1131 3366 filioli
1176 3307 1267 3367 tui
1298 3315 1471 3380 tauto
1518 3307 1629 3368 tibi
1657 3309 2072 3370 vehementius
2111 3309 2418 3384 condoleo,
2467 3310 2642 3390 quod,
2691 3315 2952 3388 quantus
2979 3307 3150 3370 dolor

434 3402 572 3456 tuus
621 3393 834 3466 fuerit,
886 3411 960 3453 ex
1008 3411 1143 3454 meo
1190 3393 1380 3473 ipsius
1427 3394 1840 3473 conjecturam
1885 3396 2070 3471 facio,
2121 3397 2212 3458 cui
2261 3396 2470 3458 itidem
2515 3397 2682 3458 Deus
2729 3395 2804 3460 Ο.
2852 3396 2941 3456 M.
2989 3395 3148 3458 filio·
3245 3473 3250 3476 Ι

434 3483 555 3543 lum
600 3481 931 3542 Henricum
975 3499 1047 3541 eo
1096 3481 1227 3559 ipso
1276 3491 1541 3560 tempore
1592 3500 1665 3542 ex
1714 3483 1828 3544 hac
1875 3485 2006 3544 vita
2053 3484 2366 3558 evocavit,
2417 3504 2531 3563 quo
2579 3483 2698 3562 ipsi
2741 3502 2838 3544 me
2884 3490 3148 3544 metuere

434 3569 545 3631 tibi
592 3569 827 3648 scripsi.
918 3569 1081 3630 Nam
1128 3569 1223 3630 die
1281 3571 1335 3630 1.
1383 3569 1614 3648 Aprilis
1660 3580 1980 3649 aegrotare
2027 3573 2245 3651 coepit,
2297 3571 2392 3632 die
2441 3568 2501 3632 3.
2553 3571 2820 3651 ejusdem
2865 3571 3034 3632 hora·
3068 3567 3145 3632 12

436 3657 769 3718 meridiana
822 3664 1089 3718 mortuus
1150 3664 1272 3732 est,
1340 3657 1471 3718 dies
1527 3666 1709 3721 natus
1764 3661 2090 3738 sexaginta
2147 3659 2392 3722 dimidio
2448 3659 2662 3722 minus.
2753 3657 2852 3720 Ex
2913 3657 3145 3736 pallore

434 3746 747 3807 cadaveris
796 3745 857 3805 in
903 3744 1193 3806 lateribus
1240 3747 1639 3825 collegerunt,
1712 3755 2090 3825 apostemate
2137 3746 2358 3826 capitis
2409 3747 2738 3808 extinctum
2787 3764 2944 3808 esse.
3021 3744 3151 3805 De·-

434 3833 719 3894 siderium
780 3833 909 3911 ejus
968 3829 1136 3894 uxori
1192 3852 1365 3894 meae
1420 3834 1587 3895 nulla
1646 3834 1775 3896 dies
1825 3834 2038 3909 leniet;
2106 3834 2250 3898 mihi
2298 3835 2444 3896 illud
2492 3835 2658 3896 cordi
2705 3843 2834 3896 est:
2883 3833 3152 3894 Vanitas

437 3921 795 3982 Vanitatum
814 3961 831 3989 ‚
898 3929 963 3982 et
1018 3921 1219 3982 omnia
1275 3922 1557 3986 Vanitas.
1654 3923 1840 3984 Faxit
1883 3923 2076 3998 Deus,
2141 3933 2211 3984 ut
2255 3923 2494 3984 faustae
2561 3933 2700 3986 tuae
2766 3921 3149 4001 precationes

435 4009 571 4071 aliis
618 4008 677 4069 in
725 4008 905 4068 rebus
952 4009 1103 4070 meis
1148 4017 1319 4070 ratae
1368 4011 1511 4071 sint.
2819 4077 2831 4096 .

613 4097 1079 4159 Zimmermanni
1110 4105 1365 4160 mortem
1410 4107 1737 4176 sequuntur
1780 4098 1986 4160 tristia
2019 4107 2314 4176 tempora.
2409 4096 2932 4158 Ferdinandus
2977 4094 3148 4174 prin·-

436 4202 578 4261 ceps
627 4185 685 4246 in
714 4183 956 4248 Italiam
1004 4185 1180 4258 abiit3
1228 4186 1545 4248 Ferrariae
1594 4186 1789 4265 ipsum
1819 4186 2060 4264 Jupiter
2085 4185 2398 4248 Romanus
2445 4204 2655 4248 mensa
2701 4185 2988 4264 dignatus
3033 4193 3147 4248 est.

437 4272 503 4332 In
551 4271 811 4334 transitu
858 4272 1145 4334 torrentis
1193 4273 1449 4351 alicujus
1496 4292 1708 4352 parurn
1756 4273 1966 4349 abfuit,
2019 4273 2158 4353 quin
2207 4273 2486 4354 princeps
2533 4273 2944 4351 suffocaretur.
3013 4273 3148 4334 Vo-

436 4367 563 4420 tum
589 4358 823 4420 Mariae
856 4359 1239 4422 Lauretanae
1288 4362 1639 4440 concepisse
1688 4361 1922 4436 dicitur,
1971 4361 2302 4441 statimque
2349 4361 2408 4422 in
2457 4362 2616 4423 vado
2663 4361 2934 4422 stetisse.
3017 4360 3149 4424 Nec

441 4446 631 4508 minus
675 4445 737 4506 in
783 4446 1201 4524 mari'yeneto
1246 4449 1625 4526 periclitatus
1673 4456 1789 4512 est.
1883 4448 2196 4511 Ferrariae
2245 4449 2600 4511 adventanti
2627 4447 2770 4510 Jovi
2815 4454 2880 4510 et
2917 4447 3160 4510 nomine.

438 4535 568 4613 ejus
634 4533 838 4594 clienti
902 4537 1257 4613 spectacula
1318 4535 1586 4598 exhibita
1641 4535 1834 4617 ignita
1892 4537 2002 4598 sub
2060 4553 2409 4615 vesperam:
2479 4535 2580 4598 ubi
2637 4535 2846 4598 domus
2907 4537 3151 4602 flumas

438 4641 513 4681 ex
558 4619 681 4698 igni
726 4621 969 4682 volante
1016 4632 1336 4702 concepta,
1400 4642 1533 4685 curn
1577 4643 1687 4703 pro
1734 4624 1960 4685 ludicro
2009 4633 2386 4703 spectaretur
2441 4623 2778 4685 incendium
2841 4629 2906 4685 et
2951 4623 3147 4703 negli-

438 4717 703 4787 geretur,
752 4709 1149 4790 conflagravit
1192 4717 1345 4786 tota,
1394 4720 1457 4773 et
1504 4713 1695 4793 (qnod
1740 4711 1928 4774 semel
1973 4719 2208 4772 tan-tum
2235 4713 2524 4784 auditum,
2572 4712 2648 4773 ab
2677 4709 2912 4774 homine
2945 4717 3146 4772 tamen
