3634 5575
1203 341 1226 351 -
1259 317 1307 359 4

1441 400 1502 450 de
1539 403 1682 451 rebus
1719 404 2043 468 astrologicis.
2964 409 3095 476 345

381 549 748 614 liberalitate
779 554 1002 633 (comp.
1034 573 1094 634 p.
1133 551 1312 630 101).
1361 555 1486 620 Sed
1516 559 1704 640 frigus
1733 581 2010 642 magnum
2042 563 2157 626 fuit
2188 572 2251 626 et
2280 567 2671 646 repentinum,
2716 571 2880 634 venti
2916 590 3097 634 acer-

379 639 533 716 rimi,
566 647 632 702 et
658 659 912 722 propere
945 643 1177 706 diluxit.
1255 645 1370 708 Die
1399 653 1604 710 tamen
1633 645 1738 712 25.
1771 650 2035 724 Declsic
2062 653 2207 732 vidi,
2238 655 2296 717 in
2326 655 2477 736 ipsis
2508 658 2804 723 natalitiis
2836 662 2945 734 (st.
2978 661 3092 735 n.).

698 743 784 825 ξ’
1009 749 1046 789 *
1094 747 1135 828 Β

911 837 948 877 ιιι
995 839 1058 913 Q
1161 873 1172 880 .
2198 893 2217 901 -

1293 984 1330 1024 ,μ
1562 951 1638 1030 (ζὲ
1664 948 1734 1030 Β,
1785 954 1831 1029 Q
1856 953 1919 1028 ‘ll
1946 972 2133 1035 prope
2173 955 2479 1037 aequales,
2512 955 2707 1037 major
2734 965 2940 1020 tamen
2968 955 3093 1036 Q‘ss,

1187 1039 1192 1045 '
1230 1033 1352 1100 Cor
1379 1048 1451 1116 1η,
1782 1043 2037 1121 angulus
2084 1047 2129 1122 ζξ
2155 1044 2216 1119 ‘lt
2243 1041 2284 1123 15
2333 1045 2525 1130 minor
2568 1051 2790 1116 recto.)

558 1135 783 1198 Statim
833 1137 912 1197 ad
961 1135 1290 1204 Caesarem
1338 1146 1548 1220 retuli,
1599 1167 1694 1208 me
1741 1148 1969 1210 vidisse
2016 1150 2255 1229 igneum
2300 1151 2637 1232 trigonum,
2708 1153 2850 1233 quia
2898 1153 3093 1218 trian-
3148 1185 3159 1206 ι

379 1227 578 1305 gulum
628 1227 900 1288 fecerunt
944 1231 1128 1300 (comp.
1165 1238 1250 1288 lib.
1291 1241 1352 1291 de
1391 1241 1554 1294 Stella
1586 1243 1732 1295 Nova
1769 1259 1881 1310 cap.
1920 1242 2049 1307 n.).

555 1315 622 1376 In
670 1314 987 1376 altitudine
1035 1316 1278 1382 circiter
1321 1316 1412 1383 8⁰
1457 1323 1809 1388 incidebant
1852 1327 1912 1388 in
1944 1328 2197 1389 eundem
2224 1329 2609 1402 verticalem;
2661 1336 2800 1390 tunc
2832 1329 3093 1391 altitudo

377 1403 434 1477 lt
481 1402 520 1464 7
549 1399 576 1434 ⁰
619 1399 758 1476 35⁴,
807 1404 986 1481 paulo
1033 1414 1174 1484 post
1218 1405 1259 1486 b
1307 1405 1398 1474 9⁰
1442 1408 1524 1474 7¹.
1615 1412 1686 1476 Si
1729 1415 1790 1490 ’λι
1836 1416 2069 1478 interea
2112 1417 2467 1485 mansisset,
2524 1417 2675 1478 haec
2722 1426 2889 1482 esset
2946 1437 3095 1481 vera

379 1492 672 1554 distantia
725 1491 748 1554 1
792 1485 820 1522 ⁰
863 1489 990 1564 32¹,
1039 1501 1102 1555 et
1144 1506 1470 1578 propterea
1517 1503 1578 1576 0‘
1621 1522 1847 1583 magna
1890 1505 2050 1566 iuter
2102 1503 2202 1568 15.
2248 1513 2315 1566 et
2365 1500 2463 1566 16.
2504 1505 2878 1568 DecembriS.
2968 1506 3097 1568 Sed

376 1581 517 1660 quia
559 1580 622 1655 ‘tl
665 1579 912 1642 inferior
956 1582 1190 1646 interea
1219 1589 1513 1663 ascendit,
1565 1592 1859 1654 distantia
1904 1594 2019 1654 fuit
2047 1594 2238 1655 minor
2290 1589 2375 1656 1⁰
2409 1589 2539 1656 32¹.
2634 1592 2798 1656 Sane
2850 1594 2950 1656 die
2982 1593 3091 1658 28.
3202 1664 3205 1666 ,

379 1689 511 1731 cum
555 1669 618 1746 ‘tl
653 1669 782 1748 jam
831 1669 907 1730 ad
954 1671 1265 1736 sinistram
1309 1679 1620 1740 verticalis
1667 1677 1708 1758 b
1747 1689 1970 1757 staret,
2029 1689 2375 1748 sumta.est
2421 1683 2678 1745 altitudo
2725 1678 2766 1759 b
2817 1679 2855 1744 7
2887 1677 2915 1714 ⁰
2968 1680 3093 1754 12⁴,

375 1767 517 1837 POSt
560 1757 621 1832 ’21
669 1755 760 1820 5⁰
803 1753 931 1821 48¹.
1027 1760 1267 1841 Itaque,
1335 1767 1474 1847 quia
1518 1769 1579 1843 Q
1623 1768 1863 1832 interim
1911 1770 2059 1844 (etsi
2111 1790 2267 1850 pene
2331 1771 2545 1832 eodem
2591 1771 2880 1844 instanti)
2934 1790 3090 1832 non-

379 1847 526 1909 nihil
575 1849 981 1909 assurrexerit
1024 1851 1234 1930 maj0r‚
1282 1853 1466 1935 igitur
1510 1858 1568 1920 in
1602 1859 1818 1922 eodem
1864 1860 2041 1940 plane
2090 1860 2313 1922 circulo
2360 1878 2577 1939 magno
2621 1860 2879 1922 fuerunt.
2976 1859 3093 1922 Die

386 1931 478 1998 16.
528 1935 674 1998 Dec.
727 1935 846 1998 vidi
893 1935 954 2011 ‘lt
1000 1948 1062 2000 et
1108 1943 1153 2017 *32
1200 1940 1259 2002 in
1309 1945 1604 2009 distantia
1650 1943 1689 2010 5
1739 1949 1837 2010 vel
1884 1945 1991 2024 6⁰,
2040 1949 2151 2010 sed
2196 1945 2237 2026 b
2287 1967 2403 2010 nou
2449 1947 2595 2010 vidi.

545 2023 639 2085 De
688 2024 1101 2103 conjunctione
1147 2049 1372 2111 magna
1415 2036 1588 2113 plura
1635 2037 1897 2100 scribere
1945 2056 2062 2098 non
2092 2046 2191 2099 est
2227 2055 2495 2112 necesse,
2546 2036 2661 2098 nisi
2691 2034 2824 2116 quis
2871 2044 3087 2098 contra

372 2113 698 2175 Herlicium
745 2113 1008 2180 scribere
1054 2119 1224 2180 velit.
1317 2120 1549 2204 Scripsi
1599 2123 1884 2201 Caesari,
1952 2127 2061 2204 sed
2117 2145 2233 2188 non
2279 2134 2427 2206 puto
2485 2143 2735 2188 necesse
2783 2142 2953 2200 esse,
3024 2131 3093 2186 ut

371 2202 765 2281 imprimatur.
800 2233 882 2244 —
915 2203 980 2266 In
1012 2205 1188 2272 Luna
1232 2209 1373 2288 plus
1403 2231 1516 2274 non
1547 2213 1717 2293 potui
1746 2222 2084 2294 praestare,
2136 2234 2315 2296 quam
2363 2221 2431 2276 ut
2476 2212 2764 2292 trianguli
2814 2212 3091 2275 solvendi

372 2291 638 2352 laborem
685 2309 806 2352 uua
853 2292 1065 2355 tabula
1109 2299 1712 2379 prosthaphaeretica
1762 2304 2056 2367 tollerem.
2150 2302 2417 2382 Scriptio
2463 2320 2573 2384 pro
2615 2321 2729 2382 uno
2780 2303 2913 2364 loco
2952 2301 3083 2363 Lu-

372 2399 482 2441 nae
530 2380 860 2442 etiamnum
907 2383 1098 2444 multa
1143 2395 1256 2448 est.
1352 2387 1476 2450 Sed
1524 2392 1620 2471 qui
1670 2393 1860 2454 semel
1890 2392 2175 2454 memoria
2220 2398 2392 2454 tenet
2417 2398 2827 2472 praeceptum,
2876 2397 3088 2454 atten-

343 2469 554 2530 tionis
603 2488 786 2531 onere
834 2471 1076 2535 levatur
1119 2473 1179 2534 in
1227 2476 1583 2557 colligendis
1631 2488 1727 2543 tot
1774 2481 1951 2542 lineis
2006 2487 2270 2542 motuum
2316 2480 2666 2542 mediorum.
2759 2479 3089 2558 Exemplar

369 2557 508 2620 mihi
557 2575 672 2618 nou
723 2559 1012 2642 suppetit,
1065 2581 1172 2623 nec
1221 2571 1319 2625 est
1365 2569 1769 2632 amanuensis,
1864 2569 2067 2649 Agam
2116 2588 2249 2630 cum
2295 2569 2606 2630 Fischer0.

512 2645 778 2708 Sssfil’mm·
834 2647 964 2711 quod
998 2663 1150 2713 mprt
1185 2651 1307 2702 dicit
1340 2655 1615 2719 Keplerus,
1668 2657 1951 2716 „Iudicium
1988 2658 2051 2708 de
2090 2658 2283 2723 trigono
2319 2656 2500 2722 igneo“
2541 2672 2571 2706 e
2608 2655 2729 2706 Mas.
2768 2655 2966 2718 Petrop.
3004 2655 3089 2704 de-

369 2723 587 2768 sumtum
625 2717 756 2766 infra
791 2725 1037 2782 sequetur.
1111 2720 1375 2774 Theoi-iam
1403 2727 1578 2778 Lunae
1599 2727 1939 2793 'Pychonicam
1976 2729 2243 2780 emendare
2280 2735 2490 2778 conatus
2526 2727 2794 2793 Keplerus,
2831 2725 3093 2776 Herwarto

370 2792 433 2839 ab
471 2790 778 2855 Hohenburg
815 2790 1102 2842 dedicatam
1139 2795 1322 2857 publici
1353 2799 1476 2861 juris
1511 2800 1678 2851 facere
1715 2800 1887 2851 voluit.
1960 2800 2361 2864 Manuscriptum
2397 2807 2628 2865 paratum
2666 2800 2729 2849 ad
2766 2805 2909 2862 typos
2946 2798 3093 2847 variis

368 2866 528 2911 motus
565 2860 728 2911 causis
766 2863 995 2919 retinuit;
1031 2863 1152 2914 illud
1189 2867 1309 2916 item
1345 2870 1476 2919 inest
1511 2869 1662 2921 Mssc.
1707 2871 2093 2936 Petropolitanis
2110 2908 2125 2929 ‚
2177 2887 2266 2921 suo
2302 2872 2412 2921 loco
2448 2872 2653 2922 editioni
2676 2876 2877 2920 nostrae
2917 2870 3091 2932 adjun-

367 2932 598 2995 gendum.
640 2956 710 2967 -
764 2932 1107 2983 Fabricius
1156 2935 1234 2985 his
1290 2941 1539 2991 concludit
1586 2942 1788 2993 literas:
1843 2942 1988 2993 Vale.
2075 2942 2301 2993 Proxime
2351 2943 2495 3007 plura
2546 2942 2769 2991 habebis.
2844 2940 2950 3005 Ego
3007 2955 3096 3003 per

369 3000 400 3049 5
435 3016 634 3053 menses
671 3002 814 3052 domo
853 3005 1004 3062 abfui,
1041 3006 1252 3069 primum
1287 3012 1339 3060 iu
1375 3012 1700 3063 Hellandiam
1739 3015 1981 3071 abieram,
2020 3014 2135 3064 dein
2172 3020 2370 3078 propter
2404 3020 2596 3077 pestem
2632 3016 2685 3063 in
2726 3026 2841 3062 arce
2876 3011 3093 3075 quadam

367 3074 550 3123 Frisiae
603 3087 689 3136 per
739 3070 770 3121 3
807 3089 1003 3125 menses
1051 3076 1192 3127 haesi
1249 3088 1302 3131 et
1351 3083 1502 3134 aulae
1553 3085 1716 3134 officio
1769 3086 2097 3136 concionandi
2144 3087 2357 3135 inservii.
2432 3083 2742 3149 (laser-iptio:
2794 3084 2985 3133 Erudit.
3042 3091 3095 3131 et

366 3152 550 3207 Ρῐῦθῑῒ·
589 3144 654 3194 D·
694 3144 767 3195 M·
803 3144 835 3194 J
839 3181 852 3194 ·
890 3146 1124 3211 ΚΘΡῙΘΙὌ.
1165 3148 1312 3203 Kais.
1351 3153 1464 3203 Ma.
1505 3155 1927 3208 wolverordneten
1952 3156 2113 3207 Math-
2130 3192 2144 3209 .
2183 3158 2399 3207 meinem
2436 3156 2767 3221 rilgunstigen
2797 3154 2954 3203 Hera.
3016 3154 3093 3203 Zu

365 3214 771 3351 {ggglssastaigondpr
804 3231 916 3266 new
953 3216 1116 3279 Statt,
1175 3222 1252 3273 bei
1301 3225 1414 3274 dem
1464 3226 1614 3276 oldeu
1651 3226 1786 3277 Sloss
1838 3228 1957 3278 oder
2008 3228 2087 3277 bei
2140 3227 2278 3278 Hera
2316 3226 2560 3293 Minquitz
2616 3228 2733 3277 oder
2769 3223 2907 3275 Max.
2944 3224 3094 3277 Koch

507 3358 678 3423 Pergit
713 3358 969 3409 Fabricius
1006 3365 1292 3427 quaerendo
1328 3366 1379 3415 in
1416 3366 1572 3416 literis
1610 3367 1656 3417 d.
1697 3364 1782 3416 26.
1809 3367 1937 3418 Dec.
1978 3366 2044 3430 (v.
2078 3365 2169 3429 st.)
2209 3368 2367 3418 datis:
2408 3367 2507 3429 Qui
2542 3368 2613 3428 fit,
2654 3368 2785 3432 quod
2822 3381 2935 3418 cum
2963 3367 3093 3418 toni-

365 3438 482 3549 ltlma
515 3430 568 3477 in
607 3429 708 3549 ahlto
743 3428 890 3531 ‘⁸⁰¹²ss
925 3430 992 3480 ad
1033 3430 1063 3483 3
1102 3443 1192 3486 aut
1227 3434 1260 3484 4
1299 3437 1531 3487 milliaria
1569 3438 1860 3492 audiantur.
1904 3444 2257 3489 tormentorum
2309 3447 2479 3489 tamen
2517 3440 2748 3503 strepitus
2787 3438 2852 3489 ad
2891 3435 2960 3486 18
2982 3437 3093 3487 mil-

386 3502 512 3550 ’aria
548 3512 614 3549 au
649 3502 722 3550 'ta
757 3501 884 3549 sint.

543 3572 936 3650 Keplerus:
995 3570 1088 3631 De
1137 3569 1480 3631 tonitrubus
1529 3570 1744 3651 scripsi
1789 3570 2092 3648 prioribus
2140 3570 2336 3632 literis
2385 3572 2474 3650 (p.
2527 3568 2711 3643 320).

507 3660 871 3710 Fabricius:
911 3658 1195 3721 Quaeritur,
1235 3672 1302 3710 an
1339 3659 1406 3709 sit
1437 3661 1490 3709 in
1527 3659 1724 3709 homine
1761 3659 1977 3710 facultas
1998 3660 2251 3716 sensitiva.
2290 3658 2557 3723 peculiaris
2596 3666 2649 3711 et
2672 3664 2913 3723 separata
2936 3674 3089 3724 quae·

367 3730 482 3781 dam
519 3732 704 3789 anima,
743 3737 800 3780 ut
833 3732 886 3781 in
921 3732 1092 3789 brutis,
1129 3730 1208 3781 vel
1244 3745 1311 3781 an
1348 3732 1414 3781 sit
1445 3744 1562 3795 pare
1602 3732 1802 3781 animae
1838 3729 2133 3781 rationalis?

503 3802 876 3867 Prognosticutn
913 3809 1052 3851 tuum
1089 3802 1156 3853 ad
1192 3816 1378 3852 annum
1419 3798 1557 3851 1604
1596 3801 1717 3852 mihi
1751 3803 2066 3853 transmittas
2104 3816 2311 3869 quaeso.
2384 3799 2603 3851 Maxime
2634 3801 2935 3865 placuerunt
2970 3801 3089 3852 duo·

365 3888 471 3921 rum
505 3872 910 3937 praecedentium
947 3886 1203 3931 annorum,
1261 3880 1313 3923 et
1347 3872 1487 3924 video
1527 3873 1678 3924 alium
1713 3875 1766 3923 in
1802 3875 1861 3923 iis
1898 3875 2101 3940 genium
2142 3873 2388 3939 aliamque
2416 3873 2792 3937 experientiam,
2851 3886 3003 3937 quam
3042 3876 3093 3923 in

367 3942 578 3994 aliorum
617 3944 929 3994 calendariis.

504 4014 658 4065 Hisce
693 4015 806 4065 vale
857 4021 910 4065 et
943 4013 1224 4064 Fabricium
1273 4012 1348 4061 tui
1384 4013 1596 4062 nominis
1632 4012 2044 4063 studiosissimum
2092 4019 2263 4063 mutuo
2300 4012 2450 4080 dilige
2508 4020 2747 4079 tuamque
2802 4030 3004 4065 uxorem
3043 4022 3095 4065 et
3184 4032 3195 4038 ’

363 4086 486 4136 alios
521 4085 799 4147 Umidum..
821 4086 1116 4150 praesertim
1151 4083 1232 4133 Jo.
1275 4082 1516 4134 Eriohsen
1555 4084 1909 4135 officiosissime
1946 4085 2129 4135 saluta.

539 4157 945 4239 Keplerus:
1012 4156 1106 4217 De
1170 4154 1385 4218 animis
1431 4157 1860 4236 propemodum
1906 4156 2131 4233 sentio,
2182 4164 2248 4220 ut
2296 4158 2369 4219 de
2425 4156 2717 4238 speculi5‚
2790 4176 2942 4237 quae
2983 4156 3093 4220 Sol

362 4245 632 4309 irradiat.
725 4245 972 4309 Desinit
1017 4264 1151 4307 esse
1182 4244 1496 4319 sensitiva,
1544 4246 1652 4307 sed
1690 4264 1807 4308 non
1840 4244 2067 4308 desiuit
2107 4266 2307 4308 esse.
2400 4245 2520 4309 Est
2554 4247 2614 4308 in
2644 4245 2859 4307 animis
2889 4248 3093 4309 vultus

362 4334 546 4397 divini
608 4335 842 4416 potiore
890 4334 982 4397 sui
1047 4323 1257 4414 part03
1324 4333 1482 4413 quod
1546 4334 1606 4395 in
1657 4352 1732 4395 ea
1787 4334 2178 4397 materiatum
2226 4343 2356 4411 est,
2428 4334 2488 4397 id
2538 4334 2911 4398 dissolvitur.
3007 4335 3091 4397 Et

361 4431 504 4485 tuuc
549 4445 618 4486 το
665 4420 1028 4502 ὖφιςαμετοφ
1071 4421 1258 4503 perit,
1326 4442 1461 4484 cum
1507 4442 1618 4485 nec
1666 4422 1999 4484 materiola·
2049 4424 2229 4502 plane
2297 4424 2357 4486 in
2404 4424 2653 4486 nihilum
2699 4424 2911 4497 abeat,
2980 4444 3091 4486 nec

363 4512 568 4573 divina
611 4512 959 4576 illustratio.
1053 4510 1382 4575 Altissima
1428 4511 1760 4593 speculatio
1810 4520 1923 4573 est.
2026 4511 2095 4572 In
2126 4533 2242 4575 uno
2274 4522 2477 4575 tamen
2510 4513 2739 4587 laboro,
2793 4513 3091 4593 quomodo

363 4602 598 4663 animae
646 4601 960 4681 impiorum
1009 4600 1280 4663 damnari
1331 4609 1393 4661 et
1440 4609 1645 4662 tamen
1693 4620 1829 4661 esse
1879 4602 2155 4680 possint?

503 4707 647 4758 Haec
683 4712 954 4771 sequuntur
989 4706 1352 4769 disquisitiones
1389 4707 1450 4755 de
1489 4704 1666 4755 Martis
1703 4707 1949 4763 motibus.
2012 4707 2273 4757 addendae
2318 4705 2731 4763 „Commentariis
2776 4705 2839 4755 de
2876 4706 3091 4755 motibus

361 4776 556 4829 Stellae
589 4776 824 4829 Martis“.
901 4776 1282 4827 Conclusionem
1319 4777 1556 4839 epistolae
1595 4778 1916 4829 amanuensis
1955 4778 2164 4841 Kepleri
2206 4793 2307 4826 non
2346 4776 2622 4839 adscripsit.

503 4849 564 4900 In
600 4849 784 4907 literis.
838 4862 967 4913 quae
1021 4848 1113 4897 has
1170 4854 1374 4898 secutae
1411 4853 1530 4897 sunt
1567 4848 1776 4897 Fabricii
1826 4850 2321 4913 responsionibusque
2358 4846 2567 4909 Kepleri
2619 4848 2775 4897 rarius
2826 4848 2991 4913 agitur
3028 4848 3090 4899 de

361 4921 734 4991 quaestionibus
771 4919 1080 4988 astrologicis
1098 4954 1112 4976 ,
1151 4916 1450 4987 quamquam
1484 4916 1560 4969 his
1583 4934 1684 4969 non
1709 4920 1907 4970 omnino
1934 4920 2142 4971 omissis.
2218 4918 2395 4969 Martis
2419 4920 2689 4984 praecipue
2716 4918 2909 4971 theoria
2942 4934 3085 4984 prae·
