<?xml version="1.0" encoding="UTF-8"?>
<!DOCTYPE html PUBLIC "-//W3C//DTD XHTML 1.0 Transitional//EN"
    "http://www.w3.org/TR/xhtml1/DTD/xhtml1-transitional.dtd">
<html xmlns="http://www.w3.org/1999/xhtml" xml:lang="en" lang="en">
 <head>
  <title>
</title>
<meta http-equiv="Content-Type" content="text/html;charset=utf-8" />
  <meta name='ocr-system' content='tesseract 3.04.00' />
  <meta name='ocr-capabilities' content='ocr_page ocr_carea ocr_par ocr_line ocrx_word'/>
</head>
<body>
  <div class='ocr_page' id='page_1' title='image "./joanniskepleria30frisgoog_0137.png"; bbox 0 0 3634 5575; ppageno 0'>
   <div class='ocr_carea' id='block_1_1' title="bbox 590 375 2347 484">
    <p class='ocr_par' dir='ltr' id='par_1_1' title="bbox 590 375 2347 484">
     <span class='ocr_line' id='line_1_1' title="bbox 590 375 2347 484; baseline 0.006 -14"><span class='ocrx_word' id='word_1_1' title='bbox 590 403 717 472; x_wconf 83' lang='grc'><strong>118</strong></span> <span class='ocrx_word' id='word_1_2' title='bbox 967 375 975 382; x_wconf 52' lang='grc'><strong>’</strong></span> <span class='ocrx_word' id='word_1_3' title='bbox 1604 412 1826 484; x_wconf 65' lang='lat' dir='ltr'><strong>Msmffi</strong></span> <span class='ocrx_word' id='word_1_4' title='bbox 1853 413 2263 480; x_wconf 66' lang='lat' dir='ltr'><strong>‘Coemsnphiei</strong></span> <span class='ocrx_word' id='word_1_5' title='bbox 2341 407 2347 414; x_wconf 83' lang='lat'>&#39;</span> 
     </span>
    </p>
   </div>
   <div class='ocr_carea' id='block_1_2' title="bbox 586 565 3334 1012">
    <p class='ocr_par' dir='ltr' id='par_1_2' title="bbox 586 565 3334 1012">
     <span class='ocr_line' id='line_1_2' title="bbox 586 565 3334 652; baseline 0.003 -24"><span class='ocrx_word' id='word_1_6' title='bbox 586 567 701 630; x_wconf 90' lang='lat' dir='ltr'><strong>hoc</strong></span> <span class='ocrx_word' id='word_1_7' title='bbox 747 567 988 630; x_wconf 90' lang='lat' dir='ltr'><strong>circello</strong></span> <span class='ocrx_word' id='word_1_8' title='bbox 1036 569 1172 630; x_wconf 87' lang='lat' dir='ltr'><strong>dein</strong></span> <span class='ocrx_word' id='word_1_9' title='bbox 1224 569 1301 631; x_wconf 89' lang='lat' dir='ltr'><strong>ad</strong></span> <span class='ocrx_word' id='word_1_10' title='bbox 1350 570 1598 636; x_wconf 76' lang='lat' dir='ltr'><strong>Saturni</strong></span> <span class='ocrx_word' id='word_1_11' title='bbox 1659 572 2110 652; x_wconf 88' lang='lat' dir='ltr'><strong>amplitudinem</strong></span> <span class='ocrx_word' id='word_1_12' title='bbox 2131 622 2146 649; x_wconf 94' lang='lat'><strong>,</strong></span> <span class='ocrx_word' id='word_1_13' title='bbox 2217 582 2280 636; x_wconf 90' lang='lat' dir='ltr'><strong>et</strong></span> <span class='ocrx_word' id='word_1_14' title='bbox 2335 574 2412 636; x_wconf 88' lang='lat' dir='ltr'><strong>ab</strong></span> <span class='ocrx_word' id='word_1_15' title='bbox 2466 575 2580 637; x_wconf 87' lang='lat' dir='ltr'><strong>hac</strong></span> <span class='ocrx_word' id='word_1_16' title='bbox 2629 575 2706 638; x_wconf 89' lang='lat' dir='ltr'><strong>ad</strong></span> <span class='ocrx_word' id='word_1_17' title='bbox 2751 577 2999 638; x_wconf 84' lang='lat' dir='ltr'><strong>fixarum</strong></span> <span class='ocrx_word' id='word_1_18' title='bbox 3043 565 3334 637; x_wconf 73' lang='lat' dir='ltr'><strong>inaesti·-&#39;</strong></span> 
     </span>
     <span class='ocr_line' id='line_1_3' title="bbox 587 657 3310 744; baseline 0.003 -26"><span class='ocrx_word' id='word_1_19' title='bbox 587 657 869 719; x_wconf 90' lang='lat' dir='ltr'><strong>mabilem</strong></span> <span class='ocrx_word' id='word_1_20' title='bbox 918 657 1300 720; x_wconf 82' lang='lat' dir='ltr'><strong>altitudinem</strong></span> <span class='ocrx_word' id='word_1_21' title='bbox 1348 660 1551 723; x_wconf 86' lang='lat' dir='ltr'><strong>oculos</strong></span> <span class='ocrx_word' id='word_1_22' title='bbox 1598 661 1873 737; x_wconf 81' lang='lat' dir='ltr'>intende,</span> <span class='ocrx_word' id='word_1_23' title='bbox 1925 669 1988 723; x_wconf 90' lang='lat' dir='ltr'><strong>et</strong></span> <span class='ocrx_word' id='word_1_24' title='bbox 2034 663 2286 744; x_wconf 90' lang='lat' dir='ltr'><strong>denique</strong></span> <span class='ocrx_word' id='word_1_25' title='bbox 2333 665 2651 741; x_wconf 81' lang='lat' dir='ltr'><strong>conclude,</strong></span> <span class='ocrx_word' id='word_1_26' title='bbox 2714 673 2910 727; x_wconf 87' lang='lat' dir='ltr'><strong>utrum</strong></span> <span class='ocrx_word' id='word_1_27' title='bbox 2957 665 3121 726; x_wconf 77' lang='lat' dir='ltr'><strong>factu</strong></span> <span class='ocrx_word' id='word_1_28' title='bbox 3165 681 3310 725; x_wconf 88' lang='lat' dir='ltr'><strong>cre-</strong></span> 
     </span>
     <span class='ocr_line' id='line_1_4' title="bbox 588 746 3311 829; baseline 0.001 -21"><span class='ocrx_word' id='word_1_29' title='bbox 588 746 831 827; x_wconf 81' lang='lat' dir='ltr'><strong>dituque</strong></span> <span class='ocrx_word' id='word_1_30' title='bbox 880 747 1141 822; x_wconf 87' lang='lat' dir='ltr'><strong>facili-us,</strong></span> <span class='ocrx_word' id='word_1_31' title='bbox 1188 751 1537 829; x_wconf 89' lang='lat' dir='ltr'><strong>punctulum</strong></span> <span class='ocrx_word' id='word_1_32' title='bbox 1586 749 1731 811; x_wconf 89' lang='lat' dir='ltr'><strong>illud</strong></span> <span class='ocrx_word' id='word_1_33' title='bbox 1780 750 1943 813; x_wconf 88' lang='lat' dir='ltr'><strong>intra</strong></span> <span class='ocrx_word' id='word_1_34' title='bbox 1977 750 2038 813; x_wconf 87' lang='lat' dir='ltr'>A</span> <span class='ocrx_word' id='word_1_35' title='bbox 2075 751 2397 828; x_wconf 78' lang='lat' dir='ltr'><strong>circellum,</strong></span> <span class='ocrx_word' id='word_1_36' title='bbox 2446 762 2510 815; x_wconf 92' lang='lat' dir='ltr'><strong>et</strong></span> <span class='ocrx_word' id='word_1_37' title='bbox 2555 753 2644 815; x_wconf 89' lang='lat' dir='ltr'><strong>sic</strong></span> <span class='ocrx_word' id='word_1_38' title='bbox 2673 753 2972 816; x_wconf 79' lang='lat' dir='ltr'><strong>Tellurem</strong></span> <span class='ocrx_word' id='word_1_39' title='bbox 3018 753 3078 816; x_wconf 90' lang='lat' dir='ltr'><strong>in</strong></span> <span class='ocrx_word' id='word_1_40' title='bbox 3125 768 3311 814; x_wconf 86' lang='lat' dir='ltr'><strong>unam</strong></span> 
     </span>
     <span class='ocr_line' id='line_1_5' title="bbox 586 836 3312 924; baseline 0.001 -27"><span class='ocrx_word' id='word_1_41' title='bbox 586 836 832 916; x_wconf 81' lang='lat' dir='ltr'><strong>plagam</strong></span> <span class='ocrx_word' id='word_1_42' title='bbox 879 837 1087 912; x_wconf 87' lang='lat' dir='ltr'><strong>rotari,</strong></span> <span class='ocrx_word' id='word_1_43' title='bbox 1138 858 1213 899; x_wconf 87' lang='lat' dir='ltr'><strong>an</strong></span> <span class='ocrx_word' id='word_1_44' title='bbox 1264 857 1404 900; x_wconf 89' lang='lat' dir='ltr'><strong>vero</strong></span> <span class='ocrx_word' id='word_1_45' title='bbox 1452 847 1645 901; x_wconf 85' lang='lat' dir='ltr'><strong>totum</strong></span> <span class='ocrx_word' id='word_1_46' title='bbox 1691 840 1972 902; x_wconf 87' lang='lat' dir='ltr'><strong>mundum</strong></span> <span class='ocrx_word' id='word_1_47' title='bbox 2019 841 2225 902; x_wconf 91' lang='lat' dir='ltr'><strong>decem</strong></span> <span class='ocrx_word' id='word_1_48' title='bbox 2257 842 2558 904; x_wconf 87' lang='lat' dir='ltr'><strong>distinctis</strong></span> <span class='ocrx_word' id='word_1_49' title='bbox 2587 843 2850 905; x_wconf 87' lang='lat' dir='ltr'><strong>motibus</strong></span> <span class='ocrx_word' id='word_1_50' title='bbox 2896 841 3069 924; x_wconf 88' lang='lat' dir='ltr'><strong>(quia</strong></span> <span class='ocrx_word' id='word_1_51' title='bbox 3097 841 3312 903; x_wconf 87' lang='lat' dir='ltr'><strong>decem</strong></span> 
     </span>
     <span class='ocr_line' id='line_1_6' title="bbox 588 924 3309 1012; baseline 0.001 -26"><span class='ocrx_word' id='word_1_52' title='bbox 588 924 667 986; x_wconf 87' lang='lat' dir='ltr'><strong>ab</strong></span> <span class='ocrx_word' id='word_1_53' title='bbox 712 925 967 988; x_wconf 85' lang='lat' dir='ltr'><strong>invicem</strong></span> <span class='ocrx_word' id='word_1_54' title='bbox 1014 925 1197 988; x_wconf 87' lang='lat' dir='ltr'><strong>soluti</strong></span> <span class='ocrx_word' id='word_1_55' title='bbox 1244 927 1451 1002; x_wconf 88' lang='lat' dir='ltr'><strong>orbes)</strong></span> <span class='ocrx_word' id='word_1_56' title='bbox 1497 929 1748 990; x_wconf 83' lang='lat' dir='ltr'><strong>infanda</strong></span> <span class='ocrx_word' id='word_1_57' title='bbox 1790 928 2120 1008; x_wconf 77' lang='lat' dir='ltr'><strong>rapiditate</strong></span> <span class='ocrx_word' id='word_1_58' title='bbox 2165 932 2252 992; x_wconf 88' lang='lat' dir='ltr'><strong>ire</strong></span> <span class='ocrx_word' id='word_1_59' title='bbox 2297 930 2358 992; x_wconf 90' lang='lat' dir='ltr'><strong>in</strong></span> <span class='ocrx_word' id='word_1_60' title='bbox 2403 932 2649 1012; x_wconf 81' lang='lat' dir='ltr'><strong>plagam</strong></span> <span class='ocrx_word' id='word_1_61' title='bbox 2686 932 2956 1006; x_wconf 85' lang='lat' dir='ltr'><strong>alteram,</strong></span> <span class='ocrx_word' id='word_1_62' title='bbox 3007 949 3118 993; x_wconf 89' lang='lat' dir='ltr'><strong>nec</strong></span> <span class='ocrx_word' id='word_1_63' title='bbox 3149 947 3309 1011; x_wconf 85' lang='lat' dir='ltr'><strong>qno·</strong></span> 
     </span>
    </p>
   </div>
   <div class='ocr_carea' id='block_1_3' title="bbox 588 1014 3310 1185">
    <p class='ocr_par' dir='ltr' id='par_1_3' title="bbox 588 1014 3310 1185">
     <span class='ocr_line' id='line_1_7' title="bbox 588 1014 3310 1101; baseline 0.001 -26"><span class='ocrx_word' id='word_1_64' title='bbox 588 1031 765 1094; x_wconf 89' lang='lat' dir='ltr'><strong>quam</strong></span> <span class='ocrx_word' id='word_1_65' title='bbox 811 1014 927 1076; x_wconf 89' lang='lat' dir='ltr'><strong>nisi</strong></span> <span class='ocrx_word' id='word_1_66' title='bbox 974 1017 1054 1078; x_wconf 93' lang='lat' dir='ltr'><strong>ad</strong></span> <span class='ocrx_word' id='word_1_67' title='bbox 1100 1016 1245 1078; x_wconf 90' lang='lat' dir='ltr'><strong>illud</strong></span> <span class='ocrx_word' id='word_1_68' title='bbox 1290 1017 1667 1096; x_wconf 87' lang='lat' dir='ltr'><strong>punctulum,</strong></span> <span class='ocrx_word' id='word_1_69' title='bbox 1716 1017 1976 1080; x_wconf 81' lang='lat' dir='ltr'><strong>Telluris</strong></span> <span class='ocrx_word' id='word_1_70' title='bbox 2021 1018 2494 1099; x_wconf 85' lang='lat' dir='ltr'><strong>imagunculam,</strong></span> <span class='ocrx_word' id='word_1_71' title='bbox 2557 1039 2806 1101; x_wconf 86' lang='lat' dir='ltr'><strong>eamque</strong></span> <span class='ocrx_word' id='word_1_72' title='bbox 2852 1021 3043 1084; x_wconf 87' lang='lat' dir='ltr'><strong>solam</strong></span> <span class='ocrx_word' id='word_1_73' title='bbox 3085 1019 3310 1081; x_wconf 85' lang='lat' dir='ltr'><strong>immo-</strong></span> 
     </span>
     <span class='ocr_line' id='line_1_8' title="bbox 588 1102 1944 1185; baseline 0.002 -21"><span class='ocrx_word' id='word_1_74' title='bbox 588 1102 798 1178; x_wconf 88' lang='lat' dir='ltr'><strong>bilem,</strong></span> <span class='ocrx_word' id='word_1_75' title='bbox 847 1102 1180 1184; x_wconf 79' lang='lat' dir='ltr'><strong>respicere,</strong></span> <span class='ocrx_word' id='word_1_76' title='bbox 1230 1105 1371 1185; x_wconf 89' lang='lat' dir='ltr'><strong>quia</strong></span> <span class='ocrx_word' id='word_1_77' title='bbox 1416 1113 1611 1172; x_wconf 88' lang='lat' dir='ltr'><strong>extra.</strong></span> <span class='ocrx_word' id='word_1_78' title='bbox 1634 1107 1783 1169; x_wconf 87' lang='lat' dir='ltr'><strong>nihil</strong></span> <span class='ocrx_word' id='word_1_79' title='bbox 1831 1113 1944 1168; x_wconf 89' lang='lat' dir='ltr'><strong>est.</strong></span> 
     </span>
    </p>
   </div>
   <div class='ocr_carea' id='block_1_4' title="bbox 1532 1281 2350 1457">
    <p class='ocr_par' dir='ltr' id='par_1_4' title="bbox 1532 1281 2350 1457">
     <span class='ocr_line' id='line_1_9' title="bbox 1532 1281 2350 1348; baseline 0.002 -4"><span class='ocrx_word' id='word_1_80' title='bbox 1532 1282 1622 1345; x_wconf 88' lang='lat' dir='ltr'><strong>IN</strong></span> <span class='ocrx_word' id='word_1_81' title='bbox 1669 1281 1952 1348; x_wconf 85' lang='lat' dir='ltr'>CAPUT</span> <span class='ocrx_word' id='word_1_82' title='bbox 1999 1283 2350 1347; x_wconf 86' lang='lat' dir='ltr'>PRIMUM.</span> 
     </span>
     <span class='ocr_line' id='line_1_10' title="bbox 1636 1404 2259 1457; baseline -0.002 -1"><span class='ocrx_word' id='word_1_83' title='bbox 1636 1405 1865 1456; x_wconf 77' lang='lat' dir='ltr'><strong>NOTAE</strong></span> <span class='ocrx_word' id='word_1_84' title='bbox 1903 1404 2259 1457; x_wconf 72' lang='lat' dir='ltr'><strong>Auo&#39;rolus.</strong></span> 
     </span>
    </p>
   </div>
   <div class='ocr_carea' id='block_1_5' title="bbox 504 1508 3372 5041">
    <p class='ocr_par' dir='ltr' id='par_1_5' title="bbox 578 1508 3312 3189">
     <span class='ocr_line' id='line_1_11' title="bbox 740 1508 3307 1586; baseline 0.001 -20"><span class='ocrx_word' id='word_1_85' title='bbox 740 1508 799 1576; x_wconf 86' lang='lat' dir='ltr'><strong>a)</strong></span> <span class='ocrx_word' id='word_1_86' title='bbox 847 1511 1097 1566; x_wconf 81' lang='lat' dir='ltr'><strong>Occurrit</strong></span> <span class='ocrx_word' id='word_1_87' title='bbox 1142 1511 1269 1566; x_wconf 88' lang='lat' dir='ltr'><strong>huic</strong></span> <span class='ocrx_word' id='word_1_88' title='bbox 1296 1514 1555 1584; x_wconf 87' lang='lat' dir='ltr'><strong>scrupulo</strong></span> <span class='ocrx_word' id='word_1_89' title='bbox 1586 1513 1924 1586; x_wconf 88' lang='lat' dir='ltr'><strong>Copernicus</strong></span> <span class='ocrx_word' id='word_1_90' title='bbox 1953 1515 2074 1586; x_wconf 87' lang='lat' dir='ltr'><strong>ipse</strong></span> <span class='ocrx_word' id='word_1_91' title='bbox 2117 1515 2174 1569; x_wconf 89' lang='lat' dir='ltr'><strong>in</strong></span> <span class='ocrx_word' id='word_1_92' title='bbox 2218 1514 2566 1586; x_wconf 75' lang='lat' dir='ltr'><strong>praefatione</strong></span> <span class='ocrx_word' id='word_1_93' title='bbox 2613 1515 2684 1568; x_wconf 87' lang='lat' dir='ltr'><strong>ad</strong></span> <span class='ocrx_word' id='word_1_94' title='bbox 2709 1513 2944 1569; x_wconf 82' lang='lat' dir='ltr'><strong>Paulum</strong></span> <span class='ocrx_word' id='word_1_95' title='bbox 2969 1513 3065 1568; x_wconf 90' lang='lat'><strong>111.</strong></span> <span class='ocrx_word' id='word_1_96' title='bbox 3091 1512 3307 1568; x_wconf 75' lang='lat' dir='ltr'><strong>Pontis.</strong></span> 
     </span>
     <span class='ocr_line' id='line_1_12' title="bbox 580 1591 3308 1666; baseline 0.001 -20"><span class='ocrx_word' id='word_1_97' title='bbox 580 1591 837 1655; x_wconf 63' lang='lat' dir='ltr'><strong>Maxim„</strong></span> <span class='ocrx_word' id='word_1_98' title='bbox 887 1593 982 1646; x_wconf 85' lang='lat' dir='ltr'><strong>sed</strong></span> <span class='ocrx_word' id='word_1_99' title='bbox 1027 1591 1197 1662; x_wconf 91' lang='lat' dir='ltr'><strong>paulo</strong></span> <span class='ocrx_word' id='word_1_100' title='bbox 1243 1591 1625 1663; x_wconf 84' lang='lat' dir='ltr'><strong>rigidiuscule:</strong></span> <span class='ocrx_word' id='word_1_101' title='bbox 1656 1593 1815 1664; x_wconf 68' lang='lat' dir='ltr'><strong>ouius</strong></span> <span class='ocrx_word' id='word_1_102' title='bbox 1865 1595 2129 1650; x_wconf 89' lang='lat' dir='ltr'><strong>orationis</strong></span> <span class='ocrx_word' id='word_1_103' title='bbox 2174 1611 2383 1665; x_wconf 89' lang='lat' dir='ltr'><strong>poenas</strong></span> <span class='ocrx_word' id='word_1_104' title='bbox 2426 1595 2532 1649; x_wconf 87' lang='lat' dir='ltr'><strong>luit</strong></span> <span class='ocrx_word' id='word_1_105' title='bbox 2569 1594 2828 1666; x_wconf 79' lang='lat' dir='ltr'><strong>denique,</strong></span> <span class='ocrx_word' id='word_1_106' title='bbox 2876 1594 3003 1664; x_wconf 86' lang='lat' dir='ltr'><strong>plus</strong></span> <span class='ocrx_word' id='word_1_107' title='bbox 3033 1610 3194 1664; x_wconf 85' lang='lat' dir='ltr'><strong>quam</strong></span> <span class='ocrx_word' id='word_1_108' title='bbox 3228 1595 3308 1648; x_wconf 75' lang='lat'><strong>&#39;⁷⁰</strong></span> 
     </span>
     <span class='ocr_line' id='line_1_13' title="bbox 578 1668 3306 1746; baseline 0.001 -20"><span class='ocrx_word' id='word_1_109' title='bbox 578 1668 738 1726; x_wconf 75' lang='lat' dir='ltr'><strong>annis</strong></span> <span class='ocrx_word' id='word_1_110' title='bbox 770 1674 841 1726; x_wconf 90' lang='lat' dir='ltr'><strong>ab</strong></span> <span class='ocrx_word' id='word_1_111' title='bbox 872 1670 1109 1726; x_wconf 79' lang='lat' dir='ltr'><strong>editione</strong></span> <span class='ocrx_word' id='word_1_112' title='bbox 1138 1672 1265 1726; x_wconf 90' lang='lat' dir='ltr'><strong>libri</strong></span> <span class='ocrx_word' id='word_1_113' title='bbox 1294 1689 1436 1744; x_wconf 90' lang='lat' dir='ltr'><strong>aque</strong></span> <span class='ocrx_word' id='word_1_114' title='bbox 1462 1681 1639 1728; x_wconf 89' lang='lat' dir='ltr'><strong>morte</strong></span> <span class='ocrx_word' id='word_1_115' title='bbox 1667 1692 1773 1729; x_wconf 86' lang='lat' dir='ltr'><strong>sua</strong></span> <span class='ocrx_word' id='word_1_116' title='bbox 1810 1676 2048 1746; x_wconf 87' lang='lat' dir='ltr'><strong>elapsis:</strong></span> <span class='ocrx_word' id='word_1_117' title='bbox 2106 1691 2438 1744; x_wconf 84' lang='lat' dir='ltr'><strong>„suspensus</strong></span> <span class='ocrx_word' id='word_1_118' title='bbox 2467 1675 2608 1728; x_wconf 91' lang='lat' dir='ltr'><strong>enim</strong></span> <span class='ocrx_word' id='word_1_119' title='bbox 2638 1673 2782 1738; x_wconf 85' lang='lat' dir='ltr'><strong>est,“</strong></span> <span class='ocrx_word' id='word_1_120' title='bbox 2837 1673 3016 1746; x_wconf 90' lang='lat' dir='ltr'><strong>inquit</strong></span> <span class='ocrx_word' id='word_1_121' title='bbox 3041 1689 3306 1738; x_wconf 82' lang='lat' dir='ltr'><strong>censura,</strong></span> 
     </span>
     <span class='ocr_line' id='line_1_14' title="bbox 588 1752 3305 1827; baseline 0.001 -21"><span class='ocrx_word' id='word_1_122' title='bbox 588 1755 792 1816; x_wconf 83' lang='lat' dir='ltr'><strong>„donec</strong></span> <span class='ocrx_word' id='word_1_123' title='bbox 819 1753 1181 1822; x_wconf 84' lang='lat' dir='ltr'><strong>corrigatur,“</strong></span> <span class='ocrx_word' id='word_1_124' title='bbox 1229 1752 1421 1822; x_wconf 88' lang='lat' dir='ltr'><strong>opinor</strong></span> <span class='ocrx_word' id='word_1_125' title='bbox 1447 1761 1632 1809; x_wconf 87' lang='lat' dir='ltr'><strong>autem</strong></span> <span class='ocrx_word' id='word_1_126' title='bbox 1661 1755 1830 1810; x_wconf 89' lang='lat' dir='ltr'><strong>etiam</strong></span> <span class='ocrx_word' id='word_1_127' title='bbox 1858 1757 1962 1812; x_wconf 90' lang='lat' dir='ltr'><strong>hoc</strong></span> <span class='ocrx_word' id='word_1_128' title='bbox 1991 1755 2353 1827; x_wconf 79' lang='lat' dir='ltr'><strong>subintelligi,</strong></span> <span class='ocrx_word' id='word_1_129' title='bbox 2393 1757 2607 1809; x_wconf 89' lang='lat' dir='ltr'><strong>donec</strong></span> <span class='ocrx_word' id='word_1_130' title='bbox 2649 1754 3079 1825; x_wconf 76' lang='lat' dir='ltr'><strong>explicetur.</strong></span> <span class='ocrx_word' id='word_1_131' title='bbox 3153 1755 3305 1818; x_wconf 80' lang='lat' dir='ltr'><strong>Quo-</strong></span> 
     </span>
     <span class='ocr_line' id='line_1_15' title="bbox 584 1833 3304 1908; baseline 0.001 -23"><span class='ocrx_word' id='word_1_132' title='bbox 584 1833 739 1886; x_wconf 88' lang='lat' dir='ltr'><strong>modo</strong></span> <span class='ocrx_word' id='word_1_133' title='bbox 768 1833 910 1886; x_wconf 90' lang='lat' dir='ltr'><strong>enim</strong></span> <span class='ocrx_word' id='word_1_134' title='bbox 936 1851 1045 1887; x_wconf 89' lang='lat' dir='ltr'><strong>non</strong></span> <span class='ocrx_word' id='word_1_135' title='bbox 1074 1833 1147 1886; x_wconf 85' lang='lat' dir='ltr'><strong>sit</strong></span> <span class='ocrx_word' id='word_1_136' title='bbox 1174 1835 1482 1903; x_wconf 78' lang='lat' dir='ltr'><strong>scripturae</strong></span> <span class='ocrx_word' id='word_1_137' title='bbox 1516 1836 1843 1900; x_wconf 85' lang='lat' dir='ltr'><strong>contrarius,</strong></span> <span class='ocrx_word' id='word_1_138' title='bbox 1888 1835 2090 1908; x_wconf 90' lang='lat' dir='ltr'><strong>quippe</strong></span> <span class='ocrx_word' id='word_1_139' title='bbox 2111 1835 2166 1889; x_wconf 89' lang='lat' dir='ltr'><strong>in</strong></span> <span class='ocrx_word' id='word_1_140' title='bbox 2193 1835 2477 1905; x_wconf 89' lang='lat' dir='ltr'><strong>proposito</strong></span> <span class='ocrx_word' id='word_1_141' title='bbox 2505 1835 2828 1906; x_wconf 79' lang='lat' dir='ltr'><strong>longissime</strong></span> <span class='ocrx_word' id='word_1_142' title='bbox 2855 1835 3087 1899; x_wconf 81' lang='lat' dir='ltr'><strong>diverso,</strong></span> <span class='ocrx_word' id='word_1_143' title='bbox 3133 1850 3304 1888; x_wconf 86' lang='lat' dir='ltr'><strong>cona-</strong></span> 
     </span>
     <span class='ocr_line' id='line_1_16' title="bbox 582 1913 3304 1986; baseline 0 -19"><span class='ocrx_word' id='word_1_144' title='bbox 582 1919 673 1967; x_wconf 84' lang='lat' dir='ltr'><strong>tus</strong></span> <span class='ocrx_word' id='word_1_145' title='bbox 702 1929 821 1966; x_wconf 88' lang='lat' dir='ltr'><strong>snm</strong></span> <span class='ocrx_word' id='word_1_146' title='bbox 851 1915 1143 1967; x_wconf 81' lang='lat' dir='ltr'><strong>ostendere</strong></span> <span class='ocrx_word' id='word_1_147' title='bbox 1172 1914 1479 1968; x_wconf 86' lang='lat' dir='ltr'><strong>rationibus</strong></span> <span class='ocrx_word' id='word_1_148' title='bbox 1525 1920 1584 1969; x_wconf 90' lang='lat' dir='ltr'><strong>et</strong></span> <span class='ocrx_word' id='word_1_149' title='bbox 1621 1917 1892 1986; x_wconf 82' lang='lat' dir='ltr'><strong>exemplis</strong></span> <span class='ocrx_word' id='word_1_150' title='bbox 1939 1917 1995 1970; x_wconf 90' lang='lat' dir='ltr'><strong>in</strong></span> <span class='ocrx_word' id='word_1_151' title='bbox 2024 1915 2424 1970; x_wconf 82' lang='lat' dir='ltr'><strong>introductione</strong></span> <span class='ocrx_word' id='word_1_152' title='bbox 2451 1917 2508 1970; x_wconf 91' lang='lat' dir='ltr'><strong>in</strong></span> <span class='ocrx_word' id='word_1_153' title='bbox 2538 1913 2944 1969; x_wconf 65' lang='lat' dir='ltr'><strong>Commentariis</strong></span> <span class='ocrx_word' id='word_1_154' title='bbox 2967 1916 3034 1968; x_wconf 88' lang='lat' dir='ltr'><strong>de</strong></span> <span class='ocrx_word' id='word_1_155' title='bbox 3059 1915 3304 1968; x_wconf 76' lang='lat' dir='ltr'><strong>motibus</strong></span> 
     </span>
     <span class='ocr_line' id='line_1_17' title="bbox 584 1993 3306 2067; baseline 0 -20"><span class='ocrx_word' id='word_1_156' title='bbox 584 1993 800 2048; x_wconf 82' lang='lat' dir='ltr'><strong>Martis.</strong></span> <span class='ocrx_word' id='word_1_157' title='bbox 884 1993 1063 2064; x_wconf 82' lang='lat' dir='ltr'><strong>Ipsius</strong></span> <span class='ocrx_word' id='word_1_158' title='bbox 1109 1995 1277 2048; x_wconf 87' lang='lat' dir='ltr'><strong>etiam</strong></span> <span class='ocrx_word' id='word_1_159' title='bbox 1308 1995 1591 2066; x_wconf 88' lang='lat' dir='ltr'><strong>Copernici</strong></span> <span class='ocrx_word' id='word_1_160' title='bbox 1638 1999 1813 2052; x_wconf 74' lang='lat' dir='ltr'><strong>verba</strong></span> <span class='ocrx_word' id='word_1_161' title='bbox 1872 1996 2152 2067; x_wconf 73' lang='lat' dir='ltr'><strong>explicavi</strong></span> <span class='ocrx_word' id='word_1_162' title='bbox 2193 1995 2478 2050; x_wconf 79' lang='lat' dir='ltr'><strong>dilucidius</strong></span> <span class='ocrx_word' id='word_1_163' title='bbox 2524 1994 2581 2050; x_wconf 91' lang='lat' dir='ltr'><strong>in</strong></span> <span class='ocrx_word' id='word_1_164' title='bbox 2623 1997 2732 2049; x_wconf 83' lang='lat' dir='ltr'><strong>fine</strong></span> <span class='ocrx_word' id='word_1_165' title='bbox 2777 1995 2904 2049; x_wconf 89' lang='lat' dir='ltr'><strong>libri</strong></span> <span class='ocrx_word' id='word_1_166' title='bbox 2931 1996 2974 2050; x_wconf 90' lang='lat'><strong>1.</strong></span> <span class='ocrx_word' id='word_1_167' title='bbox 3015 1995 3306 2065; x_wconf 75' lang='lat' dir='ltr'><strong>Epitomes</strong></span> 
     </span>
     <span class='ocr_line' id='line_1_18' title="bbox 580 2074 3308 2150; baseline -0.001 -20"><span class='ocrx_word' id='word_1_168' title='bbox 580 2074 993 2130; x_wconf 82' lang='lat' dir='ltr'><strong>Astronomiae:</strong></span> <span class='ocrx_word' id='word_1_169' title='bbox 1043 2074 1237 2144; x_wconf 85' lang='lat' dir='ltr'><strong>quibus</strong></span> <span class='ocrx_word' id='word_1_170' title='bbox 1278 2076 1413 2130; x_wconf 88' lang='lat' dir='ltr'><strong>locis</strong></span> <span class='ocrx_word' id='word_1_171' title='bbox 1442 2093 1605 2146; x_wconf 87' lang='lat' dir='ltr'><strong>spero</strong></span> <span class='ocrx_word' id='word_1_172' title='bbox 1630 2077 1910 2150; x_wconf 87' lang='lat' dir='ltr'><strong>religiosis</strong></span> <span class='ocrx_word' id='word_1_173' title='bbox 1961 2076 2311 2132; x_wconf 80' lang='lat' dir='ltr'><strong>satisfactum</strong></span> <span class='ocrx_word' id='word_1_174' title='bbox 2351 2075 2444 2130; x_wconf 85' lang='lat' dir='ltr'><strong>iri:</strong></span> <span class='ocrx_word' id='word_1_175' title='bbox 2503 2077 2786 2132; x_wconf 82' lang='lat' dir='ltr'><strong>dummodo</strong></span> <span class='ocrx_word' id='word_1_176' title='bbox 2833 2082 2894 2129; x_wconf 89' lang='lat' dir='ltr'><strong>et</strong></span> <span class='ocrx_word' id='word_1_177' title='bbox 2931 2075 3216 2146; x_wconf 78' lang='lat' dir='ltr'><strong>ingenim</strong></span> <span class='ocrx_word' id='word_1_178' title='bbox 3243 2081 3308 2128; x_wconf 87' lang='lat' dir='ltr'><strong>et</strong></span> 
     </span>
     <span class='ocr_line' id='line_1_19' title="bbox 582 2154 3310 2227; baseline 0 -18"><span class='ocrx_word' id='word_1_179' title='bbox 582 2154 951 2224; x_wconf 85' lang='lat' dir='ltr'><strong>cognitionem</strong></span> <span class='ocrx_word' id='word_1_180' title='bbox 978 2155 1347 2211; x_wconf 81' lang='lat' dir='ltr'><strong>astronomiae</strong></span> <span class='ocrx_word' id='word_1_181' title='bbox 1392 2157 1567 2212; x_wconf 88' lang='lat' dir='ltr'><strong>talem</strong></span> <span class='ocrx_word' id='word_1_182' title='bbox 1590 2160 1660 2212; x_wconf 72' lang='lat' dir='ltr'><strong>ad</strong></span> <span class='ocrx_word' id='word_1_183' title='bbox 1688 2159 1795 2212; x_wconf 87' lang='lat' dir='ltr'><strong>hoo</strong></span> <span class='ocrx_word' id='word_1_184' title='bbox 1829 2156 2096 2227; x_wconf 86' lang='lat' dir='ltr'><strong>judicium</strong></span> <span class='ocrx_word' id='word_1_185' title='bbox 2123 2159 2377 2220; x_wconf 79' lang='lat' dir='ltr'><strong>afferant,</strong></span> <span class='ocrx_word' id='word_1_186' title='bbox 2429 2163 2496 2210; x_wconf 90' lang='lat' dir='ltr'><strong>ut</strong></span> <span class='ocrx_word' id='word_1_187' title='bbox 2519 2155 2706 2227; x_wconf 80' lang='lat' dir='ltr'><strong>gloria</strong></span> <span class='ocrx_word' id='word_1_188' title='bbox 2748 2155 3051 2210; x_wconf 80' lang='lat' dir='ltr'><strong>divinornm</strong></span> <span class='ocrx_word' id='word_1_189' title='bbox 3077 2171 3310 2226; x_wconf 77' lang='lat' dir='ltr'><strong>operum</strong></span> 
     </span>
     <span class='ocr_line' id='line_1_20' title="bbox 582 2234 3312 2310; baseline 0.001 -23"><span class='ocrx_word' id='word_1_190' title='bbox 582 2234 880 2289; x_wconf 77' lang='lat' dir='ltr'><strong>visibilium</strong></span> <span class='ocrx_word' id='word_1_191' title='bbox 906 2236 1147 2304; x_wconf 85' lang='lat' dir='ltr'><strong>ipsorum</strong></span> <span class='ocrx_word' id='word_1_192' title='bbox 1193 2236 1498 2306; x_wconf 87' lang='lat' dir='ltr'><strong>patrocinio</strong></span> <span class='ocrx_word' id='word_1_193' title='bbox 1540 2245 1663 2292; x_wconf 89' lang='lat' dir='ltr'><strong>tuto</strong></span> <span class='ocrx_word' id='word_1_194' title='bbox 1694 2239 1840 2294; x_wconf 84' lang='lat' dir='ltr'><strong>credi</strong></span> <span class='ocrx_word' id='word_1_195' title='bbox 1881 2238 2077 2310; x_wconf 82' lang='lat' dir='ltr'><strong>possit.</strong></span> <span class='ocrx_word' id='word_1_196' title='bbox 2167 2239 2272 2292; x_wconf 86' lang='lat' dir='ltr'><strong>Est</strong></span> <span class='ocrx_word' id='word_1_197' title='bbox 2300 2253 2434 2292; x_wconf 87' lang='lat' dir='ltr'><strong>sane</strong></span> <span class='ocrx_word' id='word_1_198' title='bbox 2463 2237 2655 2308; x_wconf 85' lang='lat' dir='ltr'><strong>aliqua</strong></span> <span class='ocrx_word' id='word_1_199' title='bbox 2695 2235 2895 2308; x_wconf 86' lang='lat' dir='ltr'><strong>lingua</strong></span> <span class='ocrx_word' id='word_1_200' title='bbox 2917 2235 3043 2300; x_wconf 85' lang='lat' dir='ltr'><strong>Dei,</strong></span> <span class='ocrx_word' id='word_1_201' title='bbox 3091 2237 3190 2290; x_wconf 83' lang='lat' dir='ltr'><strong>sed</strong></span> <span class='ocrx_word' id='word_1_202' title='bbox 3217 2243 3312 2290; x_wconf 88' lang='lat' dir='ltr'><strong>est</strong></span> 
     </span>
     <span class='ocr_line' id='line_1_21' title="bbox 584 2315 3307 2392; baseline 0.001 -24"><span class='ocrx_word' id='word_1_203' title='bbox 584 2315 753 2368; x_wconf 89' lang='lat' dir='ltr'><strong>etiam</strong></span> <span class='ocrx_word' id='word_1_204' title='bbox 784 2315 983 2386; x_wconf 86' lang='lat' dir='ltr'><strong>aliquis</strong></span> <span class='ocrx_word' id='word_1_205' title='bbox 1014 2315 1220 2387; x_wconf 78' lang='lat' dir='ltr'><strong>digitus</strong></span> <span class='ocrx_word' id='word_1_206' title='bbox 1248 2315 1373 2370; x_wconf 89' lang='lat' dir='ltr'><strong>Dei.</strong></span> <span class='ocrx_word' id='word_1_207' title='bbox 1456 2318 1533 2372; x_wconf 89' lang='lat' dir='ltr'><strong>Et</strong></span> <span class='ocrx_word' id='word_1_208' title='bbox 1561 2317 1680 2389; x_wconf 89' lang='lat' dir='ltr'><strong>quis</strong></span> <span class='ocrx_word' id='word_1_209' title='bbox 1710 2325 1885 2392; x_wconf 89' lang='lat' dir='ltr'><strong>neget</strong></span> <span class='ocrx_word' id='word_1_210' title='bbox 1911 2319 2160 2391; x_wconf 87' lang='lat' dir='ltr'><strong>linguam</strong></span> <span class='ocrx_word' id='word_1_211' title='bbox 2187 2318 2294 2374; x_wconf 86' lang='lat' dir='ltr'><strong>Dei</strong></span> <span class='ocrx_word' id='word_1_212' title='bbox 2323 2315 2446 2372; x_wconf 66' lang='lat' dir='ltr'><strong>esse</strong></span> <span class='ocrx_word' id='word_1_213' title='bbox 2475 2322 2904 2386; x_wconf 79' lang='lat' dir='ltr'><strong>attemperatum</strong></span> <span class='ocrx_word' id='word_1_214' title='bbox 2931 2323 2992 2370; x_wconf 89' lang='lat' dir='ltr'><strong>et</strong></span> <span class='ocrx_word' id='word_1_215' title='bbox 3017 2315 3307 2386; x_wconf 83' lang='lat' dir='ltr'><strong>proposito</strong></span> 
     </span>
     <span class='ocr_line' id='line_1_22' title="bbox 584 2391 3306 2470; baseline 0 -22"><span class='ocrx_word' id='word_1_216' title='bbox 584 2412 682 2450; x_wconf 89' lang='lat' dir='ltr'><strong>suo</strong></span> <span class='ocrx_word' id='word_1_217' title='bbox 712 2401 772 2448; x_wconf 90' lang='lat' dir='ltr'><strong>et</strong></span> <span class='ocrx_word' id='word_1_218' title='bbox 802 2396 871 2450; x_wconf 87' lang='lat' dir='ltr'><strong>ob</strong></span> <span class='ocrx_word' id='word_1_219' title='bbox 900 2395 954 2448; x_wconf 90' lang='lat' dir='ltr'><strong>id</strong></span> <span class='ocrx_word' id='word_1_220' title='bbox 982 2396 1210 2467; x_wconf 90' lang='lat' dir='ltr'><strong>linguae</strong></span> <span class='ocrx_word' id='word_1_221' title='bbox 1238 2397 1499 2467; x_wconf 89' lang='lat' dir='ltr'><strong>populari</strong></span> <span class='ocrx_word' id='word_1_222' title='bbox 1546 2398 1863 2454; x_wconf 80' lang='lat' dir='ltr'><strong>hominum?</strong></span> <span class='ocrx_word' id='word_1_223' title='bbox 1945 2399 2008 2452; x_wconf 91' lang='lat' dir='ltr'><strong>In</strong></span> <span class='ocrx_word' id='word_1_224' title='bbox 2045 2399 2209 2452; x_wconf 91' lang='lat' dir='ltr'><strong>rebus</strong></span> <span class='ocrx_word' id='word_1_225' title='bbox 2239 2396 2411 2470; x_wconf 89' lang='lat' dir='ltr'><strong>igitur</strong></span> <span class='ocrx_word' id='word_1_226' title='bbox 2450 2395 2868 2451; x_wconf 84' lang='lat' dir='ltr'><strong>evidentissimis</strong></span> <span class='ocrx_word' id='word_1_227' title='bbox 2909 2402 3167 2466; x_wconf 86' lang='lat' dir='ltr'><strong>torquere</strong></span> <span class='ocrx_word' id='word_1_228' title='bbox 3193 2391 3306 2450; x_wconf 88' lang='lat' dir='ltr'><strong>Dei</strong></span> 
     </span>
     <span class='ocr_line' id='line_1_23' title="bbox 583 2475 3306 2548; baseline 0 -19"><span class='ocrx_word' id='word_1_229' title='bbox 583 2475 849 2545; x_wconf 82' lang='lat' dir='ltr'><strong>linguam,</strong></span> <span class='ocrx_word' id='word_1_230' title='bbox 902 2481 965 2528; x_wconf 92' lang='lat' dir='ltr'><strong>ut</strong></span> <span class='ocrx_word' id='word_1_231' title='bbox 991 2476 1094 2529; x_wconf 89' lang='lat' dir='ltr'><strong>illa</strong></span> <span class='ocrx_word' id='word_1_232' title='bbox 1122 2475 1355 2547; x_wconf 85' lang='lat' dir='ltr'><strong>digitum</strong></span> <span class='ocrx_word' id='word_1_233' title='bbox 1385 2476 1491 2531; x_wconf 90' lang='lat' dir='ltr'><strong>Dei</strong></span> <span class='ocrx_word' id='word_1_234' title='bbox 1521 2477 1575 2532; x_wconf 89' lang='lat' dir='ltr'><strong>in</strong></span> <span class='ocrx_word' id='word_1_235' title='bbox 1604 2486 1809 2533; x_wconf 88' lang='lat' dir='ltr'><strong>natura</strong></span> <span class='ocrx_word' id='word_1_236' title='bbox 1835 2479 2062 2542; x_wconf 83' lang='lat' dir='ltr'><strong>refutet,</strong></span> <span class='ocrx_word' id='word_1_237' title='bbox 2113 2477 2166 2531; x_wconf 91' lang='lat' dir='ltr'><strong>id</strong></span> <span class='ocrx_word' id='word_1_238' title='bbox 2193 2476 2642 2548; x_wconf 86' lang='lat' dir='ltr'><strong>religiosissimus</strong></span> <span class='ocrx_word' id='word_1_239' title='bbox 2670 2475 2898 2547; x_wconf 88' lang='lat' dir='ltr'><strong>quisque</strong></span> <span class='ocrx_word' id='word_1_240' title='bbox 2942 2475 3179 2530; x_wconf 85' lang='lat' dir='ltr'><strong>maxime</strong></span> <span class='ocrx_word' id='word_1_241' title='bbox 3208 2491 3306 2530; x_wconf 81' lang='lat' dir='ltr'><strong>ca—</strong></span> 
     </span>
     <span class='ocr_line' id='line_1_24' title="bbox 586 2555 3308 2628; baseline 0.001 -20"><span class='ocrx_word' id='word_1_242' title='bbox 586 2555 755 2609; x_wconf 80' lang='lat' dir='ltr'><strong>vebit.</strong></span> <span class='ocrx_word' id='word_1_243' title='bbox 826 2555 1031 2628; x_wconf 84' lang='lat' dir='ltr'><strong>Legat,</strong></span> <span class='ocrx_word' id='word_1_244' title='bbox 1066 2557 1153 2609; x_wconf 91' lang='lat' dir='ltr'><strong>cui</strong></span> <span class='ocrx_word' id='word_1_245' title='bbox 1184 2573 1350 2610; x_wconf 86' lang='lat' dir='ltr'><strong>curae</strong></span> <span class='ocrx_word' id='word_1_246' title='bbox 1382 2563 1511 2611; x_wconf 89' lang='lat' dir='ltr'><strong>sunt</strong></span> <span class='ocrx_word' id='word_1_247' title='bbox 1538 2558 1732 2614; x_wconf 87' lang='lat' dir='ltr'><strong>laudes</strong></span> <span class='ocrx_word' id='word_1_248' title='bbox 1766 2559 2044 2614; x_wconf 85' lang='lat' dir='ltr'><strong>Creatoris</strong></span> <span class='ocrx_word' id='word_1_249' title='bbox 2075 2565 2134 2612; x_wconf 92' lang='lat' dir='ltr'><strong>et</strong></span> <span class='ocrx_word' id='word_1_250' title='bbox 2160 2556 2377 2612; x_wconf 90' lang='lat' dir='ltr'><strong>Domini</strong></span> <span class='ocrx_word' id='word_1_251' title='bbox 2407 2557 2596 2620; x_wconf 88' lang='lat' dir='ltr'><strong>nostri,</strong></span> <span class='ocrx_word' id='word_1_252' title='bbox 2628 2558 2806 2628; x_wconf 86' lang='lat' dir='ltr'><strong>legat.</strong></span> <span class='ocrx_word' id='word_1_253' title='bbox 2835 2555 3072 2626; x_wconf 88' lang='lat' dir='ltr'><strong>inquam,</strong></span> <span class='ocrx_word' id='word_1_254' title='bbox 3102 2555 3308 2610; x_wconf 85' lang='lat' dir='ltr'><strong>librum</strong></span> 
     </span>
     <span class='ocr_line' id='line_1_25' title="bbox 583 2635 3308 2710; baseline 0 -21"><span class='ocrx_word' id='word_1_255' title='bbox 583 2653 759 2690; x_wconf 88' lang='lat' dir='ltr'><strong>meum</strong></span> <span class='ocrx_word' id='word_1_256' title='bbox 790 2636 1035 2706; x_wconf 85' lang='lat' dir='ltr'><strong>quintum</strong></span> <span class='ocrx_word' id='word_1_257' title='bbox 1063 2637 1545 2692; x_wconf 87' lang='lat' dir='ltr'><strong>Harmonicornm:</strong></span> <span class='ocrx_word' id='word_1_258' title='bbox 1594 2645 1653 2692; x_wconf 90' lang='lat' dir='ltr'><strong>et</strong></span> <span class='ocrx_word' id='word_1_259' title='bbox 1692 2645 1964 2710; x_wconf 87' lang='lat' dir='ltr'><strong>percepta</strong></span> <span class='ocrx_word' id='word_1_260' title='bbox 1998 2645 2240 2693; x_wconf 87' lang='lat' dir='ltr'><strong>motuum</strong></span> <span class='ocrx_word' id='word_1_261' title='bbox 2277 2635 2476 2708; x_wconf 88' lang='lat' dir='ltr'><strong>politia</strong></span> <span class='ocrx_word' id='word_1_262' title='bbox 2516 2635 2942 2707; x_wconf 82' lang='lat' dir='ltr'><strong>exquisitissime</strong></span> <span class='ocrx_word' id='word_1_263' title='bbox 2987 2635 3308 2690; x_wconf 78' lang='lat' dir='ltr'><strong>harmonica</strong></span> 
     </span>
     <span class='ocr_line' id='line_1_26' title="bbox 584 2715 3304 2792; baseline -0 -22"><span class='ocrx_word' id='word_1_264' title='bbox 584 2716 858 2770; x_wconf 82' lang='lat' dir='ltr'><strong>deliberet</strong></span> <span class='ocrx_word' id='word_1_265' title='bbox 886 2733 1085 2780; x_wconf 81' lang='lat' dir='ltr'><strong>secum,</strong></span> <span class='ocrx_word' id='word_1_266' title='bbox 1126 2716 1290 2771; x_wconf 83' lang='lat' dir='ltr'><strong>satin&#39;</strong></span> <span class='ocrx_word' id='word_1_267' title='bbox 1311 2717 1524 2787; x_wconf 86' lang='lat' dir='ltr'><strong>justae,</strong></span> <span class='ocrx_word' id='word_1_268' title='bbox 1575 2719 1741 2775; x_wconf 73' lang='lat' dir='ltr'><strong>satin·</strong></span> <span class='ocrx_word' id='word_1_269' title='bbox 1772 2726 2148 2792; x_wconf 78' lang='lat' dir='ltr'><strong>praegnantes</strong></span> <span class='ocrx_word' id='word_1_270' title='bbox 2179 2733 2381 2772; x_wconf 86' lang='lat' dir='ltr'><strong>causae</strong></span> <span class='ocrx_word' id='word_1_271' title='bbox 2409 2717 2615 2771; x_wconf 73' lang='lat' dir='ltr'><strong>fuerint</strong></span> <span class='ocrx_word' id='word_1_272' title='bbox 2641 2717 2932 2789; x_wconf 80' lang='lat' dir='ltr'><strong>quaesitae</strong></span> <span class='ocrx_word' id='word_1_273' title='bbox 2961 2715 3304 2771; x_wconf 83' lang='lat' dir='ltr'><strong>conciliatio-</strong></span> 
     </span>
     <span class='ocr_line' id='line_1_27' title="bbox 581 2796 3303 2869; baseline 0 -18"><span class='ocrx_word' id='word_1_274' title='bbox 581 2798 667 2852; x_wconf 88' lang='lat' dir='ltr'><strong>nis</strong></span> <span class='ocrx_word' id='word_1_275' title='bbox 712 2798 857 2856; x_wconf 84' lang='lat' dir='ltr'><strong>inter</strong></span> <span class='ocrx_word' id='word_1_276' title='bbox 900 2797 1147 2869; x_wconf 87' lang='lat' dir='ltr'><strong>linguam</strong></span> <span class='ocrx_word' id='word_1_277' title='bbox 1195 2804 1254 2851; x_wconf 90' lang='lat' dir='ltr'><strong>et</strong></span> <span class='ocrx_word' id='word_1_278' title='bbox 1281 2798 1513 2869; x_wconf 87' lang='lat' dir='ltr'><strong>digitum</strong></span> <span class='ocrx_word' id='word_1_279' title='bbox 1540 2800 1673 2863; x_wconf 86' lang='lat' dir='ltr'><strong>Dei;</strong></span> <span class='ocrx_word' id='word_1_280' title='bbox 1723 2818 1868 2855; x_wconf 91' lang='lat' dir='ltr'><strong>anne</strong></span> <span class='ocrx_word' id='word_1_281' title='bbox 1909 2800 2187 2869; x_wconf 87' lang='lat' dir='ltr'><strong>expediat,</strong></span> <span class='ocrx_word' id='word_1_282' title='bbox 2235 2814 2308 2853; x_wconf 90' lang='lat' dir='ltr'><strong>ea</strong></span> <span class='ocrx_word' id='word_1_283' title='bbox 2351 2798 2735 2853; x_wconf 77' lang='lat' dir='ltr'><strong>conciliatione</strong></span> <span class='ocrx_word' id='word_1_284' title='bbox 2775 2796 3072 2867; x_wconf 82' lang='lat' dir='ltr'><strong>repudiata</strong></span> <span class='ocrx_word' id='word_1_285' title='bbox 3097 2796 3303 2852; x_wconf 87' lang='lat' dir='ltr'><strong>famam</strong></span> 
     </span>
     <span class='ocr_line' id='line_1_28' title="bbox 581 2874 3302 2948; baseline 0 -17"><span class='ocrx_word' id='word_1_286' title='bbox 581 2879 725 2931; x_wconf 87' lang='lat' dir='ltr'><strong>hanc</strong></span> <span class='ocrx_word' id='word_1_287' title='bbox 774 2894 999 2947; x_wconf 86' lang='lat' dir='ltr'><strong>operum</strong></span> <span class='ocrx_word' id='word_1_288' title='bbox 1036 2874 1337 2932; x_wconf 80' lang='lat' dir='ltr'><strong>divinorum</strong></span> <span class='ocrx_word' id='word_1_289' title='bbox 1384 2880 1807 2948; x_wconf 83' lang='lat' dir='ltr'><strong>pulchritudinis</strong></span> <span class='ocrx_word' id='word_1_290' title='bbox 1855 2880 2152 2934; x_wconf 87' lang='lat' dir='ltr'><strong>immensae</strong></span> <span class='ocrx_word' id='word_1_291' title='bbox 2199 2879 2442 2933; x_wconf 85' lang='lat' dir='ltr'><strong>censuris</strong></span> <span class='ocrx_word' id='word_1_292' title='bbox 2478 2878 2823 2948; x_wconf 88' lang='lat' dir='ltr'><strong>opprimere;</strong></span> <span class='ocrx_word' id='word_1_293' title='bbox 2867 2894 3009 2948; x_wconf 79' lang='lat' dir='ltr'><strong>quae</strong></span> <span class='ocrx_word' id='word_1_294' title='bbox 3057 2878 3209 2933; x_wconf 81' lang='lat' dir='ltr'><strong>fama</strong></span> <span class='ocrx_word' id='word_1_295' title='bbox 3233 2885 3302 2933; x_wconf 87' lang='lat' dir='ltr'><strong>ut</strong></span> 
     </span>
     <span class='ocr_line' id='line_1_29' title="bbox 588 2957 3298 3033; baseline 0 -22"><span class='ocrx_word' id='word_1_296' title='bbox 588 2960 659 3011; x_wconf 86' lang='lat' dir='ltr'><strong>ad</strong></span> <span class='ocrx_word' id='word_1_297' title='bbox 684 2957 835 3011; x_wconf 87' lang='lat' dir='ltr'><strong>rudis</strong></span> <span class='ocrx_word' id='word_1_298' title='bbox 862 2958 1071 3027; x_wconf 88' lang='lat' dir='ltr'><strong>populi,</strong></span> <span class='ocrx_word' id='word_1_299' title='bbox 1102 2959 1231 3027; x_wconf 90' lang='lat' dir='ltr'><strong>quin</strong></span> <span class='ocrx_word' id='word_1_300' title='bbox 1267 2958 1373 3013; x_wconf 87' lang='lat' dir='ltr'><strong>imo</strong></span> <span class='ocrx_word' id='word_1_301' title='bbox 1401 2966 1467 3013; x_wconf 88' lang='lat' dir='ltr'><strong>ut</strong></span> <span class='ocrx_word' id='word_1_302' title='bbox 1494 2961 1565 3014; x_wconf 87' lang='lat' dir='ltr'><strong>ad</strong></span> <span class='ocrx_word' id='word_1_303' title='bbox 1590 2961 1747 3033; x_wconf 81' lang='lat' dir='ltr'><strong>vulgi</strong></span> <span class='ocrx_word' id='word_1_304' title='bbox 1774 2960 2120 3015; x_wconf 81' lang='lat' dir='ltr'><strong>literatorum</strong></span> <span class='ocrx_word' id='word_1_305' title='bbox 2158 2959 2412 3015; x_wconf 80' lang='lat' dir='ltr'><strong>notitiam</strong></span> <span class='ocrx_word' id='word_1_306' title='bbox 2436 2960 2530 3013; x_wconf 78' lang='lat' dir='ltr'><strong>vel</strong></span> <span class='ocrx_word' id='word_1_307' title='bbox 2555 2959 2734 3013; x_wconf 83' lang='lat' dir='ltr'><strong>levem</strong></span> <span class='ocrx_word' id='word_1_308' title='bbox 2776 2958 3084 3029; x_wconf 75' lang='lat' dir='ltr'><strong>perveniat,</strong></span> <span class='ocrx_word' id='word_1_309' title='bbox 3125 2958 3298 3015; x_wconf 84' lang='lat' dir='ltr'><strong>nullis</strong></span> 
     </span>
     <span class='ocr_line' id='line_1_30' title="bbox 589 3037 3304 3109; baseline 0 -17"><span class='ocrx_word' id='word_1_310' title='bbox 589 3053 829 3109; x_wconf 89' lang='lat' dir='ltr'><strong>unquam</strong></span> <span class='ocrx_word' id='word_1_311' title='bbox 856 3037 1099 3107; x_wconf 88' lang='lat' dir='ltr'><strong>imperiis</strong></span> <span class='ocrx_word' id='word_1_312' title='bbox 1129 3038 1271 3093; x_wconf 85' lang='lat' dir='ltr'><strong>effici</strong></span> <span class='ocrx_word' id='word_1_313' title='bbox 1298 3039 1493 3109; x_wconf 86' lang='lat' dir='ltr'><strong>possit.</strong></span> <span class='ocrx_word' id='word_1_314' title='bbox 1576 3040 1783 3097; x_wconf 87' lang='lat' dir='ltr'><strong>Renuit</strong></span> <span class='ocrx_word' id='word_1_315' title='bbox 1824 3040 2045 3095; x_wconf 88' lang='lat' dir='ltr'><strong>inscitia</strong></span> <span class='ocrx_word' id='word_1_316' title='bbox 2087 3038 2362 3109; x_wconf 87' lang='lat' dir='ltr'><strong>respicere</strong></span> <span class='ocrx_word' id='word_1_317' title='bbox 2390 3040 2445 3093; x_wconf 92' lang='lat' dir='ltr'><strong>in</strong></span> <span class='ocrx_word' id='word_1_318' title='bbox 2485 3038 2890 3102; x_wconf 77' lang='lat' dir='ltr'><strong>auctoritatem,</strong></span> <span class='ocrx_word' id='word_1_319' title='bbox 2937 3040 3010 3093; x_wconf 85' lang='lat' dir='ltr'><strong>ad</strong></span> <span class='ocrx_word' id='word_1_320' title='bbox 3054 3054 3304 3109; x_wconf 82' lang='lat' dir='ltr'><strong>pugnam</strong></span> 
     </span>
     <span class='ocr_line' id='line_1_31' title="bbox 586 3116 3297 3189; baseline -0.001 -16"><span class='ocrx_word' id='word_1_321' title='bbox 586 3119 741 3173; x_wconf 89' lang='lat' dir='ltr'><strong>ultra</strong></span> <span class='ocrx_word' id='word_1_322' title='bbox 765 3119 1039 3187; x_wconf 81' lang='lat' dir='ltr'><strong>provolat,</strong></span> <span class='ocrx_word' id='word_1_323' title='bbox 1082 3120 1230 3173; x_wconf 80' lang='lat' dir='ltr'><strong>freta</strong></span> <span class='ocrx_word' id='word_1_324' title='bbox 1256 3120 1602 3175; x_wconf 87' lang='lat' dir='ltr'><strong>multitudine</strong></span> <span class='ocrx_word' id='word_1_325' title='bbox 1648 3129 1709 3175; x_wconf 89' lang='lat' dir='ltr'><strong>et</strong></span> <span class='ocrx_word' id='word_1_326' title='bbox 1750 3127 1907 3175; x_wconf 88' lang='lat' dir='ltr'><strong>scuto</strong></span> <span class='ocrx_word' id='word_1_327' title='bbox 1949 3120 2354 3175; x_wconf 84' lang='lat' dir='ltr'><strong>consuetudinis</strong></span> <span class='ocrx_word' id='word_1_328' title='bbox 2397 3120 2525 3173; x_wconf 88' lang='lat' dir='ltr'><strong>telis</strong></span> <span class='ocrx_word' id='word_1_329' title='bbox 2567 3119 2822 3173; x_wconf 80' lang='lat' dir='ltr'><strong>veritatis</strong></span> <span class='ocrx_word' id='word_1_330' title='bbox 2869 3116 3297 3189; x_wconf 79' lang='lat' dir='ltr'><strong>impenetrabili.</strong></span> 
     </span>
    </p>

    <p class='ocr_par' dir='ltr' id='par_1_6' title="bbox 588 3197 3305 3347">
     <span class='ocr_line' id='line_1_32' title="bbox 746 3197 3305 3271; baseline 0 -20"><span class='ocrx_word' id='word_1_331' title='bbox 746 3198 909 3251; x_wconf 86' lang='lat' dir='ltr'><strong>Acies</strong></span> <span class='ocrx_word' id='word_1_332' title='bbox 937 3215 1068 3253; x_wconf 84' lang='lat' dir='ltr'><strong>vero</strong></span> <span class='ocrx_word' id='word_1_333' title='bbox 1096 3200 1361 3253; x_wconf 84' lang='lat' dir='ltr'><strong>dolabrae</strong></span> <span class='ocrx_word' id='word_1_334' title='bbox 1392 3200 1447 3254; x_wconf 92' lang='lat' dir='ltr'><strong>in</strong></span> <span class='ocrx_word' id='word_1_335' title='bbox 1476 3200 1679 3255; x_wconf 79' lang='lat' dir='ltr'><strong>ferrum</strong></span> <span class='ocrx_word' id='word_1_336' title='bbox 1707 3200 1858 3256; x_wconf 88' lang='lat' dir='ltr'><strong>illisa</strong></span> <span class='ocrx_word' id='word_1_337' title='bbox 1901 3208 2098 3271; x_wconf 86' lang='lat' dir='ltr'><strong>postea</strong></span> <span class='ocrx_word' id='word_1_338' title='bbox 2125 3218 2226 3255; x_wconf 90' lang='lat' dir='ltr'><strong>nec</strong></span> <span class='ocrx_word' id='word_1_339' title='bbox 2253 3199 2310 3253; x_wconf 86' lang='lat' dir='ltr'><strong>in</strong></span> <span class='ocrx_word' id='word_1_340' title='bbox 2339 3200 2553 3271; x_wconf 89' lang='lat' dir='ltr'><strong>lignum</strong></span> <span class='ocrx_word' id='word_1_341' title='bbox 2577 3199 2734 3253; x_wconf 82' lang='lat' dir='ltr'><strong>valet</strong></span> <span class='ocrx_word' id='word_1_342' title='bbox 2763 3198 3014 3269; x_wconf 89' lang='lat' dir='ltr'><strong>amplius.</strong></span> <span class='ocrx_word' id='word_1_343' title='bbox 3099 3197 3305 3268; x_wconf 81' lang='lat' dir='ltr'><strong>Capiat</strong></span> 
     </span>
     <span class='ocr_line' id='line_1_33' title="bbox 588 3272 2552 3347; baseline 0.004 -16"><span class='ocrx_word' id='word_1_344' title='bbox 588 3280 695 3332; x_wconf 87' lang='lat' dir='ltr'><strong>hoc</strong></span> <span class='ocrx_word' id='word_1_345' title='bbox 740 3278 895 3347; x_wconf 70' lang='lat' dir='ltr'><strong>cujus</strong></span> <span class='ocrx_word' id='word_1_346' title='bbox 944 3279 1193 3333; x_wconf 79' lang='lat' dir='ltr'><strong>interest.</strong></span> <span class='ocrx_word' id='word_1_347' title='bbox 1233 3272 1303 3344; x_wconf 80' lang='lat'><strong>³²)</strong></span> <span class='ocrx_word' id='word_1_348' title='bbox 2547 3326 2552 3338; x_wconf 92' lang='lat'><strong>.</strong></span> 
     </span>
    </p>

    <p class='ocr_par' dir='ltr' id='par_1_7' title="bbox 586 3353 3301 3591">
     <span class='ocr_line' id='line_1_34' title="bbox 746 3353 3301 3431; baseline 0 -20"><span class='ocrx_word' id='word_1_349' title='bbox 746 3353 810 3427; x_wconf 84' lang='lat' dir='ltr'><strong>b)</strong></span> <span class='ocrx_word' id='word_1_350' title='bbox 855 3360 1103 3413; x_wconf 88' lang='lat' dir='ltr'><strong>Eandem</strong></span> <span class='ocrx_word' id='word_1_351' title='bbox 1144 3360 1464 3415; x_wconf 86' lang='lat' dir='ltr'><strong>instantiam</strong></span> <span class='ocrx_word' id='word_1_352' title='bbox 1504 3360 1558 3414; x_wconf 91' lang='lat' dir='ltr'><strong>in</strong></span> <span class='ocrx_word' id='word_1_353' title='bbox 1608 3359 1934 3431; x_wconf 86' lang='lat' dir='ltr'><strong>particulari</strong></span> <span class='ocrx_word' id='word_1_354' title='bbox 1977 3360 2146 3414; x_wconf 89' lang='lat' dir='ltr'><strong>etiam</strong></span> <span class='ocrx_word' id='word_1_355' title='bbox 2185 3359 2484 3430; x_wconf 76' lang='lat' dir='ltr'><strong>hypothesi</strong></span> <span class='ocrx_word' id='word_1_356' title='bbox 2532 3356 2961 3413; x_wconf 86' lang='lat' dir='ltr'><strong>eccentricitatis</strong></span> <span class='ocrx_word' id='word_1_357' title='bbox 2987 3356 3217 3411; x_wconf 86' lang='lat' dir='ltr'><strong>discussi</strong></span> <span class='ocrx_word' id='word_1_358' title='bbox 3243 3357 3301 3411; x_wconf 90' lang='lat' dir='ltr'><strong>in</strong></span> 
     </span>
     <span class='ocr_line' id='line_1_35' title="bbox 588 3436 3300 3513; baseline -0.001 -20"><span class='ocrx_word' id='word_1_359' title='bbox 588 3440 1001 3495; x_wconf 85' lang='lat' dir='ltr'><strong>Commentariis</strong></span> <span class='ocrx_word' id='word_1_360' title='bbox 1030 3440 1226 3494; x_wconf 82' lang='lat' dir='ltr'><strong>Martis</strong></span> <span class='ocrx_word' id='word_1_361' title='bbox 1255 3456 1376 3509; x_wconf 86' lang='lat' dir='ltr'><strong>cap.</strong></span> <span class='ocrx_word' id='word_1_362' title='bbox 1410 3440 1502 3495; x_wconf 90' lang='lat'><strong>21.</strong></span> <span class='ocrx_word' id='word_1_363' title='bbox 1549 3441 1888 3513; x_wconf 88' lang='lat' dir='ltr'><strong>ostendique,</strong></span> <span class='ocrx_word' id='word_1_364' title='bbox 1938 3456 2048 3510; x_wconf 89' lang='lat' dir='ltr'><strong>qua</strong></span> <span class='ocrx_word' id='word_1_365' title='bbox 2075 3442 2141 3494; x_wconf 92' lang='lat' dir='ltr'><strong>de</strong></span> <span class='ocrx_word' id='word_1_366' title='bbox 2171 3456 2342 3493; x_wconf 87' lang='lat' dir='ltr'><strong>causa</strong></span> <span class='ocrx_word' id='word_1_367' title='bbox 2375 3446 2436 3494; x_wconf 90' lang='lat' dir='ltr'><strong>et</strong></span> <span class='ocrx_word' id='word_1_368' title='bbox 2463 3444 2734 3509; x_wconf 85' lang='lat' dir='ltr'><strong>quatenus</strong></span> <span class='ocrx_word' id='word_1_369' title='bbox 2782 3438 2928 3493; x_wconf 80' lang='lat' dir='ltr'><strong>falsa</strong></span> <span class='ocrx_word' id='word_1_370' title='bbox 2969 3436 3300 3509; x_wconf 74' lang='lat' dir='ltr'><strong>hypothesis</strong></span> 
     </span>
     <span class='ocr_line' id='line_1_36' title="bbox 586 3519 1957 3591; baseline 0.001 -18"><span class='ocrx_word' id='word_1_371' title='bbox 586 3519 859 3576; x_wconf 89' lang='lat' dir='ltr'><strong>interdum</strong></span> <span class='ocrx_word' id='word_1_372' title='bbox 899 3538 1087 3575; x_wconf 82' lang='lat' dir='ltr'><strong>verum</strong></span> <span class='ocrx_word' id='word_1_373' title='bbox 1127 3522 1346 3591; x_wconf 86' lang='lat' dir='ltr'><strong>prodat.</strong></span> <span class='ocrx_word' id='word_1_374' title='bbox 1948 3581 1957 3590; x_wconf 69' lang='lat'><strong>.</strong></span> 
     </span>
    </p>

    <p class='ocr_par' dir='ltr' id='par_1_8' title="bbox 504 3594 3300 4396">
     <span class='ocr_line' id='line_1_37' title="bbox 746 3594 3300 3671; baseline -0 -17"><span class='ocrx_word' id='word_1_375' title='bbox 746 3594 803 3668; x_wconf 91' lang='lat' dir='ltr'><strong>c)</strong></span> <span class='ocrx_word' id='word_1_376' title='bbox 846 3600 1094 3655; x_wconf 88' lang='lat' dir='ltr'><strong>Nondum</strong></span> <span class='ocrx_word' id='word_1_377' title='bbox 1141 3601 1399 3665; x_wconf 87' lang='lat' dir='ltr'><strong>sciebam,</strong></span> <span class='ocrx_word' id='word_1_378' title='bbox 1449 3602 1589 3671; x_wconf 88' lang='lat' dir='ltr'><strong>quod</strong></span> <span class='ocrx_word' id='word_1_379' title='bbox 1634 3606 1833 3670; x_wconf 86' lang='lat' dir='ltr'><strong>postea</strong></span> <span class='ocrx_word' id='word_1_380' title='bbox 1877 3600 1934 3653; x_wconf 91' lang='lat' dir='ltr'><strong>in</strong></span> <span class='ocrx_word' id='word_1_381' title='bbox 1961 3599 2260 3655; x_wconf 77' lang='lat' dir='ltr'><strong>comment.</strong></span> <span class='ocrx_word' id='word_1_382' title='bbox 2289 3599 2488 3653; x_wconf 82' lang='lat' dir='ltr'><strong>Martis</strong></span> <span class='ocrx_word' id='word_1_383' title='bbox 2517 3596 2918 3654; x_wconf 77' lang='lat' dir='ltr'><strong>demonstravi:</strong></span> <span class='ocrx_word' id='word_1_384' title='bbox 2965 3597 3300 3653; x_wconf 81' lang='lat' dir='ltr'><strong>anomaliam</strong></span> 
     </span>
     <span class='ocr_line' id='line_1_38' title="bbox 584 3677 3300 3753; baseline -0.002 -15"><span class='ocrx_word' id='word_1_385' title='bbox 584 3682 731 3738; x_wconf 76' lang='lat' dir='ltr'><strong>orbis</strong></span> <span class='ocrx_word' id='word_1_386' title='bbox 776 3682 963 3753; x_wconf 85' lang='lat' dir='ltr'><strong>magni</strong></span> <span class='ocrx_word' id='word_1_387' title='bbox 1012 3698 1111 3735; x_wconf 87' lang='lat' dir='ltr'><strong>seu</strong></span> <span class='ocrx_word' id='word_1_388' title='bbox 1158 3680 1596 3735; x_wconf 86' lang='lat' dir='ltr'><strong>commutationis</strong></span> <span class='ocrx_word' id='word_1_389' title='bbox 1612 3720 1627 3743; x_wconf 85' lang='lat'>‚</span> <span class='ocrx_word' id='word_1_390' title='bbox 1664 3696 1823 3751; x_wconf 41' lang='lat' dir='ltr'><strong>,quae</strong></span> <span class='ocrx_word' id='word_1_391' title='bbox 1865 3680 2372 3750; x_wconf 80' lang='lat' dir='ltr'><strong>retrogradationes</strong></span> <span class='ocrx_word' id='word_1_392' title='bbox 2415 3686 2682 3735; x_wconf 81' lang='lat' dir='ltr'><strong>causatur</strong></span> <span class='ocrx_word' id='word_1_393' title='bbox 2695 3720 2710 3743; x_wconf 90' lang='lat'><strong>,</strong></span> <span class='ocrx_word' id='word_1_394' title='bbox 2755 3677 2976 3733; x_wconf 80' lang='lat' dir='ltr'><strong>restitui</strong></span> <span class='ocrx_word' id='word_1_395' title='bbox 3021 3679 3094 3731; x_wconf 85' lang='lat' dir='ltr'><strong>ad</strong></span> <span class='ocrx_word' id='word_1_396' title='bbox 3117 3677 3300 3747; x_wconf 78' lang='lat' dir='ltr'><strong>ipsum</strong></span> 
     </span>
     <span class='ocr_line' id='line_1_39' title="bbox 584 3757 3298 3829; baseline -0.001 -13"><span class='ocrx_word' id='word_1_397' title='bbox 584 3778 773 3817; x_wconf 82' lang='lat' dir='ltr'><strong>verum</strong></span> <span class='ocrx_word' id='word_1_398' title='bbox 800 3760 943 3816; x_wconf 88' lang='lat' dir='ltr'><strong>Solis</strong></span> <span class='ocrx_word' id='word_1_399' title='bbox 974 3768 1179 3817; x_wconf 89' lang='lat' dir='ltr'><strong>motum</strong></span> <span class='ocrx_word' id='word_1_400' title='bbox 1206 3767 1266 3815; x_wconf 88' lang='lat' dir='ltr'><strong>et</strong></span> <span class='ocrx_word' id='word_1_401' title='bbox 1293 3762 1487 3815; x_wconf 84' lang='lat' dir='ltr'><strong>locum.</strong></span> <span class='ocrx_word' id='word_1_402' title='bbox 1560 3762 1619 3815; x_wconf 89' lang='lat' dir='ltr'><strong>Id</strong></span> <span class='ocrx_word' id='word_1_403' title='bbox 1646 3778 1779 3815; x_wconf 77' lang='lat' dir='ltr'><strong>vero</strong></span> <span class='ocrx_word' id='word_1_404' title='bbox 1806 3760 1864 3815; x_wconf 89' lang='lat' dir='ltr'><strong>in</strong></span> <span class='ocrx_word' id='word_1_405' title='bbox 1891 3760 2066 3815; x_wconf 81' lang='lat' dir='ltr'><strong>veteri</strong></span> <span class='ocrx_word' id='word_1_406' title='bbox 2095 3761 2464 3815; x_wconf 79' lang='lat' dir='ltr'><strong>astronomiae</strong></span> <span class='ocrx_word' id='word_1_407' title='bbox 2503 3760 2682 3815; x_wconf 80' lang='lat' dir='ltr'><strong>forma</strong></span> <span class='ocrx_word' id='word_1_408' title='bbox 2706 3759 2879 3813; x_wconf 83' lang='lat' dir='ltr'><strong>multo</strong></span> <span class='ocrx_word' id='word_1_409' title='bbox 2909 3758 3088 3813; x_wconf 86' lang='lat' dir='ltr'><strong>adhuc</strong></span> <span class='ocrx_word' id='word_1_410' title='bbox 3113 3757 3298 3829; x_wconf 85' lang='lat' dir='ltr'><strong>magis</strong></span> 
     </span>
     <span class='ocr_line' id='line_1_40' title="bbox 504 3838 3300 3919; baseline -0.002 -21"><span class='ocrx_word' id='word_1_411' title='bbox 504 3912 513 3919; x_wconf 87' lang='lat'><strong>.</strong></span> <span class='ocrx_word' id='word_1_412' title='bbox 589 3843 774 3899; x_wconf 86' lang='lat' dir='ltr'><strong>mirari</strong></span> <span class='ocrx_word' id='word_1_413' title='bbox 822 3848 1111 3913; x_wconf 85' lang='lat' dir='ltr'><strong>coguntur,</strong></span> <span class='ocrx_word' id='word_1_414' title='bbox 1162 3840 1253 3911; x_wconf 89' lang='lat' dir='ltr'><strong>qui</strong></span> <span class='ocrx_word' id='word_1_415' title='bbox 1299 3857 1421 3895; x_wconf 88' lang='lat' dir='ltr'><strong>eam</strong></span> <span class='ocrx_word' id='word_1_416' title='bbox 1466 3840 1726 3896; x_wconf 86' lang='lat' dir='ltr'><strong>retinent.</strong></span> <span class='ocrx_word' id='word_1_417' title='bbox 1806 3843 2071 3911; x_wconf 83' lang='lat' dir='ltr'><strong>Adeoque</strong></span> <span class='ocrx_word' id='word_1_418' title='bbox 2117 3858 2194 3895; x_wconf 87' lang='lat' dir='ltr'><strong>ex</strong></span> <span class='ocrx_word' id='word_1_419' title='bbox 2229 3841 2334 3895; x_wconf 86' lang='lat' dir='ltr'><strong>hoo</strong></span> <span class='ocrx_word' id='word_1_420' title='bbox 2375 3840 2496 3910; x_wconf 85' lang='lat' dir='ltr'><strong>ipso</strong></span> <span class='ocrx_word' id='word_1_421' title='bbox 2527 3838 2961 3895; x_wconf 77' lang='lat' dir='ltr'><strong>demonstrativa</strong></span> <span class='ocrx_word' id='word_1_422' title='bbox 2991 3845 3300 3893; x_wconf 83' lang='lat' dir='ltr'><strong>nascuntur</strong></span> 
     </span>
     <span class='ocr_line' id='line_1_41' title="bbox 588 3916 3297 3995; baseline -0.002 -16"><span class='ocrx_word' id='word_1_423' title='bbox 588 3928 935 3995; x_wconf 83' lang='lat' dir='ltr'><strong>argumenta,</strong></span> <span class='ocrx_word' id='word_1_424' title='bbox 964 3916 1492 3993; x_wconf 66' lang='lat' dir='ltr'><strong>&#39;retrogradationes</strong></span> <span class='ocrx_word' id='word_1_425' title='bbox 1520 3938 1629 3974; x_wconf 89' lang='lat' dir='ltr'><strong>non</strong></span> <span class='ocrx_word' id='word_1_426' title='bbox 1660 3921 1787 3976; x_wconf 90' lang='lat' dir='ltr'><strong>oriri</strong></span> <span class='ocrx_word' id='word_1_427' title='bbox 1818 3922 1891 3976; x_wconf 88' lang='lat' dir='ltr'><strong>ab</strong></span> <span class='ocrx_word' id='word_1_428' title='bbox 1921 3920 2105 3990; x_wconf 89' lang='lat' dir='ltr'><strong>aliquo</strong></span> <span class='ocrx_word' id='word_1_429' title='bbox 2133 3927 2284 3975; x_wconf 88' lang='lat' dir='ltr'><strong>motu</strong></span> <span class='ocrx_word' id='word_1_430' title='bbox 2312 3920 2454 3975; x_wconf 84' lang='lat' dir='ltr'><strong>reali</strong></span> <span class='ocrx_word' id='word_1_431' title='bbox 2479 3921 2569 3974; x_wconf 77' lang='lat' dir='ltr'><strong>vel</strong></span> <span class='ocrx_word' id='word_1_432' title='bbox 2596 3920 2962 3989; x_wconf 80' lang='lat' dir='ltr'><strong>planetarum,</strong></span> <span class='ocrx_word' id='word_1_433' title='bbox 3001 3919 3092 3972; x_wconf 78' lang='lat' dir='ltr'><strong>vel</strong></span> <span class='ocrx_word' id='word_1_434' title='bbox 3121 3918 3297 3973; x_wconf 74' lang='lat' dir='ltr'><strong>totius</strong></span> 
     </span>
     <span class='ocr_line' id='line_1_42' title="bbox 589 3998 3295 4075; baseline -0.003 -16"><span class='ocrx_word' id='word_1_435' title='bbox 589 4001 911 4075; x_wconf 81' lang='lat' dir='ltr'><strong>systematis</strong></span> <span class='ocrx_word' id='word_1_436' title='bbox 958 4002 1247 4064; x_wconf 78' lang='lat' dir='ltr'><strong>coelestis,</strong></span> <span class='ocrx_word' id='word_1_437' title='bbox 1308 4002 1403 4055; x_wconf 91' lang='lat' dir='ltr'><strong>sed</strong></span> <span class='ocrx_word' id='word_1_438' title='bbox 1450 4019 1526 4056; x_wconf 87' lang='lat' dir='ltr'><strong>ex</strong></span> <span class='ocrx_word' id='word_1_439' title='bbox 1565 4008 1716 4055; x_wconf 90' lang='lat' dir='ltr'><strong>motu</strong></span> <span class='ocrx_word' id='word_1_440' title='bbox 1762 4001 1998 4056; x_wconf 87' lang='lat' dir='ltr'><strong>Telluris</strong></span> <span class='ocrx_word' id='word_1_441' title='bbox 2043 4001 2240 4055; x_wconf 87' lang='lat' dir='ltr'><strong>unicae</strong></span> <span class='ocrx_word' id='word_1_442' title='bbox 2289 4018 2390 4070; x_wconf 87' lang='lat' dir='ltr'><strong>per</strong></span> <span class='ocrx_word' id='word_1_443' title='bbox 2435 3998 2885 4073; x_wconf 87' lang='lat' dir='ltr'><strong>imaginationem</strong></span> <span class='ocrx_word' id='word_1_444' title='bbox 2929 3998 2986 4053; x_wconf 89' lang='lat' dir='ltr'><strong>in</strong></span> <span class='ocrx_word' id='word_1_445' title='bbox 3031 3998 3295 4069; x_wconf 85' lang='lat' dir='ltr'><strong>planetas</strong></span> 
     </span>
     <span class='ocr_line' id='line_1_43' title="bbox 586 4080 3293 4152; baseline -0.002 -13"><span class='ocrx_word' id='word_1_446' title='bbox 586 4100 770 4139; x_wconf 89' lang='lat' dir='ltr'><strong>omnes</strong></span> <span class='ocrx_word' id='word_1_447' title='bbox 801 4081 1109 4136; x_wconf 83' lang='lat' dir='ltr'><strong>transferri.</strong></span> <span class='ocrx_word' id='word_1_448' title='bbox 1192 4082 1362 4136; x_wconf 91' lang='lat' dir='ltr'><strong>Porro</strong></span> <span class='ocrx_word' id='word_1_449' title='bbox 1392 4081 1673 4135; x_wconf 88' lang='lat' dir='ltr'><strong>sententia</strong></span> <span class='ocrx_word' id='word_1_450' title='bbox 1702 4100 1966 4152; x_wconf 87' lang='lat' dir='ltr'><strong>sequens:</strong></span> <span class='ocrx_word' id='word_1_451' title='bbox 2022 4080 2265 4145; x_wconf 84' lang='lat' dir='ltr'><strong>„Quibus</strong></span> <span class='ocrx_word' id='word_1_452' title='bbox 2296 4080 2530 4136; x_wconf 83' lang='lat' dir='ltr'><strong>omnib.“</strong></span> <span class='ocrx_word' id='word_1_453' title='bbox 2565 4088 2669 4133; x_wconf 89' lang='lat' dir='ltr'><strong>etc.</strong></span> <span class='ocrx_word' id='word_1_454' title='bbox 2720 4080 3023 4133; x_wconf 87' lang='lat' dir='ltr'><strong>oscitanter</strong></span> <span class='ocrx_word' id='word_1_455' title='bbox 3049 4086 3137 4132; x_wconf 89' lang='lat' dir='ltr'><strong>est</strong></span> <span class='ocrx_word' id='word_1_456' title='bbox 3165 4096 3293 4133; x_wconf 89' lang='lat' dir='ltr'><strong>con-</strong></span> 
     </span>
     <span class='ocr_line' id='line_1_44' title="bbox 586 4158 3294 4235; baseline -0.003 -16"><span class='ocrx_word' id='word_1_457' title='bbox 586 4170 778 4235; x_wconf 85' lang='lat' dir='ltr'><strong>cepta;</strong></span> <span class='ocrx_word' id='word_1_458' title='bbox 850 4164 957 4216; x_wconf 87' lang='lat' dir='ltr'><strong>hoc</strong></span> <span class='ocrx_word' id='word_1_459' title='bbox 997 4162 1138 4217; x_wconf 90' lang='lat' dir='ltr'><strong>enim</strong></span> <span class='ocrx_word' id='word_1_460' title='bbox 1184 4162 1362 4219; x_wconf 87' lang='lat' dir='ltr'><strong>dicere</strong></span> <span class='ocrx_word' id='word_1_461' title='bbox 1410 4162 1691 4217; x_wconf 81' lang='lat' dir='ltr'><strong>volebam:</strong></span> <span class='ocrx_word' id='word_1_462' title='bbox 1754 4180 1874 4217; x_wconf 87' lang='lat' dir='ltr'><strong>cum</strong></span> <span class='ocrx_word' id='word_1_463' title='bbox 1919 4162 1975 4216; x_wconf 90' lang='lat' dir='ltr'><strong>in</strong></span> <span class='ocrx_word' id='word_1_464' title='bbox 2023 4160 2322 4231; x_wconf 87' lang='lat' dir='ltr'><strong>Copernico</strong></span> <span class='ocrx_word' id='word_1_465' title='bbox 2383 4166 2658 4232; x_wconf 87' lang='lat' dir='ltr'><strong>appareat</strong></span> <span class='ocrx_word' id='word_1_466' title='bbox 2701 4160 2832 4214; x_wconf 88' lang='lat' dir='ltr'><strong>ordo</strong></span> <span class='ocrx_word' id='word_1_467' title='bbox 2875 4158 3294 4229; x_wconf 81' lang='lat' dir='ltr'><strong>pulcherrimus,</strong></span> 
     </span>
     <span class='ocr_line' id='line_1_45' title="bbox 588 4238 3296 4317; baseline -0.002 -18"><span class='ocrx_word' id='word_1_468' title='bbox 588 4243 769 4317; x_wconf 89' lang='lat' dir='ltr'><strong>qualis</strong></span> <span class='ocrx_word' id='word_1_469' title='bbox 816 4249 906 4298; x_wconf 87' lang='lat' dir='ltr'><strong>est</strong></span> <span class='ocrx_word' id='word_1_470' title='bbox 948 4243 1091 4297; x_wconf 90' lang='lat' dir='ltr'><strong>inter</strong></span> <span class='ocrx_word' id='word_1_471' title='bbox 1140 4258 1361 4299; x_wconf 86' lang='lat' dir='ltr'><strong>causam</strong></span> <span class='ocrx_word' id='word_1_472' title='bbox 1408 4249 1467 4296; x_wconf 90' lang='lat' dir='ltr'><strong>et</strong></span> <span class='ocrx_word' id='word_1_473' title='bbox 1512 4259 1640 4296; x_wconf 87' lang='lat' dir='ltr'><strong>suos</strong></span> <span class='ocrx_word' id='word_1_474' title='bbox 1688 4244 1934 4306; x_wconf 80' lang='lat' dir='ltr'><strong>effectus,</strong></span> <span class='ocrx_word' id='word_1_475' title='bbox 1984 4258 2209 4297; x_wconf 86' lang='lat' dir='ltr'><strong>necesse</strong></span> <span class='ocrx_word' id='word_1_476' title='bbox 2247 4258 2388 4307; x_wconf 86' lang='lat' dir='ltr'><strong>esse,</strong></span> <span class='ocrx_word' id='word_1_477' title='bbox 2436 4248 2500 4295; x_wconf 91' lang='lat' dir='ltr'><strong>ut</strong></span> <span class='ocrx_word' id='word_1_478' title='bbox 2535 4240 2678 4295; x_wconf 88' lang='lat' dir='ltr'><strong>haec</strong></span> <span class='ocrx_word' id='word_1_479' title='bbox 2705 4240 2832 4311; x_wconf 85' lang='lat' dir='ltr'><strong>ipsa</strong></span> <span class='ocrx_word' id='word_1_480' title='bbox 2857 4238 2932 4294; x_wconf 90' lang='lat' dir='ltr'><strong>sit</strong></span> <span class='ocrx_word' id='word_1_481' title='bbox 2956 4248 3093 4293; x_wconf 80' lang='lat' dir='ltr'><strong>vera</strong></span> <span class='ocrx_word' id='word_1_482' title='bbox 3119 4255 3296 4293; x_wconf 86' lang='lat' dir='ltr'><strong>causa</strong></span> 
     </span>
     <span class='ocr_line' id='line_1_46' title="bbox 583 4318 3292 4396; baseline -0.002 -16"><span class='ocrx_word' id='word_1_483' title='bbox 583 4324 1145 4396; x_wconf 86' lang='lat' dir='ltr'><strong>retrogradationum‚</strong></span> <span class='ocrx_word' id='word_1_484' title='bbox 1177 4340 1339 4394; x_wconf 90' lang='lat' dir='ltr'><strong>quam</strong></span> <span class='ocrx_word' id='word_1_485' title='bbox 1360 4322 1691 4393; x_wconf 87' lang='lat' dir='ltr'><strong>Copernicus</strong></span> <span class='ocrx_word' id='word_1_486' title='bbox 1722 4322 1869 4387; x_wconf 87' lang='lat' dir='ltr'><strong>dicit,</strong></span> <span class='ocrx_word' id='word_1_487' title='bbox 1900 4328 1965 4377; x_wconf 90' lang='lat' dir='ltr'><strong>ut</strong></span> <span class='ocrx_word' id='word_1_488' title='bbox 1991 4338 2065 4376; x_wconf 85' lang='lat' dir='ltr'><strong>sc.</strong></span> <span class='ocrx_word' id='word_1_489' title='bbox 2094 4321 2425 4392; x_wconf 79' lang='lat' dir='ltr'><strong>hypothesis</strong></span> <span class='ocrx_word' id='word_1_490' title='bbox 2451 4321 2565 4376; x_wconf 78' lang='lat' dir='ltr'><strong>ista</strong></span> <span class='ocrx_word' id='word_1_491' title='bbox 2591 4338 2699 4375; x_wconf 88' lang='lat' dir='ltr'><strong>non</strong></span> <span class='ocrx_word' id='word_1_492' title='bbox 2728 4319 2802 4375; x_wconf 90' lang='lat' dir='ltr'><strong>sit</strong></span> <span class='ocrx_word' id='word_1_493' title='bbox 2825 4318 3026 4374; x_wconf 67' lang='lat' dir='ltr'><strong>fictitia</strong></span> <span class='ocrx_word' id='word_1_494' title='bbox 3053 4324 3292 4374; x_wconf 77' lang='lat' dir='ltr'><strong>tantum.</strong></span> 
     </span>
    </p>

    <p class='ocr_par' dir='ltr' id='par_1_9' title="bbox 583 4400 3372 5041">
     <span class='ocr_line' id='line_1_47' title="bbox 745 4400 3296 4473; baseline -0.001 -15"><span class='ocrx_word' id='word_1_495' title='bbox 745 4403 809 4471; x_wconf 87' lang='lat' dir='ltr'><strong>d)</strong></span> <span class='ocrx_word' id='word_1_496' title='bbox 858 4404 1017 4468; x_wconf 79' lang='lat' dir='ltr'><strong>Quia,</strong></span> <span class='ocrx_word' id='word_1_497' title='bbox 1064 4410 1129 4458; x_wconf 90' lang='lat' dir='ltr'><strong>ut</strong></span> <span class='ocrx_word' id='word_1_498' title='bbox 1163 4403 1285 4473; x_wconf 89' lang='lat' dir='ltr'><strong>jam</strong></span> <span class='ocrx_word' id='word_1_499' title='bbox 1313 4402 1576 4473; x_wconf 87' lang='lat' dir='ltr'><strong>sequitur,</strong></span> <span class='ocrx_word' id='word_1_500' title='bbox 1626 4404 1735 4457; x_wconf 84' lang='lat' dir='ltr'><strong>nori</strong></span> <span class='ocrx_word' id='word_1_501' title='bbox 1769 4409 1836 4457; x_wconf 89' lang='grc' dir='ltr'><strong>ιιι</strong></span> <span class='ocrx_word' id='word_1_502' title='bbox 1879 4420 1952 4458; x_wconf 87' lang='lat' dir='ltr'><strong>ex</strong></span> <span class='ocrx_word' id='word_1_503' title='bbox 2000 4401 2228 4472; x_wconf 85' lang='lat' dir='ltr'><strong>speciali</strong></span> <span class='ocrx_word' id='word_1_504' title='bbox 2273 4416 2462 4457; x_wconf 83' lang='lat' dir='ltr'><strong>earnm</strong></span> <span class='ocrx_word' id='word_1_505' title='bbox 2503 4400 2950 4464; x_wconf 79' lang='lat' dir='ltr'><strong>conformatione,</strong></span> <span class='ocrx_word' id='word_1_506' title='bbox 3001 4400 3098 4454; x_wconf 86' lang='lat' dir='ltr'><strong>sed</strong></span> <span class='ocrx_word' id='word_1_507' title='bbox 3123 4405 3192 4455; x_wconf 86' lang='lat' dir='ltr'><strong>ut</strong></span> <span class='ocrx_word' id='word_1_508' title='bbox 3215 4416 3296 4455; x_wconf 83' lang='lat' dir='ltr'><strong>ex</strong></span> 
     </span>
     <span class='ocr_line' id='line_1_48' title="bbox 586 4479 3297 4558; baseline -0.001 -19"><span class='ocrx_word' id='word_1_509' title='bbox 586 4484 859 4558; x_wconf 80' lang='lat' dir='ltr'><strong>generali,</strong></span> <span class='ocrx_word' id='word_1_510' title='bbox 909 4500 1053 4555; x_wconf 85' lang='lat' dir='ltr'><strong>quae</strong></span> <span class='ocrx_word' id='word_1_511' title='bbox 1100 4488 1191 4539; x_wconf 86' lang='lat' dir='ltr'><strong>est</strong></span> <span class='ocrx_word' id='word_1_512' title='bbox 1216 4482 1517 4553; x_wconf 85' lang='lat' dir='ltr'><strong>Copernioo</strong></span> <span class='ocrx_word' id='word_1_513' title='bbox 1564 4500 1685 4538; x_wconf 83' lang='lat' dir='ltr'><strong>cum</strong></span> <span class='ocrx_word' id='word_1_514' title='bbox 1712 4482 1932 4538; x_wconf 81' lang='lat' dir='ltr'><strong>Braheo</strong></span> <span class='ocrx_word' id='word_1_515' title='bbox 1975 4482 2286 4547; x_wconf 82' lang='lat' dir='ltr'><strong>communis,</strong></span> <span class='ocrx_word' id='word_1_516' title='bbox 2334 4483 2668 4553; x_wconf 84' lang='lat' dir='ltr'><strong>quorundam</strong></span> <span class='ocrx_word' id='word_1_517' title='bbox 2701 4496 2876 4536; x_wconf 81' lang='lat' dir='ltr'><strong>causa</strong></span> <span class='ocrx_word' id='word_1_518' title='bbox 2899 4479 3176 4543; x_wconf 71' lang='lat' dir='ltr'><strong>redditun</strong></span> <span class='ocrx_word' id='word_1_519' title='bbox 3231 4487 3297 4535; x_wconf 81' lang='lat' dir='ltr'><strong>at</strong></span> 
     </span>
     <span class='ocr_line' id='line_1_49' title="bbox 587 4559 3291 4634; baseline -0.002 -15"><span class='ocrx_word' id='word_1_520' title='bbox 587 4565 971 4621; x_wconf 83' lang='lat' dir='ltr'><strong>nonnullorum</strong></span> <span class='ocrx_word' id='word_1_521' title='bbox 1014 4571 1203 4619; x_wconf 85' lang='lat' dir='ltr'><strong>tamen</strong></span> <span class='ocrx_word' id='word_1_522' title='bbox 1246 4580 1420 4618; x_wconf 87' lang='lat' dir='ltr'><strong>causa</strong></span> <span class='ocrx_word' id='word_1_523' title='bbox 1462 4580 1537 4617; x_wconf 85' lang='lat' dir='ltr'><strong>ex</strong></span> <span class='ocrx_word' id='word_1_524' title='bbox 1580 4562 1665 4628; x_wconf 83' lang='lat' dir='ltr'><strong>iis,</strong></span> <span class='ocrx_word' id='word_1_525' title='bbox 1713 4570 1779 4617; x_wconf 89' lang='lat' dir='ltr'><strong>ut</strong></span> <span class='ocrx_word' id='word_1_526' title='bbox 1821 4581 1896 4617; x_wconf 86' lang='lat' dir='ltr'><strong>ex</strong></span> <span class='ocrx_word' id='word_1_527' title='bbox 1937 4562 2170 4634; x_wconf 88' lang='lat' dir='ltr'><strong>speciali</strong></span> <span class='ocrx_word' id='word_1_528' title='bbox 2215 4562 2500 4634; x_wconf 81' lang='lat' dir='ltr'><strong>Cepernici</strong></span> <span class='ocrx_word' id='word_1_529' title='bbox 2541 4562 2816 4623; x_wconf 87' lang='lat' dir='ltr'><strong>redditur;</strong></span> <span class='ocrx_word' id='word_1_530' title='bbox 2865 4560 3014 4625; x_wconf 85' lang='lat' dir='ltr'><strong>item,</strong></span> <span class='ocrx_word' id='word_1_531' title='bbox 3063 4559 3198 4631; x_wconf 77' lang='lat' dir='ltr'><strong>quia</strong></span> <span class='ocrx_word' id='word_1_532' title='bbox 3239 4560 3291 4615; x_wconf 87' lang='lat' dir='ltr'><strong>si</strong></span> 
     </span>
     <span class='ocr_line' id='line_1_50' title="bbox 583 4640 3294 4716; baseline -0.001 -17"><span class='ocrx_word' id='word_1_533' title='bbox 583 4644 1105 4716; x_wconf 85' lang='lat' dir='ltr'><strong>particularissimas</strong></span> <span class='ocrx_word' id='word_1_534' title='bbox 1134 4642 1525 4715; x_wconf 77' lang='lat' dir='ltr'><strong>hypothesium</strong></span> <span class='ocrx_word' id='word_1_535' title='bbox 1545 4642 1830 4713; x_wconf 88' lang='lat' dir='ltr'><strong>Copernici</strong></span> <span class='ocrx_word' id='word_1_536' title='bbox 1859 4642 2193 4699; x_wconf 87' lang='lat' dir='ltr'><strong>conditiones</strong></span> <span class='ocrx_word' id='word_1_537' title='bbox 2213 4643 2682 4713; x_wconf 83' lang='lat' dir='ltr'><strong>dimensionesque</strong></span> <span class='ocrx_word' id='word_1_538' title='bbox 2711 4640 3088 4711; x_wconf 79' lang='lat' dir='ltr'><strong>respiciamus,</strong></span> <span class='ocrx_word' id='word_1_539' title='bbox 3117 4656 3294 4696; x_wconf 77' lang='lat' dir='ltr'><strong>causa</strong></span> 
     </span>
     <span class='ocr_line' id='line_1_51' title="bbox 589 4722 3288 4794; baseline -0.001 -14"><span class='ocrx_word' id='word_1_540' title='bbox 589 4724 942 4780; x_wconf 88' lang='lat' dir='ltr'><strong>minutiarum</strong></span> <span class='ocrx_word' id='word_1_541' title='bbox 966 4726 1356 4781; x_wconf 88' lang='lat' dir='ltr'><strong>nonnullarum</strong></span> <span class='ocrx_word' id='word_1_542' title='bbox 1382 4723 1439 4777; x_wconf 87' lang='lat' dir='ltr'><strong>in</strong></span> <span class='ocrx_word' id='word_1_543' title='bbox 1466 4723 1942 4779; x_wconf 84' lang='lat' dir='ltr'><strong>observationibus</strong></span> <span class='ocrx_word' id='word_1_544' title='bbox 1982 4724 2136 4779; x_wconf 88' lang='lat' dir='ltr'><strong>reddi</strong></span> <span class='ocrx_word' id='word_1_545' title='bbox 2173 4742 2281 4778; x_wconf 90' lang='lat' dir='ltr'><strong>non</strong></span> <span class='ocrx_word' id='word_1_546' title='bbox 2324 4724 2533 4793; x_wconf 84' lang='lat' dir='ltr'><strong>potuit.</strong></span> <span class='ocrx_word' id='word_1_547' title='bbox 2581 4740 2758 4794; x_wconf 88' lang='lat' dir='ltr'><strong>eaque</strong></span> <span class='ocrx_word' id='word_1_548' title='bbox 2785 4724 2854 4777; x_wconf 87' lang='lat' dir='ltr'><strong>de</strong></span> <span class='ocrx_word' id='word_1_549' title='bbox 2881 4737 3056 4775; x_wconf 87' lang='lat' dir='ltr'><strong>causa</strong></span> <span class='ocrx_word' id='word_1_550' title='bbox 3081 4722 3288 4791; x_wconf 82' lang='lat' dir='ltr'><strong>Ceper-</strong></span> 
     </span>
     <span class='ocr_line' id='line_1_52' title="bbox 587 4800 3289 4876; baseline -0.002 -16"><span class='ocrx_word' id='word_1_551' title='bbox 587 4806 821 4860; x_wconf 88' lang='lat' dir='ltr'><strong>nicanae</strong></span> <span class='ocrx_word' id='word_1_552' title='bbox 864 4806 1208 4876; x_wconf 73' lang='lat' dir='ltr'><strong>hypotheses</strong></span> <span class='ocrx_word' id='word_1_553' title='bbox 1256 4804 1403 4859; x_wconf 87' lang='lat' dir='ltr'><strong>circa</strong></span> <span class='ocrx_word' id='word_1_554' title='bbox 1444 4802 1811 4874; x_wconf 86' lang='lat' dir='ltr'><strong>particularia</strong></span> <span class='ocrx_word' id='word_1_555' title='bbox 1858 4810 1970 4860; x_wconf 89' lang='lat' dir='ltr'><strong>tam</strong></span> <span class='ocrx_word' id='word_1_556' title='bbox 2017 4806 2194 4876; x_wconf 90' lang='lat' dir='ltr'><strong>quoad</strong></span> <span class='ocrx_word' id='word_1_557' title='bbox 2231 4804 2476 4867; x_wconf 84' lang='lat' dir='ltr'><strong>formam,</strong></span> <span class='ocrx_word' id='word_1_558' title='bbox 2527 4820 2691 4875; x_wconf 84' lang='lat' dir='ltr'><strong>quam</strong></span> <span class='ocrx_word' id='word_1_559' title='bbox 2718 4802 2896 4875; x_wconf 87' lang='lat' dir='ltr'><strong>quoad</strong></span> <span class='ocrx_word' id='word_1_560' title='bbox 2925 4800 3289 4857; x_wconf 87' lang='lat' dir='ltr'><strong>dimensiones</strong></span> 
     </span>
     <span class='ocr_line' id='line_1_53' title="bbox 588 4880 3372 4957; baseline -0.002 -17"><span class='ocrx_word' id='word_1_561' title='bbox 588 4902 624 4940; x_wconf 86' lang='lat' dir='ltr'><strong>a</strong></span> <span class='ocrx_word' id='word_1_562' title='bbox 669 4902 754 4940; x_wconf 91' lang='lat' dir='ltr'><strong>me</strong></span> <span class='ocrx_word' id='word_1_563' title='bbox 800 4884 1001 4957; x_wconf 83' lang='lat' dir='ltr'><strong>corrigi</strong></span> <span class='ocrx_word' id='word_1_564' title='bbox 1049 4886 1119 4939; x_wconf 85' lang='lat' dir='ltr'><strong>ad</strong></span> <span class='ocrx_word' id='word_1_565' title='bbox 1157 4884 1557 4955; x_wconf 87' lang='lat' dir='ltr'><strong>praescriptum</strong></span> <span class='ocrx_word' id='word_1_566' title='bbox 1603 4884 2045 4939; x_wconf 78' lang='lat' dir='ltr'><strong>observationum</strong></span> <span class='ocrx_word' id='word_1_567' title='bbox 2091 4884 2414 4939; x_wconf 88' lang='lat' dir='ltr'><strong>debuerunt.</strong></span> <span class='ocrx_word' id='word_1_568' title='bbox 2495 4882 2620 4939; x_wconf 86' lang='lat' dir='ltr'><strong>Etsi</strong></span> <span class='ocrx_word' id='word_1_569' title='bbox 2663 4898 2803 4955; x_wconf 86' lang='lat' dir='ltr'><strong>quae</strong></span> <span class='ocrx_word' id='word_1_570' title='bbox 2849 4881 2907 4937; x_wconf 90' lang='lat' dir='ltr'><strong>in</strong></span> <span class='ocrx_word' id='word_1_571' title='bbox 2951 4880 3129 4937; x_wconf 86' lang='lat' dir='ltr'><strong>forma</strong></span> <span class='ocrx_word' id='word_1_572' title='bbox 3171 4880 3289 4935; x_wconf 87' lang='lat' dir='ltr'><strong>dixi</strong></span> <span class='ocrx_word' id='word_1_573' title='bbox 3367 4918 3372 4925; x_wconf 84' lang='lat'><em>-</em></span> 
     </span>
     <span class='ocr_line' id='line_1_54' title="bbox 587 4960 3285 5041; baseline -0.001 -22"><span class='ocrx_word' id='word_1_574' title='bbox 587 4968 929 5021; x_wconf 85' lang='lat' dir='ltr'><strong>emendanda</strong></span> <span class='ocrx_word' id='word_1_575' title='bbox 970 4964 1157 5033; x_wconf 73' lang='lat' dir='ltr'><strong>fixisse,</strong></span> <span class='ocrx_word' id='word_1_576' title='bbox 1207 4966 1310 5021; x_wconf 88' lang='lat' dir='ltr'><strong>illa</strong></span> <span class='ocrx_word' id='word_1_577' title='bbox 1354 4963 1497 5021; x_wconf 88' lang='lat' dir='ltr'><strong>talia</strong></span> <span class='ocrx_word' id='word_1_578' title='bbox 1523 4969 1667 5032; x_wconf 83' lang='lat' dir='ltr'><strong>sunt,</strong></span> <span class='ocrx_word' id='word_1_579' title='bbox 1714 4970 1779 5019; x_wconf 89' lang='grc' dir='ltr'><strong>ιιι</strong></span> <span class='ocrx_word' id='word_1_580' title='bbox 1804 4966 1874 5019; x_wconf 86' lang='lat' dir='ltr'><strong>ad</strong></span> <span class='ocrx_word' id='word_1_581' title='bbox 1901 4964 2291 5037; x_wconf 84' lang='lat' dir='ltr'><strong>perfectionem</strong></span> <span class='ocrx_word' id='word_1_582' title='bbox 2337 4962 2523 5037; x_wconf 84' lang='lat' dir='ltr'><strong>potius</strong></span> <span class='ocrx_word' id='word_1_583' title='bbox 2565 4960 2960 5041; x_wconf 75' lang='lat' dir='ltr'><strong>hypothesium·</strong></span> <span class='ocrx_word' id='word_1_584' title='bbox 2980 4960 3285 5038; x_wconf 82' lang='lat' dir='ltr'><strong>Coperniei,</strong></span> 
     </span>
    </p>
   </div>
  </div>
 </body>
</html>
