3634 5575
654 383 740 449 62
1832 389 2157 439 Prooemium.

651 558 774 594 sane
808 544 1058 595 anomalia
1089 544 1266 603 Lunae
1297 558 1388 609 per
1421 547 1798 610 suppositionem
1832 554 1995 597 motus
2048 548 2205 599 centn
2250 546 2433 599 Terrae
2476 558 2635 614 aeque
2670 549 2850 601 aalma
2894 554 3077 615 puscet.
3152 550 3199 602 1·
3234 562 3357 601 vm

653 616 810 666 centri
847 614 1029 666 Terrae
1063 623 1251 677 motus,
1306 632 1402 682 quo
1439 619 1572 668 cirea
1607 616 1768 669 Solem
1817 620 1997 669 circulo
2044 634 2225 687 magno
2274 618 2475 669 Terram
2541 621 2858 671 circumvehit
2906 621 3206 687 (ἕψοι-πίονι
3221 657 3239 681 .
3294 628 3363 673 ut

653 700 819 736 verum
853 686 1032 743 fatear,
1064 687 1256 737 videtur
1289 687 1408 737 mihi
1445 703 1638 739 omnem
1671 690 2139 741 verisimilitudinem
2172 691 2425 741 excedere.
2500 688 2602 742 Sed
2658 690 2785 743 haec
2834 693 3019 751 κύω,
3056 706 3171 743 cum
3218 692 3361 743 aliud

655 756 784 822 quod
818 759 1029 807 scribam
1064 772 1163 807 non
1199 764 1440 809 occurrat.

795 863 876 913 Ad
907 862 1034 913 haec
1067 864 1382 928 Keplerus
1420 860 1493 926 (d.
1533 862 1646 915 VII.
1686 864 1790 916 Cal.
1829 864 1982 930 April.
2026 862 2221 927 1598J:

919 1004 1189 1068 Salutem
1234 1016 1296 1068 et
1343 1026 1477 1069 mea
1525 1006 1788 1079 servitia,
1836 1008 2157 1089 Magnifice
2206 1016 2268 1071 et
2310 1008 2673 1071 Doctissime
2721 1008 2854 1073 Vir.

833 1092 992 1164 Quid
1038 1095 1228 1161 literis
1275 1096 1422 1157 meis
1468 1096 1758 1159 accidi-sse
1807 1096 2002 1158 dicam
2022 1144 2037 1171 ,
2088 1106 2155 1159 nt
2198 1104 2323 1159 tam
2370 1097 2471 1159 diu
2516 1098 2889 1173 delituerint,
2947 1098 3189 1161 nescio:
3240 1099 3359 1159 nisi

659 1182 849 1265 quod,
897 1185 1032 1245 dum
1078 1184 1156 1245 ad
1201 1184 1383 1246 libros
1429 1194 1713 1265 perpetuo
1761 1186 2054 1261 desede0‚
2124 1202 2373 1247 necesse
2419 1186 2561 1249 mihi
2618 1194 2714 1249 est
2756 1188 2815 1248 in
2864 1186 3165 1249 hominum
3210 1187 3356 1249 ido-

657 1291 898 1334 neorum
944 1272 1314 1352 ignoratione
1361 1274 1607 1348 versari,
1659 1293 1900 1354 quorum
1950 1274 2247 1337 industria
2284 1275 2574 1355 ejusmodi
2604 1276 2848 1357 negotia
2876 1284 3360 1355 promoveantur.

657 1362 759 1423 Ad
805 1370 940 1422 tuas
987 1362 1196 1424 literas
1242 1363 1434 1424 tribus
1480 1362 1855 1442 potissimum
1902 1363 2235 1425 nominibus
2281 1364 2426 1425 mihi
2471 1366 2946 1447 respondendum
2992 1374 3113 1440 est,
3162 1365 3359 1449 primo

659 1449 895 1531 quidem
941 1450 1306 1527 difficillimo,
1355 1451 1576 1513 ceteris
1624 1451 2054 1530 quodammodo
2103 1452 2488 1516 facilioribus,

832 1538 1070 1602 Etenim
1144 1540 1356 1620 quibus
1423 1558 1532 1619 ego
1595 1540 1792 1601 verbis
1849 1541 2106 1621 gratiam
2168 1559 2275 1620 pro
2331 1542 2685 1604 transmisso
2745 1562 2984 1605 munere
3044 1542 3361 1605 referam?

583 1643 590 1653 ’
659 1628 868 1708 Neque
917 1628 1068 1689 enim
1113 1628 1269 1690 tanti
1319 1628 1639 1690 aestimare
1687 1629 1869 1691 vilem
1917 1648 2157 1709 operam
2203 1638 2504 1710 poteram,
2561 1648 2750 1711 neque
2796 1630 3131 1693 mehercule
3188 1630 3369 1711 quic-

661 1735 838 1798 quam
881 1725 1120 1797 praeter
1167 1717 1596 1780 sententiarum
1641 1737 1826 1779 causa
1869 1718 2146 1780 veritatis
2194 1720 2575 1781 collationem
2621 1719 3018 1799 quaerebam,
3078 1728 3142 1781 et
3202 1737 3363 1799 quo-

660 1805 754 1867 vis
798 1824 1037 1867 munere
1084 1806 1313 1885 gratius
1359 1806 1500 1867 mihi
1549 1815 1700 1881 erat,
1749 1806 1991 1868 literato
2038 1806 2187 1879 viro,
2234 1808 2293 1869 in
2322 1825 2437 1888 quo
2480 1807 2741 1887 cognitio
2769 1807 3115 1869 matheseos
3153 1808 3365 1888 digni-

661 1902 790 1956 tate
835 1894 1112 1974 politicae
1146 1894 1464 1956 functionis
1495 1892 2004 1971 cohonestaretur,
2055 1896 2542 1977 qualitercunque
2590 1896 2979 1958 innotescere.
3051 1895 3174 1959 Sed
3205 1896 3373 1959 enim

664 1983 803 2064 quid
848 1983 1199 2062 prohibeat,
1248 1984 1362 2044 imo
1411 1983 1550 2064 quid
1607 1983 1921 2063 expediat,
1988 1983 2379 2064 indigentiam
2432 2003 2626 2046 meam
2655 2030 2672 2058 ,
2740 2003 2858 2066 qua
2911 2004 3121 2048 munus
3168 1984 3371 2047 Tuum

665 2079 934 2152 augetur,
983 2092 1179 2135 coram
1227 2081 1287 2134 te
1336 2072 1513 2134 fateri
1558 2072 1742 2144 nolle,
1789 2072 1916 2135 viro
1964 2072 2112 2141 tali,
2162 2074 2254 2134 cui
2300 2073 2503 2153 utique
2551 2091 2721 2134 nemo
2770 2073 3177 2154 persuadeat,
3222 2092 3365 2135 ma..

661 2160 1018 2223 thematicos
1066 2180 1142 2223 ex
1187 2180 1332 2223 aura
1377 2161 1575 2222 vivere
1626 2169 1688 2222 et
1733 2162 1866 2223 sola
1908 2160 2134 2239 ingenii
2180 2162 2371 2242 gloria
2417 2170 2729 2224 contentos
2778 2182 2911 2225 esse
2959 2180 3157 2242 posse.
3221 2162 3365 2224 Ita-

663 2268 774 2331 que
820 2250 1033 2325 velim,
1097 2250 1209 2311 hoc
1277 2249 1385 2310 tibi
1449 2244 1847 2329 persuadeas,
1907 2252 2024 2312 etsi
2091 2250 2232 2312 mihi
2276 2251 2508 2329 gratius
2564 2250 2834 2313 accidere
2880 2251 3026 2313 nihil
3071 2251 3363 2331 potuerit,

663 2357 840 2419 quam
885 2338 1234 2418 intelligere,
1283 2357 1420 2400 mea
1465 2339 1572 2399 abs
1621 2346 1681 2399 te
1729 2339 1987 2417 probari,
2025 2347 2223 2400 tamen
2252 2359 2327 2401 ne
2357 2358 2563 2415 munus
2596 2338 2831 2420 quidem
2860 2340 3055 2401 isthoc
3082 2340 3363 2421 potuisse

664 2445 777 2487 non
826 2446 959 2489 esse
1008 2426 1430 2507 gratissimum.
1525 2425 1758 2499 Quodsi
1822 2446 1939 2509 qua
2000 2447 2135 2489 mea
2179 2428 2476 2490 industria
2520 2427 2628 2489 tibi
2664 2448 2701 2489 a
2754 2446 2847 2491 me
2892 2429 3131 2508 pensari
3175 2446 3367 2509 posse

667 2515 986 2597 intelligis,
1034 2516 1298 2592 obsecr0,
1348 2517 1411 2579 id
1456 2535 1548 2577 me
1597 2516 1846 2592 doceaS,
1894 2516 2323 2598 materiamque
2372 2517 2767 2579 declarandae
2814 2516 3195 2597 gratitudinis
3241 2516 3368 2579 im-

666 2606 861 2686 perito
907 2605 1210 2668 exhibeas.
1241 2641 1328 2651 —

847 2740 1058 2755 .....
1107 2694 1227 2756 Sed
1275 2693 1354 2754 ad
1397 2692 1644 2754 tertium
1687 2700 1969 2772 punctum
2030 2694 2314 2755 accedam
2361 2692 2764 2768 (‚,secundum
2821 2695 3143 2773 punctum“
3204 2694 3365 2757 atti-

669 2793 771 2846 net
815 2784 1219 2863 quaestionem
1261 2778 1560 2844 Her'warti
1607 2782 1679 2843 de
1728 2781 1934 2844 libella
1980 2782 2241 2860 nautica,
2309 2782 2681 2845 referendum
2729 2782 2803 2844 ad
2856 2781 3063 2845 librum
3109 2782 3365 2864 Kepleri

669 2871 742 2933 de
805 2873 983 2935 stella
1047 2874 1230 2946 nova)
1305 2880 1367 2932 et
1430 2871 1504 2931 ad
1571 2889 1670 2945 ea,
1748 2889 1900 2951 quae
1966 2871 2176 2934 scribis
2242 2872 2314 2933 de
2379 2890 2509 2932 meo
2574 2871 2916 2934 Prodromo.
3008 2873 3363 2935 Mathema-

667 2962 772 3024 tici
833 2961 1028 3036 illius,
1093 2960 1356 3040 quisquis
1421 2959 1521 3020 ille
1586 2959 1693 3031 sit,
1753 2958 2043 3037 judicium
2089 2978 2272 3042 prope
2320 2960 2653 3040 intelligere
2700 2960 2921 3023 videor.
3013 2961 3152 3023 Jam
3200 2963 3367 3023 enim

671 3049 984 3131 aliquoties
1031 3050 1173 3110 mihi
1219 3069 1328 3111 usu
1377 3047 1558 3122 venit,
1606 3047 1760 3109 utin
1791 3067 1915 3123 eoS,
1957 3048 2207 3128 quirem
2238 3049 2475 3130 quidem
2511 3048 2867 3130 intelligunt,
2900 3058 3123 3112 motum
3154 3061 3363 3112 autem

669 3139 887 3201 Terrae
934 3139 1173 3200 credere
1219 3155 1334 3198 non
1382 3145 1666 3217 possunt,
1725 3136 1989 3198 incidens
2047 3138 2157 3199 hoc
2213 3138 2490 3200 audiam:
2558 3137 2858 3217 egregiam
2904 3157 3039 3200 esse
3085 3139 3359 3219 phanta-

667 3229 857 3301 siam;
903 3226 1013 3289 hoc
1060 3234 1192 3301 est,
1261 3225 1550 3306 siquidem
1607 3245 1727 3286 una
1771 3223 1921 3286 haec
1970 3226 2317 3308 hypothesis
2374 3228 2447 3288 de
2494 3227 2714 3288 Terrae
2760 3235 2925 3289 motu
2979 3247 3124 3289 vera
3170 3237 3358 3304 esset,
3416 3303 3421 3308 ἡ

667 3326 870 3378 cetera
915 3315 1111 3378 omnia
1154 3314 1551 3396 pulcherrima
1596 3314 1710 3375 sibi
1755 3314 1966 3377 videri.
2028 3315 2369 3390 Materiam,
2419 3333 2591 3396 quam
2640 3315 2878 3396 dignam
2925 3317 3172 3396 alicujus
3210 3317 3356 3379 dili-

667 3405 902 3486 gentiae
949 3423 1197 3474 censes,
1264 3423 1374 3484 ego
1437 3404 1568 3484 ipso
1617 3403 1791 3465 titulo
1848 3423 1978 3464 sum
2021 3403 2362 3484 pollicitus:
2438 3402 2875 3467 Prodromus
2946 3405 3135 3467 enim
3191 3424 3359 3467 esse

667 3494 914 3557 debuit
957 3493 1106 3556 iste
1151 3512 1345 3556 meus
1390 3491 1702 3554 libellus
1765 3501 2349 3573 sequuturarum
2408 3493 3006 3556 dissertationum
3070 3511 3351 3556 cosmo-

665 3583 1194 3666 graphicarum.
1290 3580 1618 3644 Consilium
1680 3581 1823 3643 mihi
1876 3582 2034 3644 tale:
2093 3582 2156 3644 in
2222 3602 2379 3644 nova
2436 3583 2889 3664 cosmographia
2952 3590 3360 3645 tractarentur

666 3680 1012 3752 argumenta
1056 3672 1308 3754 physica
1351 3690 1458 3752 pro
1506 3678 1669 3732 motu
1711 3670 1963 3744 Terrae,
2020 3679 2083 3732 et
2146 3679 2501 3751 cogerentur
2556 3673 2774 3746 multa,
2832 3671 3042 3752 quibus
3098 3671 3355 3752 singulis

664 3761 884 3824 diversi
930 3761 1204 3842 exiguam
1249 3760 1423 3822 fidem
1472 3758 1793 3821 adhibituri
1840 3767 2062 3821 essent.
2153 3760 2249 3823 Ne
2294 3761 2495 3840 itaque
2541 3759 2843 3822 inventum
2887 3761 3000 3822 hoc
3044 3779 3237 3822 meum
3277 3760 3351 3822 de

666 3851 918 3934 quinque
965 3850 1309 3930 corporibus
1355 3850 1511 3910 inter
1555 3849 1708 3909 istas
1768 3847 1937 3926 quasi
2001 3848 2212 3928 paleas
2268 3849 2686 3922 delitesceret,
2742 3856 2805 3910 et
2858 3867 2992 3911 mea
3047 3849 3355 3911 sententia
3459 3919 3465 3922 ,

663 3959 794 4002 cum
839 3938 1057 4001 ceteris
1102 3938 1260 4000 inter
1311 3937 1546 3999 incerta
1601 3936 1976 4016 rejiceretur,
2052 3939 2213 4000 volui
2268 3937 2417 4000 illud
2467 3937 2790 4017 separatim
2844 3937 3047 4013 edere,
3124 3937 3175 4000 si
3234 3955 3351 4018 quo

660 4037 838 4110 pacto
884 4029 1058 4090 fidem
1105 4033 1422 4089 mereatur.
1515 4025 1672 4086 Nam
1727 4024 1839 4085 hoc
1885 4034 2006 4101 est,
2068 4027 2220 4107 quod
2284 4026 2691 4108 probabilibus
2756 4027 3096 4108 sequuturis
3164 4045 3347 4108 argu-

659 4118 876 4180 mentis
932 4135 1007 4178 ex
1057 4116 1310 4198 physica
1367 4115 1475 4176 διο.
1538 4113 1865 4193 depromtis
1922 4115 2260 4178 nonnullam
2319 4115 2706 4178 autoritatem
2769 4116 3085 4179 conciliare
3149 4117 3347 4180 debet.

661 4207 928 4270 Libellos
975 4206 1228 4267 meditor
1273 4203 1788 4283 cosmographicos
1838 4212 2115 4283 quatuor:
2169 4203 2233 4278 1)
2280 4203 2397 4264 De'
2430 4203 2972 4282 Universitate,
3032 4212 3095 4267 et
3146 4205 3347 4288 potis-

661 4298 874 4358 simum
920 4295 992 4357 de
1038 4294 1309 4373 partibus
1357 4292 1557 4355 mundi
1603 4291 2063 4372 quiescentibus,
2115 4291 2273 4355 Solis
2319 4293 2449 4354 loco
2497 4301 2562 4356 et
2606 4293 2819 4375 quiete,
2859 4295 3111 4356 fixarum
3140 4295 3347 4376 dispo-

663 4386 876 4448 sitione
923 4392 986 4444 et
1031 4383 1248 4462 quiete,
1297 4382 1529 4443 unitate
1577 4382 1682 4443 διο.
1731 4379 1949 4443 mundi.
2042 4378 2112 4455 2)
2158 4382 2264 4443 De
2310 4381 2735 4458 Mobilibus3
2781 4383 2842 4445 in
2882 4402 2995 4464 quo
3032 4385 3350 4464 repetitum

661 4474 962 4554 negotium
1009 4473 1082 4533 de
1128 4471 1384 4552 quinque
1430 4470 1790 4550 corporibuS,
1841 4468 2168 4548 disputatio
2215 4471 2288 4532 de
2332 4479 2499 4533 motu
2526 4473 2765 4548 Terrae,
2803 4473 3185 4552 proportione
3214 4493 3347 4534 mo-

662 4572 826 4624 tuum
868 4560 1290 4644 Pythagorica,
1339 4560 1566 4621 musica
1612 4560 1718 4621 &c.
1787 4555 1859 4632 3)
1906 4559 2008 4620 De
2054 4559 2290 4637 globis
2336 4560 2519 4640 ipsis
2564 4561 2981 4640 peculiaribus,
3028 4563 3139 4624 sed
3163 4580 3345 4643 prae·-

664 4652 832 4731 cipue
890 4651 966 4712 vde
1023 4649 1199 4731 globo
1245 4650 1502 4726 Terrae,
1575 4647 1770 4710 causis
1829 4647 2139 4724 montium,
2198 4650 2499 4712 fluminum
2548 4649 2652 4712 διο.
2740 4651 2811 4713 In
2867 4669 3083 4730 genere
3142 4659 3345 4713 tamen

663 4738 736 4814 4)
784 4739 884 4801 De
931 4739 1292 4802 relatione
1339 4737 1530 4800 coeli
1577 4746 1649 4799 et
1691 4737 1958 4799 Terrae
2014 4755 2197 4800 causa
2252 4737 2504 4801 actionis
2558 4746 2622 4800 et
2678 4739 3049 4821 passionum,
3115 4740 3189 4802 de
3248 4741 3343 4802 lu-

665 4829 839 4902 mine,
891 4829 1251 4908 aspectibus,
1298 4826 1758 4908 meteorologiae
1805 4836 1872 4889 et
1914 4827 2277 4908 astrologiae
2330 4826 2633 4908 principiis
2686 4828 2969 4911 physicis.
3062 4827 3164 4892 Sic
3218 4837 3345 4892 tres

663 4918 892 5000 priores
937 4918 1370 4996 responderent
1411 4916 1582 4978 libris
1627 4915 1977 4978 Aristotelis
2022 4916 2097 4978 de
2151 4916 2345 4991 coelo,
2408 4923 2653 4997 quartus
2728 4919 2895 4982 libris
2959 4918 3033 4979 de
3087 4937 3343 5000 genera-
