3634 5575
609 365 743 434 412
837 415 848 432 .
1749 364 1953 418 utem
1977 365 2187 432 Kepleri

785 527 1160 579 Hervartns
1212 524 1284 577 ab
1329 523 1718 591 Hohenbmg
1766 525 1818 574 in
1854 523 2011 576 literis
2048 525 2096 575 d.
2138 522 2189 574 2.
2226 525 2344 576 Jan.
2387 522 2543 576 1599.
2590 527 2653 578 de
2687 527 2789 580 hac
2822 523 3030 591 Kepleri
3074 528 3332 578 muntia

615 600 806 652 scribit:
855 599 979 649 Was
1017 599 1104 648 der
1136 597 1266 648 Hert
1299 597 1354 647 in
1387 598 1550 648 seiner
1585 595 1821 647 Praetica
1854 611 1919 646 ιιι
1952 595 2065 647 End
2102 596 2357 648 denelben
2396 599 2458 649 de
2492 604 2717 664 tempore
2760 606 2813 649 et
2853 598 3136 664 quantitate
3176 591 3239 665 c(
3276 605 3333 648 et

613 667 666 736 ὁ)
702 671 1016 721 luminarium
1065 674 1119 718 et
1164 669 1418 738 eclipsinm
1456 667 1756 725 discurriert,
1809 667 1915 717 hab
1962 667 2042 717 ich
2090 682 2212 732 gern
2248 669 2480 734 gelesen,
2514 669 2618 720 und
2662 672 2956 726 vei-nimine,
2994 669 3111 720 dass
3148 669 3329 721 etliche

607 741 954 794 Mathematici
996 743 1048 790 in
1087 740 1278 799 Saxen,
1337 739 1456 788 alda
1489 751 1606 787 man
1645 737 1724 788 die
1759 738 1996 789 bedentte
2043 741 2220 804 jfingst
2263 738 2577 790 beschehene
2624 756 2793 807 grosse
2829 741 3142 790 Finsternnss
3181 739 3320 790 coeio

607 828 784 864 sereno
820 813 914 862 vol
950 810 1188 878 genehen,
1226 811 1278 860 id
1314 811 1473 873 ipsum
1509 809 1746 858 observirt
1779 809 1945 860 haben
1982 809 2140 859 soilen
2155 843 2169 865 ,
2209 809 2301 860 das
2336 811 2551 861 nemlich
2588 811 2669 864 die
2706 811 2843 862 Sonn
2879 810 3149 860 dmnhlen
3183 810 3325 861 nicht

607 901 703 935 von
737 884 904 934 unden
917 919 932 943 ,
979 881 1192 933 sondern
1240 895 1335 930 von
1372 881 1500 930 oben
1534 879 1625 930 her
1671 880 1754 930 bei
1794 875 1863 941 Ἰ.
1914 880 2195 930 veriimtert
2227 881 2444 933 worden.
2518 883 2629 934 Bitt
2670 898 2756 934 nm
2792 883 3127 947 Erieuternng
3160 881 3327 934 die-u·

611 956 885 1012 anomalia,
921 955 1014 1005 vie
1049 955 1122 1002 sie
1157 952 1224 1004 ad
1256 951 1552 1015 hypothesin
1589 950 1851 1016 coperuici
1886 966 1951 1002 zu
1987 953 2397 1004 accommodiren.

781 1099 863 1149 Ad
895 1097 1025 1148 haec
1059 1093 1314 1160 respondit
1348 1092 1697 1158 Keplerns:
1774 1067 1782 1076 ⁶

782 1223 878 1285 De
926 1220 1090 1284 Solis
1139 1219 1350 1299 eclipsi
1411 1218 1662 1298 primum
1720 1222 1901 1284 valde
1958 1221 2103 1284 mihi
2160 1229 2400 1301 gratum
2448 1228 2575 1296 est,
2636 1221 2925 1284 accedere
2984 1221 3063 1282 ad
3122 1239 3321 1284 meam

603 1313 856 1376 aliorum
905 1329 1138 1392 quoque
1203 1308 1692 1383 observationes,
1760 1311 1975 1391 quibus
2034 1311 2355 1390 praecipue
2411 1309 2585 1390 digiti
2646 1310 2911 1391 ecliptici
2964 1311 3317 1390 prodantur.

603 1402 770 1466 Saue
817 1418 1033 1462 novem
1080 1398 1305 1477 digitos
1354 1395 1484 1476 ipse
1531 1415 1784 1478 quoque,
1832 1400 1941 1462 sed
1989 1399 2215 1462 oculari
2256 1401 2477 1462 saltem
2506 1401 2871 1481 conjectura,
2920 1399 3087 1462 nulla
3114 1397 3319 1462 circini

603 1491 878 1572 ἀκριβείᾳ
925 1488 1292 1551 constituere
1339 1493 1632 1565 poteram.

779 1581 992 1658 Itaque
1041 1593 1405 1656 magnopere
1453 1582 1515 1636 te
1563 1595 1696 1651 oro,
1744 1583 1814 1638 ut
1860 1577 2015 1639 inter
2058 1583 2298 1638 ceteras
2346 1575 2667 1640 aliorum
2714 1577 3314 1654 observationes,

605 1689 756 1749 quas
801 1665 1138 1748 pollicem,
1204 1664 1361 1726 hanc
1408 1662 1621 1739 etiam,
1679 1665 1780 1728 ubi
1828 1672 2043 1728 nactus
2090 1665 2243 1737 eris,
2300 1666 2615 1746 adjungas.
2707 1665 2967 1730 Omnino
3014 1669 3167 1731 haec
3213 1669 3320 1730 via

603 1751 717 1820 est'
748 1756 827 1818 ad
872 1753 1300 1836 perfectionem
1347 1752 1517 1814 artis,
1611 1751 2158 1818 observationibus
2214 1755 2344 1835 ipse
2392 1774 2625 1837 quoque
2669 1755 2981 1831 incumbo,
3042 1757 3318 1837 quamvis

603 1847 766 1908 nullo
821 1845 1349 1924 instrumentorum
1405 1844 1682 1926 remigio,
1743 1845 1843 1905 vel
1898 1844 2035 1906 ideo
2092 1845 2339 1918 saltem,
2408 1853 2477 1908 ut
2532 1844 2585 1906 si
2650 1845 2887 1925 quando
2944 1845 3005 1906 in
3061 1845 3318 1908 aliorum

603 1933 1059 1998 observationes
1125 1929 1415 2004 incidam,
1485 1951 1600 1994 non
1669 1933 1817 1995 nihil
1883 1932 2168 2008 habeam,
2240 1953 2354 2014 quo
2420 1934 2797 2013 diligentiam
2856 1933 3318 1998 observatorum

601 2025 930 2105 explorem.
1021 2020 1182 2085 Nam
1228 2019 1341 2082 hae
1373 2020 1831 2084 observationes
1860 2042 2127 2097 crassae,
2178 2042 2328 2104 quae
2377 2024 2757 2103 planetarum
2806 2023 2885 2085 ad
2931 2023 3083 2086 fixas
3130 2023 3317 2086 sitnm

601 2113 790 2176 variis
837 2110 1307 2174 circumstantiis
1352 2111 1631 2190 produnt,
1681 2111 1799 2173 etsi
1847 2131 1965 2174 non
2012 2112 2091 2173 ad
2139 2119 2263 2174 tam
2312 2112 2563 2193 exiguas
2607 2113 3051 2191 portiunculas,
3102 2120 3171 2176 ut
3212 2114 3317 2174 in-

599 2199 1084 2272 strumentariae,
1135 2198 1464 2272 deducunt,
1509 2199 1704 2261 minus
1751 2207 1977 2276 tamen,
2026 2220 2203 2281 quam
2238 2201 2410 2270 illae,
2474 2201 2769 2264 obnoxiae
2814 2208 2961 2264 sunt
3002 2201 3091 2263 illi
3138 2221 3315 2266 erro-

606 2311 735 2354 rum
780 2287 1087 2361 varietati,
1141 2285 1238 2369 qui
1287 2289 1602 2350 confertim
1650 2289 2066 2352 instrumentis
2109 2290 2493 2352 insidiantur.
2586 2290 2681 2352 De
2714 2309 2913 2352 annua
2954 2290 3071 2352 hac
3118 2291 3311 2371 eclip-

603 2380 758 2444 sium
805 2375 1122 2452 anomalia,
1190 2376 1309 2438 etsi
1368 2397 1484 2438 non
1543 2385 1639 2439 est
1685 2379 1857 2452 (ante
1912 2380 2230 2442 multorum
2292 2397 2581 2442 annorum
2624 2379 2869 2442 labores
2905 2377 3313 2448 continuatos,

606 2468 806 2531 omnia
850 2467 1035 2546 probe
1081 2472 1436 2545 perspecta,
1495 2468 1693 2529 omnia
1737 2467 1955 2529 calculi
2002 2466 2265 2548 ecliptici
2312 2467 2705 2530 fundamenta
2750 2467 2829 2528 ad
2875 2468 3163 2530 amussim
3208 2487 3315 2532 re-

601 2565 840 2631 vocata,
892 2574 1098 2618 omnes
1145 2554 1403 2616 omnium
1451 2561 1786 2636 temporum
1832 2557 2089 2636 eclipses
2138 2556 2215 2618 ad
2244 2556 2542 2618 calculum
2570 2555 2955 2618 Prutenicum
2990 2557 3311 2631 reductas)

601 2645 914 2726 quicquam
957 2642 1758 2724 pronunciandum„ingenii
1802 2652 2010 2707 tamen
2058 2645 2261 2725 gratia
2308 2645 2515 2708 licebit
2560 2643 2717 2708 serio
2764 2643 3077 2707 certamini
3120 2665 3309 2724 prae-

602 2735 824 2798 ludere.
915 2730 1213 2796 Memiui
1267 2750 1439 2794 sane
1501 2732 1573 2794 in
1619 2732 2071 2798 Ptolemaiou
2118 2733 2507 2816 eclipsium
2570 2734 2864 2798 calculo
2921 2733 3009 2797 ab
3069 2734 3311 2799 Alba-

601 2825 851 2905 tegnio
900 2820 1436 2901 deprehensam
1485 2822 1947 2900 anomaliam,
1998 2831 2071 2886 et
2112 2823 2697 2904 discrepantiam
2743 2825 3309 2887 observatarum

597 2912 989 2993 eclipsium
1053 2908 1144 2971 ab
1189 2910 1450 2972 iisdem
1514 2910 1952 2989 calculatis,
2022 2932 2313 2993 eamque
2378 2912 2599 2975 aliam
2662 2930 2867 2993 quam
2938 2913 3117 2975 haec
3180 2914 3307 2977 ho·-

597 3002 857 3063 dierna
905 3006 1037 3061 est.
1134 2998 1279 3061 Ideo
1326 2998 1672 3080 priusquam
1718 3002 1869 3064 certi
1918 3001 2058 3083 qnid
2105 3007 2437 3077 statuatur,
2488 3002 2651 3064 illius
2696 3000 2881 3064 etiam
2926 3020 3115 3069 causa
3157 3003 3307 3065 red-

598 3090 798 3152 denda
843 3087 980 3151 erit.
1072 3088 1752 3167 Praesnpponemus
1798 3090 2065 3170 igitur,
2117 3090 2295 3152 hanc
2343 3090 2781 3153 anomaliam
2828 3108 3131 3152 annuam
3178 3091 3299 3153 ho·-

598 3179 1021 3240 diernarum
1054 3173 1443 3255 eclipsium
1487 3187 1921 3258 perpetuum
1968 3197 2134 3241 esse
2180 3179 2563 3241 Prutenici
2610 3177 2885 3241 calculi
2934 3179 3303 3255 comitem,
3392 3234 3398 3237 .

595 3267 657 3329 si
705 3267 768 3328 is
814 3272 1020 3329 retro
1067 3271 1481 3345 usurpetur.
1573 3267 1658 3330 Et
1701 3267 2075 3348 propositum
2120 3266 2295 3329 nobis
2341 3274 2493 3339 esto,
2542 3285 2789 3329 causam
2818 3267 3081 3347 reperire
3124 3268 3305 3347 hujus

595 3354 952 3419 anomaliae.
1049 3350 1204 3417 Cum
1250 3354 1558 3433 ergo⁸tria
1604 3357 1730 3419 sint
1775 3373 2059 3436 corpora,
2121 3363 2247 3417 tres
2292 3363 2491 3419 motus
2542 3356 2622 3417 ad
2660 3355 3097 3419 noviluniorum
3140 3364 3305 3419 tem·-

589 3463 742 3527 pora
787 3440 1156 3506 dimetienda
1201 3451 1645 3520 concurrentes,
1693 3451 1843 3525 puta
1892 3443 2074 3519 Solis,
2124 3446 2356 3518 Lunae,
2406 3452 2471 3507 et
2514 3444 2693 3524 primi
2740 3444 2977 3507 mobilis
3026 3446 3125 3519 (ut
3168 3452 3303 3508 ter-

593 3534 770 3597 minis
836 3532 1196 3595 usitatarum
1242 3531 1664 3613 hypothesium
1711 3536 2011 3609 utamur),
2078 3534 2319 3613 singula
2391 3533 2663 3613 singulas
2736 3533 2909 3595 nobis
2968 3534 3305 3613 praebeant

595 3621 990 3704 suspiciones.
1082 3620 1244 3682 Nam
1300 3621 1441 3683 dum
1505 3621 1847 3701 vernalia
1900 3622 2284 3685 novilunia
2347 3629 2473 3684 aut
2524 3622 2945 3703 plenilunia
3000 3623 3303 3686 tardius

591 3730 807 3774 revera
849 3710 1114 3783 veniant,
1166 3728 1343 3789 quam
1369 3708 1430 3769 in
1460 3712 1692 3773 calculo
1721 3710 2165 3790 praedicuntur,
2214 3710 2673 3774 autumnalia
2716 3710 2983 3773 citius:
3032 3712 3087 3773 si
3114 3730 3305 3775 causa

590 3801 650 3863 in
689 3799 854 3863 Solis
901 3806 1067 3861 motu
1125 3805 1251 3872 est,
1321 3806 1565 3877 oportet
1611 3798 1816 3863 Solem
1876 3818 2060 3861 verno
2116 3806 2389 3879 tempore
2456 3799 2689 3878 longius
2750 3799 2811 3860 in
2869 3802 3303 3881 consequentia

1387 3886 1617 3951 distare
1666 3908 1846 3968 quam
1912 3908 1951 3949 a
2013 3888 2245 3951 calculo
2290 3887 2593 3966 proditur,
2662 3890 2991 3952 autumnali
3040 3890 3299 3953 brevius.

1385 3976 1474 4038 Ut
1533 3978 1594 4039 A
1659 3978 1743 4039 sit
1801 3984 2073 4039 centrum
2138 3976 2339 4038 mundi
2404 3984 2467 4037 et
2528 3975 2691 4039 orbis
2758 3976 3017 4040 Lunaris
3038 4024 3057 4051 ,
3132 3978 3301 4059 cujus

549 4114 560 4121 .
690 3990 1271 4245 (N
1387 4064 1681 4129 diameter
1734 4084 1845 4145 per
1894 4064 2299 4144 longitudines
2347 4063 2509 4127 Solis
2570 4064 2805 4127 medias
2849 4084 3037 4145 prope
3084 4067 3301 4146 aequi-

654 4162 684 4198 1
762 4167 1101 4252 ¹**,¹¹*2,
1182 4175 1217 4244 s
1385 4153 1589 4216 noctia
1636 4156 1805 4228 (nam
1868 4155 1947 4217 ab
2012 4154 2049 4216 l.
2098 4172 2174 4215 m.
2232 4152 2469 4215 distant
2527 4172 2644 4215 non
2704 4152 2913 4217 multis
2978 4156 3301 4235 gradibus)

1386 4243 1470 4305 sit
1513 4241 1806 4307 DMAPI.
1898 4244 1952 4306 B
2018 4242 2102 4303 sit
2174 4248 2443 4303 centrum
2507 4242 2827 4303 eccentrici
2874 4240 3039 4305 Solis
3100 4244 3164 4305 in
3232 4261 3301 4306 eo

1386 4333 1507 4393 situ
1580 4332 1640 4393 in
1707 4350 1823 4411 quo
1892 4329 2218 4392 assumitur
2294 4330 2351 4392 in
2419 4330 2670 4400 calculo,
2755 4330 3053 4393 diameter
3117 4331 3302 4413 igitur

1382 4438 1492 4500 per
1547 4418 1953 4499 longitudines
2006 4418 2242 4479 medias
2292 4415 2479 4481 LBO.
2574 4416 2672 4481 Sit
2728 4427 2931 4483 autem
2977 4420 3035 4481 D
3090 4418 3299 4493 Libra,

1379 4508 1411 4569 Ι
1456 4506 1660 4579 Aries,
1707 4514 1772 4569 et
1819 4514 2207 4569 assumantur
2253 4507 2395 4569 bina
2441 4514 2715 4588 tempora
2763 4508 2827 4569 in
2872 4508 3087 4588 quibus
3124 4508 3303 4571 Luna

1386 4596 1712 4659 secundum
1759 4596 2053 4659 calculum
2102 4596 2231 4676 (qui
2278 4596 2395 4675 jam
2443 4595 2503 4659 in
2544 4596 2720 4659 Luna
2765 4615 2957 4661 verax
3000 4616 3137 4661 esse
3182 4614 3301 4677 po-

589 4690 780 4764 nitur)
827 4691 914 4753 sit
967 4690 1030 4752 in
1076 4690 1155 4764 Q,
1203 4692 1288 4755 R.
1381 4685 1604 4755 Iisdem
1633 4692 1967 4765 temporum
2005 4684 2275 4745 articulis
2305 4692 2643 4764 appareant
2686 4686 2746 4747 in
2776 4686 3301 4750 observationibus

591 4777 746 4840 duae
807 4779 1066 4859 eclipses
1113 4779 1389 4844 Solares.
1478 4774 1749 4837 Necesse
1807 4780 1907 4835 est
1958 4772 2171 4852 igitur,
2230 4771 2435 4835 Solem
2492 4792 2785 4857 apparere
2838 4776 2901 4838 in
2958 4775 3121 4838 linea
3165 4774 3297 4850 AF,
