3634 5575
587 403 724 471 260
1529 466 1536 474 .
1685 404 1931 471 Ambus*
1966 404 2217 467 Treboni·

589 575 690 629 est
753 565 982 644 primns
1049 564 1356 645 perfectus
1403 559 1473 638 6,
1539 582 1825 627 numerus
1890 562 2343 626 restituentium
2396 557 2439 639 15
2504 566 2567 622 et
2622 560 2725 634 ’ὶις
2790 566 2891 623 est
2944 559 3311 641 quaternarii

590 654 950 735 quadratum
991 650 1106 727 16,
1167 670 1450 715 numerus
1494 652 1948 715 restituentium
1993 651 2053 713 in
2098 647 2143 714 4
2192 650 2459 723 ultimis;
2522 657 2620 711 est
2657 647 2909 727 quinarii
2954 650 3349 729 quadratum,

587 740 694 818 25,
741 761 1026 805 numerus
1071 742 1392 803 ferentium
1436 741 1500 802 in
1545 738 1586 803 5
1635 741 1909 815 ultimis3
1980 746 2079 803 est
2124 739 2379 820 deniqne
2426 737 2755 818 septenarii
2800 739 3157 818 quadratum
3200 732 3309 811 49,

591 850 827 893 summa
881 830 1174 905 omnium,
1241 829 1462 892 demtis
1527 830 1712 891 etiam
1761 826 2003 909 Calippi
2060 828 2467 891 additionibus
2522 826 2583 887 in
2630 824 2775 888 Sole
2821 834 2887 889 et
2928 826 3134 899 Luna,
3200 844 3309 887 nec

589 926 842 1000 patente
888 940 1074 983 causa
1119 919 1264 993 nlla,
1313 920 1424 979 sed
1469 938 1544 979 ne
1592 918 1933 997 suspicione
1982 917 2242 997 quidem,
2290 936 2395 977 cur
2416 916 2793 977 'Aristoteles
2838 916 2993 977 hanc
3040 914 3311 977 additio-

587 1028 726 1071 nem
761 1008 822 1069 in
861 1006 1006 1070 Sole
1055 1016 1120 1069 et
1154 1007 1328 1069 Luna
1373 1021 1810 1087 supervacuam
1838 1006 2165 1086 putaverit,
2210 1024 2327 1068 non
2358 1005 2505 1066 item
2548 1003 2611 1066 in
2640 1004 2879 1079 ceteris,
2926 1012 2997 1066 ut
3030 1003 3311 1065 videatur

596 1096 966 1159 Aristoteles
1011 1096 1204 1158 solum
1251 1115 1560 1158 numerum
1601 1094 1999 1177 quaesivisse.
2090 1094 2227 1157 Nisi
2259 1093 2445 1170 toties
2472 1092 2845 1155 Aristoteles
2870 1092 3310 1175 Pythagoricos

595 1185 962 1265 explosisset
1005 1202 1304 1260 numeroS,
1353 1186 1680 1259 crederem,
1729 1183 1897 1245 illum
1945 1185 2021 1246 de
2068 1182 2370 1245 industria
2408 1180 2761 1262 conquisitis
2806 1180 3159 1243 ratiunculis
3204 1180 3305 1241 af-

593 1275 821 1336 fectare
879 1274 1238 1354 quadratum
1293 1274 1653 1355 septenarii,
1717 1292 1891 1353 quem
1947 1274 2213 1335 Deorum
2276 1290 2587 1333 numerum
2642 1271 2845 1332 forsan
2912 1289 2989 1331 ex
3051 1268 3307 1349 alicujus

589 1362 898 1443 religionis
943 1362 1230 1444 mysterio
1275 1380 1630 1442 persuasum
1675 1361 1973 1425 habuerit.
2066 1362 2227 1424 Num
2274 1360 2423 1423 liber
2474 1380 2513 1421 a
2558 1358 3055 1441 superstitionum
3098 1357 3303 1438 suspi-

590 1452 760 1513 cione
805 1448 1197 1524 Aristoteles,
1247 1470 1325 1511 an
1373 1450 1524 1512 haec
1565 1450 1656 1513 ita
1701 1450 2034 1530 scripserit,
2073 1449 2212 1530 jure
2260 1449 2487 1511 dubito.
2552 1446 2829 1511 'Summa
2871 1448 3058 1509 haec:
3106 1446 3301 1509 Prae-

591 1542 818 1603 clarum
875 1540 1006 1619 ejus
1059 1538 1402 1601 institutum
1461 1539 1602 1615 fuit,
1669 1557 1778 1618 per
1824 1546 2305 1602 astronomorum
2340 1538 2547 1601 oculos
2602 1545 2666 1598 et
2720 1536 3177 1600 observationes
3223 1533 3303 1596 ad

592 1629 912 1691 obscuram
959 1646 1152 1689 rerum
1199 1635 1480 1689 naturam
1525 1628 1926 1689 contendere:
1977 1627 2438 1707 vituperandum
2482 1644 2645 1694 vero.
2694 1626 2855 1705 quod
2880 1621 3303 1687 astronomicis

592 1714 1116 1778 observationibus
1179 1735 1292 1777 sua
1355 1716 1596 1778 miscuit
1669 1713 1993 1778 ratiocinia
2064 1715 2481 1795 philosophica
2558 1720 2689 1775 toto
2754 1732 2973 1793 genere
3038 1712 3299 1775 diversa.

593 1801 754 1874 Quid
811 1804 970 1867 enim
1015 1822 1323 1868 commune
1371 1800 1448 1867 31
1505 1804 1748 1867 orbibus
1795 1802 2041 1884 Calippi
2094 1804 2351 1866 totidem
2408 1811 2673 1865 motuum
2740 1821 2873 1864 cum
2919 1800 2997 1863 21
3048 1800 3303 1865 Aristo-

591 1892 762 1967 telis,
830 1892 931 1973 qui
985 1910 1206 1953 novum
1259 1892 1484 1956 nullum
1543 1901 1770 1955 motum
1824 1892 2136 1955 inferunt?
2224 1892 2311 1954 Et
2368 1891 2457 1953 sic
2504 1910 2571 1952 se
2634 1891 2819 1951 habet
2874 1890 3129 1951 celebris
3183 1888 3305 1951 iste

589 1982 758 2043 locus
803 1979 1178 2055 Aristotelis,
1243 1999 1320 2041 ex
1367 1980 1535 2060 cujus
1583 1981 1981 2061 explicatione
2030 1990 2287 2061 apparet
2330 1980 2491 2061 'quod
2527 1979 2671 2057 dixi,
2720 1978 3043 2041 confidenti
3084 1978 3307 2041 Ursum

589 2070 862 2132 oratione
910 2088 1080 2131 usum
1127 2068 1188 2129 iu
1233 2088 1346 2130 sua
1391 2070 1466 2130 de
1513 2070 1951 2152 hypothesibus
1998 2070 2279 2145 historia,
2345 2068 2486 2131 dum
2531 2068 2649 2141 ait,
2694 2067 3014 2131 Eudoxum
3058 2074 3122 2130 et
3170 2062 3303 2129 Ca-

585 2158 812 2239 lippum
857 2157 1256 2220 concentricis
1302 2177 1462 2231 usos,
1513 2160 1668 2238 quod
1715 2158 1884 2221 nulla
1928 2158 2161 2221 ratione
2208 2178 2286 2220 ex
2312 2166 2487 2220 textu
2529 2157 2823 2222 deducere
2852 2154 3068 2238 potuit.
3141 2156 3300 2217 Fra-

587 2256 902 2310 castoreus
949 2264 1091 2307 vero
1138 2246 1316 2326 hujus
1344 2246 1433 2309 rei
1479 2255 1692 2309 auctor
1737 2255 1835 2309 est
1878 2267 1995 2309 non
2044 2248 2314 2318 idonens,
2362 2245 2745 2309 concentrica
2790 2264 2923 2307 cum
2968 2242 3300 2323 scripserit,

585 2344 827 2397 veteres
873 2336 950 2396 ad
1001 2354 1068 2396 se
1117 2336 1434 2397 traducere
1483 2335 1710 2397 nititur.
1803 2336 1897 2397 De
1946 2344 2149 2399 cetero
2196 2336 2424 2397 fatetur
2466 2334 2618 2414 ipse,
2664 2332 2835 2396 nihil'
2857 2334 2932 2395 de
2970 2331 3091 2395 illis
3138 2331 3299 2407 sciri,

583 2423 698 2488 nisi
725 2438 804 2485 ex
829 2423 1084 2486 obscuro
1113 2424 1244 2485 loco
1272 2423 1652 2487 Aristotelis.
1681 2418 1764 2499 ¹²)
1860 2422 2038 2495 Quod
2072 2444 2215 2487 vero
2246 2424 2351 2499 ait,
2397 2424 2859 2505 Pythagoraeos
2904 2429 3047 2503 post
3082 2421 3301 2483 Plato-

585 2532 750 2588 nem,
800 2512 1066 2595 explosis
1109 2512 1348 2575 Eudoxi
1394 2522 1460 2574 et
1505 2512 1744 2593 Calippi
1792 2532 1911 2575 non
1960 2512 2393 2576 sufficientibus
2440 2510 2870 2582 concentricis,
2930 2508 3301 2573 eccentricos

585 2600 970 2675 assumsisse,
1019 2600 1214 2663 tribus
1261 2600 1602 2663 nominibus
1649 2601 2061 2664 temeritatem
2110 2600 2473 2664 narrationis
2520 2620 2665 2663 suae
2720 2598 2945 2680 prodit.
3036 2598 3302 2663 Primum

585 2690 646 2751 id
694 2688 986 2772 Calippus
1031 2690 1161 2770 ipse
1208 2689 1356 2751 fecit
1397 2688 1458 2750 in
1497 2688 1733 2753 Eudoxi
1778 2690 2215 2772 hypothesibus
2262 2689 2655 2769 corrigendis,
2702 2696 2771 2752 nt
2816 2689 3088 2750 defectus
3124 2686 3302 2767 ipsas

589 2789 888 2859 argueret,
936 2778 1258 2858 orbemque
1305 2798 1504 2848 unum,
1553 2778 1652 2859 qui
1699 2780 1963 2841 maxima
2000 2778 2521 2842 verisimilitudine
2568 2776 3081 2841 eccentricitatem
3124 2775 3302 2838 inre-

584 2867 748 2931 xisse
795 2868 960 2929 credi
1004 2874 1228 2945 potest,
1277 2866 1533 2928 adderet
1549 2886 1569 2942 3
1639 2886 1753 2930 non
1803 2868 1917 2930 fuit
1962 2869 2149 2948 igitur
2192 2887 2471 2940 necesse,
2536 2875 2607 2928 ut
2648 2867 2761 2930 hoc
2810 2864 3050 2948 Calippi
3096 2884 3304 2928 corre-

587 2953 772 3016 ctioni
818 2954 1124 3017 accideret
1177 2963 1320 3034 post
1361 2955 1728 3029 Platonem:
1779 2956 1899 3018 nisi
1956 2957 2111 3020 forte
2170 2957 2232 3020 in
2280 2953 2323 3036 l}
2372 2965 2437 3018 et
2479 2956 2569 3032 94,
2638 2975 2885 3036 quorum
2940 2963 3137 3018 motus
3182 2972 3303 3017 non

587 3043 740 3104 bene
795 3043 926 3121 ipse
983 3044 1427 3122 exploraverat.
1519 3043 1755 3106 Deinde
1815 3045 1951 3108 dum
1996 3046 2317 3108 Eudoxum
2362 3065 2401 3106 a
2443 3044 2887 3127 Pythagoraeis
2944 3044 3033 3106 ait
3086 3043 3302 3122 explo-

589 3149 739 3204 sum,
789 3150 906 3193 non
952 3131 1044 3194 ita
1088 3131 1239 3193 bene
1287 3151 1460 3195 suam
1507 3133 1845 3196 orationem
1872 3134 2259 3196 historiarum
2286 3133 2540 3197 notitiae
2578 3139 2965 3214 attemperat,
3014 3131 3103 3196 uti
3140 3131 3303 3195 illius

591 3227 801 3281 tenore
847 3220 1002 3282 hanc
1039 3220 1260 3300 jactat.
1351 3219 1641 3284 Eudoxus
1688 3221 1849 3285 enim
1895 3231 1961 3286 et
2002 3223 2135 3303 ipse
2183 3223 2297 3286 fuit
2344 3243 2493 3284 unus
2540 3222 2613 3284 de
2642 3232 2814 3284 secta
2840 3221 3304 3304 Pythagoraeo-

585 3326 738 3382 rum,
784 3310 1084 3371 referente
1129 3308 1398 3371 Laertio.
1489 3311 1582 3372 At
1627 3311 1758 3393 quis
1805 3311 1957 3374 haec
2004 3331 2081 3374 ex
2108 3311 2253 3374 Ursi
2288 3313 2561 3374 oratione
2606 3311 2957 3392 colligeret?
3028 3309 3305 3388 Denique

589 3397 769 3459 velim
813 3398 890 3459 ab
937 3397 1042 3460 illo
1089 3397 1342 3468 discere,
1391 3417 1541 3478 quos
1589 3399 1859 3479 appellet
1885 3401 2390 3484 Pythagor-aeos?
2470 3399 2541 3464 Si
2589 3417 2989 3481 quoscunque,
3037 3399 3138 3479 qui
3184 3396 3304 3459 ali-

590 3485 747 3566 quod
813 3486 1194 3567 Pythagorae
1259 3487 1608 3566 dogmatum
1670 3489 2141 3568 amplectuntur,
2207 3489 2665 3572 Pythagoraeos
2721 3489 2934 3562 habet,
2992 3487 3123 3566 jam
3184 3503 3303 3548 non

589 3573 852 3652 loquitur
918 3575 996 3636 ad
1050 3575 1541 3637 consuetudinem
1597 3575 1922 3653 historiae,
1982 3576 2153 3657 cujus
2200 3578 2601 3658 cognitionem
2654 3575 2771 3640 sibi
2828 3584 3097 3656 arrogat.
3190 3571 3303 3637 Sin

589 3680 694 3724 eos
741 3681 878 3724 cum
922 3662 1228 3724 historicis
1274 3665 1733 3746 Pythagoraeos
1780 3666 1957 3740 dicit,
2005 3667 2105 3746 qui
2152 3673 2360 3728 sectae
2407 3666 2541 3728 huic
2590 3665 2846 3740 addicti,
2900 3665 3130 3744 placita
3174 3665 3307 3743 ejus

590 3751 1130 3830 disputationibus,
1181 3751 1460 3814 instituto
1500 3754 1693 3828 vitae,
1741 3755 2007 3816 moribus
2054 3756 2179 3816 suis
2226 3753 2591 3834 exprimunt,
2654 3754 2867 3817 audiat
2912 3773 2987 3815 ex
3030 3752 3300 3825 Laertio,

589 3848 820 3900 sectam
867 3841 1032 3901 illam
1081 3840 1140 3902 in
1188 3840 1511 3918 Epicurum
1558 3842 1834 3904 desiisse.
1926 3843 2127 3906 Natus
2166 3851 2369 3904 autem
2418 3851 2515 3905 est
2548 3842 2847 3922 Epicurus
2885 3842 3019 3921 jam
3064 3842 3301 3904 demum

591 3927 1026 3989 inclarescente
1073 3928 1444 4004 Aristotele,
1507 3931 1606 4010 qui
1666 3931 1877 3993 eodem
1936 3932 2061 3993 fere
2118 3941 2387 4010 tempore
2433 3931 2754 3994 Platonem
2809 3930 3125 3992 audiverat
3188 3947 3305 4009 quo

583 4015 892 4078 Eudoxus·
985 4015 1146 4078 Ecce
1195 4026 1396 4080 autem
1437 4019 1669 4081 Eudoxi
1715 4019 1945 4099 placita
1990 4022 2169 4098 longo
2214 4027 2358 4098 post
2400 4028 2689 4097 tempore,
2730 4019 2863 4099 jam
2911 4018 3117 4081 adulto
3146 4016 3301 4096 Epi-

580 4122 742 4175 curn,
791 4104 1162 4166 Aristoteles
1211 4106 1449 4169 celeber
1493 4107 1888 4187 philosophus
1943 4108 2280 4188 usurpabat
2336 4107 2511 4186 inque
2559 4107 2745 4170 libros
2800 4125 2943 4168 suos
2989 4105 3063 4167 de
3114 4103 3303 4170 Coelo

584 4201 646 4251 et
691 4193 1120 4273 Metaphysica
1165 4193 1490 4256 referebat.
1581 4196 1878 4276 Epicurus
1924 4215 2087 4274 vere,
2136 4196 2695 4279 Pythagoraeorum
2738 4195 3003 4270 ultimus,
3053 4193 3195 4274 quid
3240 4193 3300 4253 in

583 4282 954 4343 astronomia
999 4281 1330 4360 scripserit,
1381 4283 1478 4362 qui
1523 4284 1806 4346 mundum
1854 4305 1929 4348 ex
1975 4285 2193 4347 atomis
2231 4283 2690 4347 constituebat?
2780 4285 2995 4364 Itaque
3044 4291 3108 4344 et
3154 4283 3305 4343 haec

585 4369 853 4431 narratio
903 4370 1181 4450 vanescit
1225 4371 1420 4432 instar
1465 4372 1630 4436 fumi.
1673 4405 1754 4416 -·
1824 4371 1949 4434 Sed
1995 4373 2456 4452 Hipparchus
2506 4375 2660 4435 forte
2706 4392 2815 4452 pro
2864 4371 3105 4453 Calippi
3154 4389 3303 4432 con-

581 4457 862 4521 centricis
909 4457 1280 4520 eccentricos
1328 4461 1657 4524 resumsit?
1748 4461 1845 4523 De
1898 4459 2138 4541 Calippi
2186 4461 2579 4526 concentricis
2644 4461 2913 4523 fabulam
2960 4479 3144 4541 supra
3189 4478 3301 4521 ex·
3363 4533 3373 4539 ἱ

579 4545 799 4623 pedivi.
895 4546 1226 4627 Hipparchi
1257 4567 1400 4609 vero
1450 4567 1738 4629 quosnam
1777 4551 2148 4612 eccentricos
2198 4551 2651 4630 (praeterquam
2696 4548 2755 4610 in
2786 4547 3303 4610 demonstratione

581 4635 836 4712 apogaei
883 4637 1054 4697 unius
1085 4634 1268 4712 Solis,
1321 4637 1850 4700 demonstrationis
1899 4638 2197 4703 facilitate
2244 4640 2489 4701 schema
2530 4637 2930 4702 eccentricum
2978 4636 3303 4710 suadente)

575 4721 964 4786 Ptolemaeus
1011 4724 1240 4794 innuat,
1290 4725 1565 4788 nesciunt
1611 4726 1744 4805 ejus
1791 4728 2084 4802 lectores;
2134 4736 2197 4789 et
2236 4725 2617 4790 Cardanus
2664 4726 2769 4801 (de
2798 4723 3028 4788 Rerum
3072 4724 3301 4787 Varie·-

575 4818 706 4872 tate
736 4811 817 4872 II.
857 4811 966 4887 11)
1015 4813 1194 4877 fidem
1229 4813 1408 4893 hujus
1457 4814 1816 4877 assertionis
1866 4816 1943 4877 ad
1974 4823 2284 4879 auctorem
2312 4818 2781 4878 Fracastoreum
2820 4815 3097 4877 remittit.
3170 4812 3303 4874 Hoc

573 4899 778 4981 potius
827 4901 986 4983 apud
1032 4901 1192 4964 Ptol.
1241 4903 1489 4984 Almag.
1539 4903 1642 4968 lib.
1690 4903 1804 4966 IX.
1856 4923 1989 4984 cap.
2042 4903 2105 4967 2.
2154 4903 2497 4979 inveniunt,
2544 4903 2955 4986 Hipparchum
3001 4901 3305 4968 erroribus
