3634 5575
685 349 812 419 180
1701 339 1927 404 Mysten-li
1965 336 2363 404 Cosmographicl

681 527 919 574 sensum
967 513 1183 568 neutra
1228 499 1501 584 operatio
1549 505 1835 561 assecuta
1880 503 2000 560 est.
2030 495 2081 571 ³)
2172 494 2351 566 Quod
2399 493 2672 574 quamvis
2719 493 2893 555 initio
2938 491 3152 555 statim
3196 489 3407 570 suspi-

679 596 807 662 cari
849 595 1039 678 potui,
1088 591 1251 654 nolui
1297 600 1504 653 tamen
1549 587 1841 650 lectorem
1884 586 2001 648 hac
2046 585 2366 648 occasione
2410 591 2476 644 et
2520 581 2707 644 veluti
2756 581 3001 643 stimulo
3044 581 3218 660 plura
3262 587 3409 640 ten-

679 686 850 750 tandi
906 701 1132 746 carere.
1225 678 1387 750 Quid
1444 677 1496 740 si
1551 695 1808 756 namque
1858 674 2181 756 aliquando
2232 673 2391 734 diem
2437 672 2605 732 illum
2653 669 3001 745 videamus,
3059 686 3174 750 quo
3224 667 3409 730 ambo

681 777 829 840 haec
874 773 1126 836 iuventa
1171 767 1493 830 conciliata
1547 773 1723 826 erunt
1748 763 1857 838 *Π
1948 761 2107 833 Quid
2168 761 2220 823 si
2274 761 2413 822 hinc
2470 758 2628 820 ratio
2690 757 3208 820 eccentricitatum
3270 754 3407 817 elici

679 865 878 947 possit
904 857 1013 936 ¹²)?
1101 859 1263 923 Nam
1310 875 1424 935 quo
1468 851 1839 934 pertinacius
1894 852 2186 914 retineam
2249 849 2433 911 etiam
2478 848 2593 909 hoc
2640 847 2714 907 de
2760 847 3021 909 motibus
3070 847 3407 916 theorema,

677 953 829 1016 illud
876 951 1032 1014 inter
1077 955 1281 1010 cetera
1325 945 1382 1006 in
1433 962 1619 1005 causa
1663 950 1796 1016 est,
1857 940 2012 1020 quod
2068 939 2243 1002 unius
2300 935 2593 999 motoriae
2641 935 2972 997 dis-tantiae
3020 935 3098 996 ad
3146 935 3411 995 alteram

681 1039 987 1122 proportio
1034 1051 1334 1115 nunquam
1381 1040 1596 1092 a-toto
1646 1029 1786 1092 orbe
1829 1026 2243 1110 Copernicano
2291 1027 2554 1099 aberrat,
2607 1025 2715 1085 sed
2762 1043 3001 1104 semper
3048 1025 3124 1085 ad
3172 1020 3409 1102 aliquid

683 1129 936 1209 digitum
991 1123 1289 1197 intendit,
1358 1120 1514 1201 quod
1567 1117 1836 1199 pertinet
1888 1115 1970 1178 ad
2027 1117 2256 1179 orbium
2310 1113 2787 1195 spissitudinem.
2878 1111 3110 1192 Estque
3157 1111 3216 1173 in
3266 1109 3407 1182 hoc,

683 1217 840 1300 quod
889 1211 1093 1278 mirari
1139 1209 1372 1289 possis,
1423 1207 1628 1287 aliqua
1673 1206 1857 1268 etiam
1904 1205 2265 1284 aequalitas.
2361 1202 2561 1274 Quam
2606 1210 2675 1264 ut
2718 1202 2959 1270 videas,
3008 1201 3245 1279 explico
3296 1197 3416 1260 tibi

682 1303 952 1367 ordinem
999 1297 1434 1362 distantiarum,
1471 1295 1857 1356 motoriarnm
1902 1294 1961 1354 in
2010 1293 2303 1372 partibus,
2354 1309 2602 1373 quarum
2628 1290 2829 1352 media
2856 1289 3113 1352 Telluris
3148 1287 3415 1350 remotio

682 1401 779 1457 est
830 1387 1030 1463 1000,
1078 1397 1143 1450 et
1187 1404 1422 1467 appono
1471 1383 1800 1446 distantias
1850 1380 2338 1462 Copernicauas:

974 1569 980 1576 -
1323 1524 1640 1606 Copernici
1669 1523 1714 1600 ¹)
1763 1523 2063 1587 Motoriae

1107 1623 1356 1688 Summa
1490 1619 1661 1687 9987

1103 1713 1314 1866 {225⁸
1396 1707 1438 1790 Β
1485 1706 1662 1862 332?
1778 1703 1951 1773 ⁹¹⁶3
2230 1775 2299 1828 ut
2441 1762 2607 1828 1000
2786 1763 2862 1826 ad
2953 1759 3081 1825 577

2512 1934 3073 2022 ,m

1101 2003 1310 2154 {3:152
1380 2001 1442 2076 Q
1483 1998 1658 2154 ἓξὲξ
1687 2109 1726 2151 a
1775 1995 1941 2150 536}
2232 2065 2297 2119 ut
2435 2053 2604 2119 1000
2783 2054 2862 2116 ad
2952 2049 3081 2116 333

1103 2206 1354 2270 Summa
1491 2201 1717 2270 1543b
2230 2144 2318 2208 sic
2356 2165 2395 2208 a
2426 2141 2601 2208 5000
2672 2231 2687 2246 Ο
2781 2142 2859 2204 ad
2918 2137 3081 2205 1666

1099 2295 1311 2360 Media
1381 2303 1434 2365 d
1485 2291 1654 2358 1520
1780 2287 1950 2356 1440
2516 2250 2821 2312 proxunus
2920 2225 3086 2366 1648
3132 2229 3171 2290 b

1099 2386 1232 2448 lma
1487 2377 1710 2445 13930
2224 2355 2293 2410 ut
2433 2343 2605 2410 1000
2782 2346 2859 2406 ad
2960 2340 3079 2408 195

674 2499 921 2564 samma
993 2501 1044 2576 ὃ
1101 2495 1270 2563 ¹042
1375 2499 1426 2573 ὅ
1481 2493 1652 2560 1102
1673 2497 1730 2558 (τ
2227 2437 2315 2500 ’ῑο
2354 2455 2389 2498 ⁰
2432 2431 2862 2604 ffifflximugd
2913 2429 3081 2583 ἓξὲξ
3128 2518 3168 2579 d

671 2591 759 2654 M.
783 2589 1072 2670 simplicis
1099 2584 1270 2650 1000
1309 2605 1444 2650 cum
1485 2582 1654 2649 1000
1782 2581 1949 2649 ¹000

667 2679 804 2742 Ima
1131 2671 1320 2740 959e
1373 2675 1426 2748 3>
1517 2671 1656 2741 ,898
2224 2647 2293 2743 ut
2434 2636 2603 2703 1000
2780 2639 2861 2700 ad
2950 2631 3077 2738 705

1097 2790 1348 2854 summ
1528 2786 1649 2853 741
1678 2791 1717 2853 ¹¹
2228 2747 2314 2793 ⁸²⁰
2354 2749 2387 2792 e
2471 2725 2858 2898 θὲιὶιῑιηιιῖἀ
2946 2721 3079 2879 {3}
3122 2813 3153 2874 f

971 2908 980 2922 ⁶
1095 2880 1306 3031 ξιξέἰὸ
1375 2882 1428 2955 ὅ
1522 2874 1654 3031 ,(75οΞ
1711 2900 1721 2913 ⁸
1789 2872 2001 2964 ’τως
2224 2940 2293 2994 ut
2433 2930 2601 2997 1000
2768 2931 2861 3003 ,ad
2952 2926 3077 2993 577

1097 3081 1348 3145 Summa
1521 3078 1650 3146 489
2225 3021 2314 3084 ⁸i⁰
2470 3020 2588 3087 74¹
2661 3110 2676 3124 .
2776 3021 2857 3083 δᾶ
2947 3012 3075 3079 ⁴29
3123 3032 3163 3095 3
3222 3098 3283 3143 η

1094 3172 1303 3235 Media
1391 3174 1435 3253 Q
1526 3165 1655 3234 360
1817 3165 1947 3234 429
1972 3188 2011 3251 g
2507 3128 2814 3191 proximus
2950 3104 3074 3171 ⁷4¹
3124 3105 3167 3166 h
3282 3106 3319 3177 )

1097 3262 1230 3323 Ima
1528 3256 1652 3322 231

845 3418 1210 3498 Aequalitas
1263 3418 1426 3481 -haec
1491 3426 1624 3493 est,
1693 3420 1852 3500 quod
1914 3418 1975 3480 in
2034 3420 2283 3482 remotis
2345 3439 2384 3481 a
2429 3420 2619 3482 Terra
2665 3418 2742 3482 ad
2788 3418 3019 3482 medias
3067 3414 3411 3479 distantias

669 3504 940 3587 proxime
987 3507 1335 3570 acceditur:
1397 3508 1457 3569 in
1519 3506 1736 3569 vicinis
1781 3506 1986 3570 Marte
2034 3517 2097 3570 et
2144 3506 2383 3571 Venere
2442 3510 2701 3572 motoria
2756 3507 3053 3572 distantia
3114 3504 3409 3583 utrinque

671 3593 920 3656 vicinior
966 3604 1066 3657 est
1111 3596 1370 3671 Terrae,
1418 3615 1596 3679 quam
1644 3593 2066 3676 Copernicana
2108 3598 2324 3661 media.

849 3682 1044 3747 Vides
1091 3686 1277 3749 etiam
1323 3705 1638 3767 nusquam,
1690 3704 1800 3746 nec
1848 3684 2086 3747 excludi
2124 3684 2254 3748 loco
2284 3706 2392 3749 suo
2422 3704 2655 3768 corpus,
2705 3702 2895 3766 neque
2942 3682 3209 3747 ordinem
3256 3688 3406 3743 tur-

668 3769 827 3845 bari,
887 3774 995 3834 sed
1051 3774 1130 3835 ad
1194 3774 1503 3835 minimum
1557 3774 1785 3835 hiatum
1847 3782 2083 3836 tantum
2130 3774 2288 3837 inter
2331 3776 2562 3837 medias
2611 3774 2936 3836 distantias
2982 3780 3232 3853 patere,
3292 3768 3409 3851 qui

667 3878 884 3939 corpus
932 3861 1205 3941 recipiat.
1291 3862 1376 3925 Ut
1403 3862 1455 3923 si
1498 3863 1630 3943 quis
1662 3862 1918 3923 maxime
1966 3864 2255 3925 motorias
2302 3864 2485 3925 hasce
2532 3881 2639 3944 pro
2688 3862 2913 3942 optime
2960 3860 3407 3923 demonstratis

668 3956 986 4027 acceptare
1035 3952 1184 4011 velit
1231 3949 1376 4031 (quo
1425 3951 1500 4013 de
1547 3950 1859 4013 dubitatur
1895 3955 2151 4027 tamen),
2200 3952 2253 4013 is
2299 3953 2541 4015 modum
2586 3950 2867 4015 fortassis
2913 3946 3403 4029 interpositionis

666 4054 976 4117 corporum
1043 4038 1257 4114 tollat,
1324 4039 1841 4119 interpositionem
1908 4042 2102 4119 ipsam
2157 4060 2271 4101 non
2334 4042 2532 4105 tollat.
2564 4039 2622 4115 ¹‘)
2714 4041 2867 4102 Fere
2915 4039 3071 4102 enim
3116 4036 3403 4099 indicant

665 4124 994 4200 motoriae,
1052 4126 1225 4207 quasi
1281 4127 1396 4190 duo
1445 4126 1751 4190 exteriora
1797 4126 2019 4191 similia
2064 4128 2345 4191 similiter
2388 4130 2545 4193 inter
2600 4128 2831 4191 medias
2886 4126 3206 4201 intersint,
3268 4125 3397 4186 duo

662 4212 950 4276 interiora
996 4214 1217 4277 similia
1275 4216 1434 4279 inter
1488 4215 1750 4279 mediam
1807 4226 1871 4279 et
1934 4224 2303 4294 extremam,
2372 4236 2583 4298 nempe
2650 4218 3070 4280 dodeeaedron
3126 4214 3203 4275 ab
3264 4214 3399 4277 ima

662 4302 884 4364 Martis
933 4304 1011 4365 ad
1058 4304 1318 4367 mediam
1357 4304 1599 4380 Terrae,
1649 4306 2005 4369 icosaedron
2054 4327 2092 4369 a
2136 4307 2335 4369 media
2378 4308 2602 4369 Terrae
2650 4306 2728 4367 ad
2774 4324 3073 4367 summam
3100 4302 3391 4365 Veneris.

663 4389 1038 4455 Tetraedron
1085 4410 1229 4456 vero
1276 4392 1458 4456 etiam
1505 4393 1631 4457 suis
1679 4394 1913 4457 fruatur
1956 4390 2315 4476 privilegiis,
2382 4402 2565 4477 atque
2610 4395 2769 4457 inter
2816 4403 3131 4475 utramque
3178 4400 3393 4455 extre-

664 4498 824 4541 mam
869 4480 1130 4544 intersit.
1161 4479 1208 4557 ¹)
1290 4482 1516 4546 Verum
1563 4482 1713 4545 haec
1760 4484 1964 4545 omnia
2009 4502 2118 4546 suo
2158 4483 2289 4546 loco
2327 4490 2705 4560 censeantur,
2756 4502 2969 4565 nempe
3016 4500 3093 4545 ex
3136 4480 3389 4545 incertis

661 4574 975 4632 exstructa
1019 4570 1281 4633 numeris
1329 4572 1754 4648 motoriarum,
1822 4590 1934 4633 nec
1980 4570 2039 4633 in
2088 4571 2271 4635 aliurn
2326 4574 2539 4649 finem,
2608 4592 2787 4655 quam
2844 4583 2912 4637 ut
2958 4572 3391 4635 extimulentur

661 4654 765 4719 alii
813 4657 889 4720 ad
936 4658 1445 4737 conciliationem,
1495 4658 1573 4723 ad
1621 4678 1798 4743 quam
1846 4660 2005 4723 viam
2050 4661 2301 4744 praeivi.
2736 4666 2739 4671 '
