3634 5575
508 329 665 414 'sss
998 369 1002 378 ·
1554 345 1783 411 Μπωτιῡ
1818 345 2225 412 commum-si

532 504 603 604 5.)
634 516 895 604 ‘centrum
930 509 1093 580 plani
1132 505 1375 570 cubici‘n,
1388 515 1659 580 eruntque
1702 507 1902 564 talium
1933 467 2208 566 'linearum
2247 527 2370 576 sex,
2417 516 2480 564 et
2523 509 2664 594 sims
2709 511 2950 584 undique
2995 511 3105 568 sibi
3143 513 3256 583 ipsi

530 591 737 736 smmis).
780 669 922 732 Quia
946 668 1003 724 in
1031 670 1315 740 pyramide
1344 685 1445 739 per
1471 669 1617 723 hunc
1643 667 1902 722 vitiosum
1929 668 2093 722 situm
2122 645 2458 738 impedimur,
2495 678 2566 724 ut
2588 672 2768 726 media
2793 673 2980 728 laten
3005 691 3254 745 nequea-

530 767 651 806 Νη.
685 767 949 898 ἔῖῃῖῗιῖὲ
978 845 1113 884 sane
1142 828 1313 882 etiam
1350 828 1405 881 in
1444 828 1731 898 pyramide
1776 827 2124 882 invenientur
2161 835 2401 899 quatuor
2435 831 2618 885 media
2653 832 2870 900 latera3
2921 839 3053 888 mne
3079 834 3258 890 etiam

528 911 669 966 situs
694 911 999 982 figurarum
1027 911 1081 964 in
1111 924 1171 962 se
1199 914 1389 964 mutuo
1416 907 1679 976 respiciet
1704 908 1864 980 leges
1893 907 2307 978 inscriptionum
2331 911 2812 982 geometr-icarum.

686 987 732 1056 1)
781 991 904 1046 Non
942 997 1178 1059 possunt
1216 988 1438 1058 inquam
1476 1004 1783 1059 congruere
1823 987 2011 1041 latera
2035 988 2196 1042 unius
2226 989 2409 1044 omnia
2437 992 2708 1046 lateribus
2737 992 2989 1056 alterius,
3029 993 3254 1052 minime

528 1070 761 1126 omnium
790 1069 1109 1142 pyramidis.
1194 1067 1420 1123 Scilicet
1462 1067 1583 1122 ideo
1612 1085 1856 1140 congrue
1904 1069 2034 1138 poni
2077 1085 2186 1122 non
2227 1077 2477 1139 possunt,
2525 1071 2656 1142 quia
2701 1072 2914 1128 initium
2960 1072 3254 1143 positionis

524 1168 635 1205 non
662 1151 871 1206 factum
894 1156 987 1204 est
1011 1149 1293 1220 regulare.

680 1243 763 1315 m)
808 1247 915 1302 Hic
956 1247 1207 1318 equidem
1252 1246 1535 1317 legitimus
1582 1251 1811 1304 duorum
1851 1250 2046 1304 horum
2087 1263 2376 1319 corporum
2417 1251 2557 1305 situs
2585 1257 2676 1304 cst
2716 1252 2787 1304 ad
2825 1267 2886 1305 se
2921 1258 3139 1306 mutuo:
3185 1259 3257 1306 at

524 1330 771 1384 octaedri
798 1327 956 1391 situs,
986 1325 1079 1398 qui
1106 1327 1187 1380 sic
1215 1327 1556 1391 adsciscitur,
1586 1329 1912 1402 illegitimus
1941 1337 2048 1386 est.

680 1421 739 1490 n)
792 1424 1022 1480 Omnino
1052 1426 1230 1478 multa
1256 1431 1491 1488 restant,
1526 1441 1633 1497 quo
1660 1425 1840 1481 minus
1871 1427 1978 1480 hoc
2005 1427 2188 1480 dicere
2217 1425 2506 1496 possimus.
2589 1427 2734 1481 Nam
2761 1425 2916 1489 situs,
2966 1426 3060 1498 qui
3085 1427 3252 1497 polos

517 1503 611 1560 hic
638 1504 847 1576 signat,
885 1503 1213 1577 illegitimus
1243 1512 1347 1558 est.
1432 1506 1719 1567 Quatenus
1748 1522 1880 1560 vero
1919 1505 1976 1560 in
2007 1508 2235 1570 duobus,
2285 1507 2628 1561 dodecaedro
2657 1513 2717 1562 et
2751 1507 3057 1570 icosaedro,
3104 1507 3250 1562 situs

520 1593 610 1640 est
634 1583 935 1655 legitimus,
968 1584 1197 1639 totidem
1224 1591 1459 1654 possunt
1484 1601 1609 1640 esse
1626 1585 1759 1655 poli,
1806 1593 1942 1656 quot
1970 1587 2164 1658 ang-uli
2197 1588 2381 1660 huJus,
2427 1589 2605 1658 plana
2629 1587 2796 1651 illins,
2836 1587 3120 1642 duodecim
3149 1603 3248 1651 sc„

520 1681 693 1737 quare
731 1680 907 1718 zonae
952 1664 1312 1719 intermediae
1352 1681 1472 1719 sex.
1555 1667 1737 1720 Erunt
1772 1667 1948 1738 igitur
1975 1667 2169 1722 incerti
2196 1669 2482 1736 planetae,
2526 1683 2782 1738 quorsum
2821 1675 2969 1722 eant.
3055 1668 3116 1721 ln
3143 1681 3252 1738 ge-

475 1753 501 1782 ·
520 1761 652 1800 nere
682 1744 876 1799 obstat
900 1746 1022 1807 hoc,
1054 1744 1196 1815 quod
1222 1745 1439 1817 figurae
1468 1745 1612 1800 istae
1641 1746 1783 1800 reali
1814 1745 1925 1800 situ
1953 1747 2196 1816 partium
2225 1750 2296 1802 ad
2325 1764 2385 1800 se
2413 1753 2602 1802 mutuo
2644 1763 2752 1801 non
2780 1754 2912 1802 sunt
2938 1763 3250 1817 expressae

520 1826 577 1880 in
613 1826 828 1887 mundo,
878 1826 972 1878 sed
1016 1825 1194 1878 solum
1228 1825 1513 1894 proportio
1554 1825 1767 1880 orbium
1808 1827 2127 1898 figuralium
2170 1845 2243 1882 ex
2271 1828 2338 1881 iis
2381 1829 2636 1882 desumta
2677 1827 2732 1880 in
2770 1829 2932 1882 orbes
2971 1827 3250 1881 coelestes

519 1904 628 1960 fuit
653 1905 937 1959 translata
954 1919 1319 1975 numerusque
1341 1905 1553 1960 orbium
1592 1923 1627 1961 a
1660 1907 1855 1977 figuris
1887 1906 2238 1962 constitutus.
2321 1908 2548 1963 Rectius
2577 1907 2752 1978 igitur
2793 1903 2937 1962 hanc
2965 1907 3249 1979 quaestio·

520 2001 671 2039 nem:
716 2001 836 2038 cur
880 1986 1059 2038 hanc
1095 1985 1353 2054 potius,
1396 2001 1599 2056 quam
1640 1987 1854 2042 aliam
1879 1987 2060 2042 via-m
2088 1995 2392 2043 currant
2430 1989 2593 2059 plan
2613 1995 2803 2052 etae,
2847 1993 2914 2042 ut
2951 1989 3250 2042 absurdam

518 2065 857 2134 repellimus.
942 2065 1083 2119 Nam
1112 2081 1233 2118 cnm
1270 2071 1422 2119 esset
1449 2067 1504 2120 in
1530 2065 1840 2120 intentione
1867 2067 1974 2121 Dei
2011 2067 2264 2132 circulus,
2309 2069 2548 2123 motibus
2589 2069 2943 2138 planetarum
2985 2083 3246 2122 necessa-

516 2145 648 2208 rius,
692 2143 776 2198 illi
803 2146 956 2199 Deus
1002 2161 1106 2214 per
1132 2144 1493 2200 intentionem
1532 2145 1836 2201 constituto
1875 2147 2166 2202 materiale
2204 2155 2264 2203 et
2309 2148 2599 2203 stellatum
2641 2147 2990 2216 sphaericum
3017 2147 3246 2202 circum-

510 2223 671 2295 jecit.
756 2224 873 2278 Nec
908 2224 1181 2279 dubitatio
1222 2224 1413 2295 aliqua
1438 2226 1619 2280 Deum
1660 2228 1732 2280 ab
1772 2243 1941 2296 opere
1987 2227 2234 2291 retinuit,
2284 2243 2390 2299 quo
2417 2228 2593 2283 minus
2640 2228 2854 2282 initium
2891 2225 3013 2296 ejus
3057 2227 3246 2281 faeere

517 2311 725 2374 posset,
766 2303 924 2374 quasi
952 2305 1071 2358 sine
1098 2304 1342 2367 ratione;
1386 2322 1515 2360 nam
1542 2313 1673 2361 tunc
1700 2323 1899 2376 corpus
1927 2308 2140 2362 nullum
2175 2308 2616 2377 praeexistebat,
2667 2307 2824 2376 cujus
2867 2308 2965 2361 ille
3003 2307 3247 2377 partium

516 2389 776 2453 respectu
821 2383 1119 2438 dubitaret.
1204 2383 1457 2455 Spatium
1504 2401 1635 2441 vero
1681 2385 1801 2441 sine
1848 2403 2076 2457 corpore
2117 2402 2261 2458 pura
2287 2395 2377 2442 est
2419 2389 2677 2458 negatio:
2727 2384 2976 2458 satisque
3007 2387 3246 2442 rationis

516 2471 607 2518 est
632 2465 702 2518 ad
731 2463 1042 2518 faciendum
1068 2463 1282 2519 initium
1328 2465 1384 2518 in
1410 2464 1623 2521 infinito
1670 2466 1859 2530 nihilo,
1906 2468 1998 2520 vel
2045 2469 2297 2539 cogitare
2347 2469 2546 2523 leviter
2589 2470 2656 2522 de
2686 2467 2900 2539 aliquo:
2949 2469 3068 2522 tale
3096 2469 3244 2524 enim

516 2545 823 2615 cogitatum
861 2544 981 2613 jam
1029 2545 1218 2599 statim
1266 2545 1489 2599 infinitis
1534 2547 1706 2602 modis
1736 2552 1825 2601 est
1864 2547 2262 2616 praestantius,
2311 2548 2524 2620 reliquo
2565 2547 2777 2602 infinito
2805 2563 2914 2602 non
2945 2555 3090 2612 actu,
3139 2565 3246 2602 nec

514 2624 797 2687 existenti,
828 2642 931 2678 nec
958 2624 1242 2696 cogitato,
1282 2632 1343 2680 et
1368 2624 1447 2679 sic
1475 2626 1626 2696 prius
1656 2627 1755 2682 illo
1796 2635 1858 2683 et
1883 2625 2039 2682 initio
2068 2635 2278 2698 aptum.
2363 2629 2556 2700 Neque
2575 2645 2708 2682 vero
2737 2628 2944 2697 primus
2963 2645 3073 2700 ego
3101 2645 3240 2692 sum,

517 2705 611 2775 qui
654 2722 741 2760 me
784 2705 963 2774 ipsum
1002 2705 1111 2759 hac
1155 2705 1337 2759 inutili
1366 2707 1694 2776 quaestione
1730 2706 2002 2778 fatigavi:
2053 2725 2167 2762 cur
2215 2707 2509 2763 seilicet
2554 2708 2684 2763 hac
2727 2710 3102 2790 traductus
3149 2708 3248 2764 sit

516 2783 883 2849 zodiacus,
934 2802 1077 2841 cum
1121 2785 1439 2855 potuerit
1467 2785 1663 2864 -aIia,
1722 2787 1902 2845 locis
1946 2787 2319 2844 infinitis?
2399 2787 2655 2845 Invenias
2701 2787 2932 2845 similem
2973 2787 3138 2859 huius
3185 2789 3242 2842 in

515 2864 777 2921 Ariston:
810 2882 926 2919 cur
953 2864 1127 2919 hanc
1153 2866 1387 2935 potius
1416 2866 1482 2921 in
1512 2868 1795 2940 plag-am
1833 2876 2002 2923 eant
2037 2869 2408 2939 planetae,
2453 2886 2653 2940 quam
2691 2868 2758 2923 in
2785 2868 2939 2937 ejus
2969 2878 3240 2923 contra.-

513 2945 717 3001 riam?
798 2946 941 2999 Nam
970 2962 1038 2999 ne
1066 2944 1157 2999 hic
1184 2946 1399 3016 quidem
1424 2947 1570 3001 ratio
1600 2955 1690 3003 est
1715 2949 1837 3003 ulla
1864 2948 2023 3003 unius
2069 2966 2206 3018 prae
2234 2950 2432 3014 altero,
2483 2967 2604 3003 cum
2642 2949 2812 3003 omnis
2842 2948 3009 3011 linea,
3058 2947 3242 3021 long-i·

516 3024 719 3080 tudinis
750 3024 1077 3089 conditione,
1121 3026 1256 3079 duas
1287 3026 1541 3083 obtineat
1566 3027 1788 3101 plagas,
1821 3045 1964 3100 quae
1994 3036 2125 3083 sunt
2152 3029 2207 3083 in
2225 3037 2381 3084 recta
2421 3046 2612 3083 versus
2643 3030 2776 3083 duos
2806 3028 2929 3099 ejus
2960 3030 3240 3084 terminos.

515 3106 751 3159 Fatetur
795 3104 1011 3175 quidem
1058 3104 1133 3158 ibi
1162 3104 1495 3161 Aristoteles
1544 3107 1599 3161 in
1635 3126 1862 3179 genere,
1912 3126 2018 3163 non
2049 3109 2282 3164 omnium
2325 3110 2571 3164 rationes
2620 3112 2810 3163 eodem
2847 3110 3004 3163 modo
3047 3108 3242 3181 quaeri

514 3201 708 3257 posse:
760 3184 1008 3238 adoritur
1053 3192 1239 3239 tamen
1287 3186 1667 3257 quaestionem
1712 3189 1886 3243 hane:
1935 3195 2192 3243 naturam
2223 3190 2308 3244 ait
2349 3190 2494 3245 inter
2531 3188 2824 3260 possibilia
2851 3206 3070 3260 semper
3097 3192 3240 3261 quod

516 3264 781 3335 optimum
816 3263 1059 3334 eligere:
1107 3265 1302 3321 melius
1339 3282 1472 3320 vero
1511 3284 1651 3332 esse,
1700 3275 1766 3321 ut
1806 3268 2058 3324 ferantur
2101 3268 2284 3323 sidera
2327 3270 2384 3323 in
2429 3270 2660 3341 plag-am
2705 3268 3034 3341 digniorem;
3084 3270 3242 3340 atqui

514 3344 819 3413 digniorem
847 3362 971 3399 esse
998 3344 1229 3417 plagam
1257 3363 1523 3416 prorsum,
1570 3364 1733 3419 quam
1758 3356 2079 3403 retrorsum.
2152 3348 2422 3405 Ridicule.
2497 3350 2640 3403 Nam
2677 3349 2829 3420 prius
2869 3366 3031 3421 qnam
3058 3358 3242 3405 motus

513 3431 680 3487 esset,
710 3430 913 3478 neutra
942 3426 1135 3497 plag-a,
1180 3444 1358 3496 neque
1385 3444 1653 3496 prorsum,
1702 3446 1882 3499 neque
1929 3436 2228 3484 retrorsum
2276 3430 2591 3493 dicebatur;
2637 3429 2964 3501 principium
3007 3430 3238 3499 petitur.

512 3507 832 3573 Argutatur
858 3504 1073 3575 quidem
1112 3523 1147 3560 a
1175 3506 1525 3561 similitudine
1554 3507 1737 3563 mundi
1766 3526 1890 3563 cum
1931 3507 2279 3571 animalibus,
2319 3510 2586 3565 animalia
2613 3527 2734 3565 cum
2774 3509 2964 3580 plag-is
2991 3510 3106 3564 suis
3135 3528 3242 3567 sex

510 3584 689 3637 ideam
717 3584 901 3639 mundi
928 3592 1201 3639 statuens.
1284 3586 1455 3657 Atqui
1484 3604 1699 3643 rursum
1727 3589 2054 3659 principium
2081 3588 2309 3659 petitur.
2391 3590 2598 3644 Demus
2643 3590 2788 3645 enim
2833 3587 3088 3643 mundum
3115 3600 3276 3645 esse·

513 3664 721 3719 factum
764 3666 835 3718 ad
872 3665 1281 3721 similitudinem
1322 3666 1602 3729 animalia
1652 3668 1801 3723 dicat
1845 3668 2020 3741 igitur
2054 3668 2208 3739 prius
2243 3672 2313 3723 de
2343 3669 2463 3740 ipso
2494 3669 2736 3733 animali,
2781 3687 2878 3723 cur
2923 3670 3028 3724 hoc
3051 3670 3138 3723 illi
3163 3670 3243 3725 sit

509 3760 775 3813 prorsum,
807 3744 944 3799 illud
972 3752 1307 3807 retrorsum:
1353 3754 1413 3799 et
1440 3764 1548 3801 non
1566 3746 1837 3809 vicissim3
1881 3749 1986 3803 hoc
2014 3756 2117 3813 est,
2160 3768 2256 3804 cur
2283 3750 2426 3803 oculi
2457 3765 2727 3819 auresque
2767 3744 2826 3802 et
2854 3766 3016 3803 nares
3046 3756 3106 3803 et
3133 3750 3236 3803 lin-

506 3838 627 3895 gua
666 3832 726 3879 et
752 3842 812 3878 os
860 3841 1051 3879 versus
1082 3824 1379 3895 imaginem
1419 3827 1474 3879 in
1502 3828 1728 3896 speculo
1758 3828 2086 3901 dirigantur,
2127 3829 2492 3894 brachiorum,
2538 3845 2794 3885 manuum
2833 3829 3237 3901 digitorumque

506 3902 730 3957 articuli
775 3905 1024 3959 illorsum
1067 3904 1377 3969 flectantur,
1426 3908 1627 3975 pedum
1671 3908 1896 3978 palmae
1943 3910 2192 3965 illorsum
2239 3911 2631 3973 extendantur,
2684 3914 2743 3962 et
2781 3927 2889 3963 non
2920 3909 3120 3979 potius,
3171 3918 3237 3964 ut

504 3983 761 4055 imaginis
788 3985 845 4040 in
872 3986 1101 4054 speculo
1128 3985 1375 4040 membra
1402 3988 1611 4050 eadem,
1659 3994 2006 4043 retroversus
2034 3990 2335 4044 hominem:
2386 3988 2572 4060 potuit
2600 3988 2742 4043 enim
2781 3986 2950 4043 etiam
2977 3986 3056 4043 sic
3082 3990 3231 4044 fieri:

502 4063 609 4117 hoc
654 4071 759 4128 est,
807 4064 995 4136 potuit
1022 4082 1131 4129 cor,
1162 4068 1303 4137 quod
1334 4082 1478 4121 nunc
1505 4072 1595 4121 est
1639 4068 1694 4121 in
1724 4069 1969 4134 sinistra,
2021 4070 2286 4124 collocari
2327 4069 2382 4123 in
2411 4071 2558 4132 sede,
2611 4085 2776 4140 quam
2803 4087 2948 4123 nunc
2973 4074 3236 4139 putamus

504 4147 777 4199 dextram.
859 4146 937 4198 Et
971 4150 1035 4199 ut
1062 4152 1279 4201 constet
1304 4146 1449 4202 ratio
1478 4148 1533 4201 in
1562 4149 1668 4202 hac
1695 4148 1822 4205 idea
1846 4148 2048 4213 mnndi,
2093 4150 2262 4219 quid?
2307 4166 2381 4203 an
2409 4166 2518 4203 non
2549 4165 2724 4219 aeque
2762 4150 2926 4203 facile
2955 4150 3240 4205 contraria

502 4223 687 4295 potuit
712 4224 834 4294 ejus
881 4224 959 4279 ad·
980 4225 1167 4280 latera
1210 4226 1393 4281 mundi
1437 4227 1557 4281 fieri
1604 4228 1946 4298 applicatio?
1989 4228 2116 4300 quid
2161 4229 2462 4300 impedivit,
2511 4247 2618 4301 quo
2648 4229 2823 4283 minus
2853 4229 3136 4285 sinistram
3165 4232 3236 4285 ad

503 4304 783 4360 meridiem
808 4307 1083 4367 tenderet,
1113 4307 1371 4361 dextram
1398 4310 1470 4361 ad
1498 4308 1954 4377 septentrionem.
1995 4311 2212 4380 quando
2239 4310 2446 4380 plagas
2475 4308 2658 4365 mundi
2687 4310 2888 4363 metari
2909 4310 3076 4379 jussa
3101 4318 3194 4365 est
3213 4316 3237 4365 2

504 4384 583 4439 sic
616 4384 763 4440 enim
804 4384 1003 4441 faciem
1040 4384 1303 4441 vertisset
1328 4385 1385 4439 in
1411 4387 1661 4458 plagam,
1712 4404 1856 4459 quae
1885 4388 2042 4444 nobis
2073 4406 2216 4444 nunc
2243 4406 2471 4443 occasus
2508 4388 2740 4452 dicitur;
2786 4390 2865 4442 sic
2901 4391 3238 4447 contrariam

502 4464 686 4518 sidera
713 4465 947 4535 plag-am
972 4482 1226 4535 prorsum
1253 4465 1596 4530 habuissent,
1646 4466 1701 4521 in
1740 4484 1904 4539 quam
1942 4468 2178 4524 motibus
2218 4468 2330 4523 suis
2380 4471 2691 4526 tenderent.
2777 4470 3004 4525 Rectius
3044 4471 3236 4543 itaque

503 4544 910 4613 supersedisset
946 4544 1283 4601 Aristoteles
1322 4545 1599 4601 solutione
1644 4547 1811 4617 hujus
1843 4547 2068 4618 ineptae
2098 4548 2464 4619 quaestionis,
2513 4566 2649 4603 suae
2681 4549 2850 4621 ipsius
2882 4550 3236 4607 admonitioni

504 4624 915 4693 obtemperans.
974 4622 1118 4679 Nam
1143 4626 1289 4681 inter
1317 4641 1417 4684 ea.
1446 4643 1589 4697 quae
1618 4627 1801 4682 omnia
1828 4646 1903 4682 ex
1936 4644 2113 4700 aequo
2143 4629 2467 4699 contingere
2497 4636 2743 4698 possent,
2792 4638 2998 4685 natura
3023 4632 3238 4687 nullam

500 4702 713 4759 invenit
738 4703 981 4759 melioris
1012 4710 1072 4759 et
1099 4704 1390 4760 deterioris
1420 4706 1764 4771 electionem,
1814 4708 1922 4762 hoc
1949 4708 2090 4762 enim
2119 4708 2354 4763 involvit
2391 4709 2895 4765 contradictionem.
2982 4710 3235 4773 Quinimo

502 4782 581 4835 sic
608 4790 1088 4853 argumentemur:
1136 4802 1255 4839 cum
1286 4802 1383 4843 ens
1414 4803 1523 4840 non
1552 4792 1681 4840 ente
1708 4793 1980 4857 praestet,
2023 4790 2258 4843 nondum
2285 4789 2460 4860 igitur
2487 4787 2768 4844 existente
2795 4782 3013 4855 mundo,
3063 4807 3233 4863 quae·

500 4878 715 4935 cunque
744 4861 867 4933 eJ'us
895 4864 1075 4937 plaga
1098 4880 1269 4935 prosa
1294 4871 1567 4935 concepta
1592 4864 1701 4920 fuit
1726 4866 1904 4933 initio,
1950 4866 2052 4943 illa
2085 4870 2327 4940 potiores
2373 4886 2516 4925 nuno
2545 4887 2620 4924 ex
2647 4886 2752 4925 sua
2777 4876 2941 4941 parte
2984 4871 3232 4926 rationes
