3634 5575
559 330 711 413 ‘ese
1280 376 1303 396 x
1680 319 1928 415 Avensa
1951 344 2210 413 mnis

578 507 808 571 habeat
871 508 948 568 ad
1012 505 1117 569 FT
1178 518 1412 589 partem
1471 506 1793 583 minorem,
1861 518 2038 589 quam
2111 509 2299 571 ha'bet
2355 508 2656 570 velocitas
2721 506 3040 570 eccentrici
3104 518 3185 569 ex
3243 506 3310 568 ‘E

575 614 687 676 per
724 595 783 667 Q
844 596 902 657 in
948 596 1021 658 'N
1081 597 1156 657 ad
1221 598 1604 659 velocitatem
1669 599 1888 659 stellae
1953 608 2030 658 ex
2084 598 2136 658 B
2187 604 2266 658 'et
2329 598 2735 671 demonstrat,
2813 596 3052 677 qnando
3117 596 3310 657 stella

576 686 635 747 in
683 686 739 746 ’Τ
790 694 1074 764 punctum
1120 688 1364 766 propius
1402 686 1625 749 Terrae
1666 688 1726 748 [Γ
1754 686 2006 760 incidit,
2076 693 2241 747 stare
2297 685 2505 746 videri.
2601 685 2805 764 Atque
2861 686 3013 745 haec
3070 702 3310 746 summa

578 781 677 835 est
720 782 785 835 et
828 774 1177 835 intentionis
1225 782 1289 836 et
1335 775 1558 837 laboris
1596 775 1900 855 &apollonii
1943 774 2150 849 illius3
2215 780 2456 853 praeter
2503 788 2652 852 quae
2699 772 2844 833 nihil
2890 774 3092 853 plane,
3144 774 3305 853 quod

578 862 637 923 in
702 863 1073 924 astronomia
1131 863 1471 943 scripserit,
1537 873 1789 944 usquam
1855 863 2135 944 comperi.
2225 861 2404 933 'Quae
2453 862 2598 941 'ejus
2663 862 3084 923 demonstrata
3147 879 3308 941 quo-

576 952 755 1031 modo
822 950 1192 1031 Copernicus
1268 953 1346 1013 ad
1414 972 1555 1013 suas
1611 952 2006 1014 transtulerit
2045 952 2456 1033 hypotheses,
2535 950 2593 1010 in
2659 950 2792 1029 ipso
2859 950 2994 1011 vide
3061 949 3307 1029 Ceper-

576 1040 729 1114 nico,
790 1040 939 1101 locis
996 1040 1073 1101 ab
1115 1040 1277 1101 Urso
1325 1041 1531 1103 citatis
1580 1040 1691 1114 (V.
1743 1038 1877 1113 35).
1979 1040 2144 1103 Nihil
2191 1041 2364 1101 enim
2413 1038 2574 1101 aliud
2638 1038 2790 1099 dixit
2845 1038 2918 1099 'de
2977 1038 3306 1118 Apollonio

578 1126 945 1207 Copernicus
1004 1146 1177 1208 quam
1232 1128 1645 1203 Ptolemaeus,
1715 1148 1789 1190 ex
1837 1148 1952 1209 quo
2017 1130 2118 1191 ille
2183 1130 2332 1190 haec
2397 1128 2456 1189 in
2523 1146 2695 1188 suum
2751 1146 2900 1206 opus
2963 1128 3306 1189 transtulit.

578 1214 871 1287 Quamvis
927 1234 1001 1277 ne
1046 1218 1196 1279 haec
1252 1217 1488 1297 quidem
1544 1236 1652 1297 pro
1710 1237 1845 1279 sese
1892 1217 2378 1297 ingeniosissima
2431 1216 2698 1277 inventio
2755 1216 3077 1277 admodum
3131 1216 3307 1278 utilis

578 1305 759 1367 fuerit
815 1305 1168 1381 artificibuS,
1234 1314 1555 1385 propterea
1620 1307 1775 1386 quod
1833 1306 2219 1385 Apolloniae,
2288 1314 2356 1366 ut
2403 1306 2634 1366 exitum
2700 1304 2758 1364 in
2826 1304 3305 1367 demonstrando

574 1394 883 1473 reperiret,
934 1394 1430 1474 inaequalitatem
1478 1396 1733 1457 alteram
1779 1396 1839 1457 in
1888 1396 2200 1457 stellarum
2247 1394 2534 1468 motibus,
2606 1412 2758 1473 quae
2807 1394 2882 1453 ad
2929 1400 3142 1471 partes
3189 1410 3305 1453 zo-

575 1482 733 1543 diaci
779 1482 1137 1556 restituitur,
1186 1483 1457 1544 exclusit.
1557 1484 1769 1563 Itaque
1818 1504 1892 1544 ea
1938 1483 2448 1544 demonstratione
2511 1482 2628 1543 nisi
2686 1482 2761 1542 ad
2809 1481 3079 1561 singulos
3119 1500 3304 1542 casus

574 1570 1030 1650 inaequalitatis
1098 1570 1349 1633 alterius
1405 1572 1646 1634 variata
1709 1571 1795 1633 uti
1853 1572 2238 1633 Ptolemaeus
2285 1580 2348 1633 et
2409 1568 2777 1649 Oopernicus
2841 1586 2957 1631 non
3020 1578 3300 1649 potuere.

575 1658 794 1720 Adhuc
844 1676 987 1737 ergo
1034 1659 1231 1721 nullas
1278 1660 1563 1723 habemus
1593 1660 1903 1739 Apollonii
1951 1660 2322 1742 hypotheses
2367 1659 2824 1731 astronomicas,
2871 1677 3024 1739 quae
3055 1658 3302 1738 quidem

574 1746 663 1808 sic
712 1745 827 1807 dici
882 1756 945 1807 et
1012 1746 1170 1807 inter
1216 1756 1451 1809 ceteras
1518 1750 1743 1809 formas
1790 1749 2092 1811 recenseri
2131 1756 2455 1810 merentur.
2549 1745 2722 1817 Quae
2773 1748 2931 1808 enim
2993 1746 3096 1809 ille
3146 1766 3299 1826 sup-

574 1834 746 1915 ponit
808 1834 869 1895 in
919 1835 1429 1898 demonstratione
1478 1856 1615 1909 sua,
1680 1857 1794 1899 non
1863 1838 1953 1898 ita
2017 1838 2329 1920 supponit,
2401 1844 2686 1915 tanquam
2745 1852 2959 1897 revera
3022 1836 3111 1897 ita
3157 1854 3298 1895 sese
3417 1920 3429 1927 ἡ

573 1922 796 1984 habere
846 1928 1084 1984 statuat
1130 1924 1316 2003 (quod
1364 1926 1563 1987 solent
1608 1925 1931 2000 artifices),
1983 1926 2091 1987 sed
2137 1926 2244 2000 ita,
2295 1932 2364 1987 ut
2404 1932 2709 2005 patescat,
2761 1924 2900 2004 quid
2948 1924 3110 1985 circa
3155 1930 3296 1985 sta-

572 2011 771 2073 tiones
820 2012 1082 2073 futurum
1130 2020 1326 2087 esset,
1384 2014 1433 2074 si
1483 2014 1590 2075 illa
1648 2014 1739 2075 ita
1784 2014 2099 2076 haberent.
2191 2014 2524 2093 Propterea
2577 2013 2819 2093 gemina
2865 2012 3055 2075 utitur
3103 2014 3300 2073 forma

569 2098 993 2180 principiorum
1051 2101 1583 2164 demonstrationis
1642 2120 1821 2173 suae,
1891 2104 2033 2181 quia
2095 2121 2181 2163 sc.
2241 2102 2388 2164 nihil
2453 2102 2726 2163 decernit
2789 2109 2856 2163 ut
2913 2109 3296 2162 astronomus

574 2187 818 2262 artifex,
867 2189 973 2248 sed
1024 2207 1249 2251 merum
1296 2191 1425 2267 agit
1470 2200 1838 2270 geometram
1886 2190 1946 2252 in
1994 2199 2260 2253 motuum
2307 2209 2544 2269 genere.

747 2276 891 2337 Jam
947 2276 1111 2351 vide,
1188 2294 1367 2357 quam
1438 2280 1707 2352 suaviter
1764 2279 1956 2341 Ursus
2024 2281 2096 2341 de
2155 2280 2276 2341 'hoc
2333 2278 2642 2358 Apollonii
2707 2277 2950 2339 invento
3015 2284 3293 2357 nugetur.

572 2365 775 2427 Primo
823 2364 931 2435 ait,
981 2365 1058 2426 ab
1105 2365 1237 2445 ipso
1285 2373 1581 2428 mutatam
1627 2386 1762 2428 esse
1812 2368 2155 2430 universam
2201 2369 2456 2429 formam
2483 2366 3099 2435 Aristarchianarum,
3143 2384 3292 2445 per-

576 2453 715 2514 inde
763 2472 835 2514 ac
872 2453 925 2513 si
968 2454 1344 2533 professione
1393 2455 1609 2517 fuisset
1656 2449 2059 2527 astronomus,
2103 2462 2171 2517 ut
2197 2456 2594 2518 Aristarchus
2633 2463 2696 2516 et
2725 2454 2846 2517 alii.
2939 2454 3292 2516 Mathema-

572 2542 753 2603 ticum
792 2540 1179 2603 Ptolemaeus
1228 2544 1514 2623 appellat,
1565 2553 1630 2605 at
1676 2553 1840 2606 certe
1887 2545 2165 2624 nuspiam
2203 2543 2257 2605 ei
2287 2543 2615 2605 astronomi
2653 2544 2868 2604 titulus
2898 2543 3280 2604 adscribitur.

571 2629 805 2691 Deinde
852 2647 986 2691 cum
1032 2631 1456 2693 obversaretur
1503 2632 1558 2693 ei
1604 2633 1893 2694 memoria
1938 2632 2192 2712 duplicis
2231 2633 2468 2694 »formae
2515 2632 3043 2693 demonstrationis
3086 2630 3290 2709 Apol-

571 2717 867 2792 lonianae,
918 2718 1026 2779 sed
1074 2720 1358 2783 memoria
1406 2721 1637 2796 tenuis,
1708 2728 1997 2802 tanquam
2044 2722 2130 2782 rei
2183 2738 2294 2801 per
2358 2738 2628 2781 somnum
2675 2720 2842 2781 visae
2889 2724 3294 2798 (na'mxsupra

570 2807 945 2886 conjectatus
994 2827 1144 2882 sum,
1195 2827 1310 2870 non
1357 2809 1552 2890 ipsum
1601 2811 1824 2874 Ursum
1872 2811 2291 2890 legisse‘haec
2338 2811 2396 2870 in
2443 2810 2817 2885 Ptolemaeo,
2867 2811 2974 2870 sed
3025 2809 3100 2870 ab
3149 2808 3289 2879 alio,

570 2894 670 2974 qui
716 2895 867 2955 haec
916 2896 1178 2957 fortasse
1227 2897 1458 2976 legerit,
1510 2898 1938 2971 admonitum),
1985 2898 2114 2978 ipse
2164 2916 2394 2978 quoque
2444 2899 2740 2976 geminam
2785 2898 3284 2959 Aristarchiana-

568 3001 697 3044 rum
760 2982 1241 3046 immutationem
1310 2987 1635 3066 Apollonio
1702 2987 1958 3068 affingit.
2069 2987 2334 3050 Primum
2393 2988 2512 3060 ait,
2577 2986 2918 3048 institutam
2984 2987 3148 3060 ideo,
3225 2993 3293 3046 ut

570 3071 787 3150 ingens
832 3070 940 3132 illa
984 3073 1247 3134 vastitas
1292 3075 1561 3148 fixarum,
1614 3095 1791 3156 quam
1837 3077 2232 3138 Aristarchus
2281 3075 2440 3154 apud
2468 3075 2888 3136 Archimedem
2935 3074 3289 3145 introduxit,

572 3159 910 3248 tolleaetur.
1004 3161 1267 3241 Ideoque
1332 3162 1420 3224 sic
1484 3183 1621 3226 esse
1676 3163 2015 3228 institutam
2079 3165 2258 3228 illam*
2309 3163 2816 3235 immutationem,
2884 3170 2954 3224 nt
3018 3171 3288 3224 centrum

576 3247 825 3310 fixarum
869 3247 990 3310 unzi,
1032 3267 1165 3312 cum
1194 3251 1385 3314 Terra
1428 3252 1994 3316 circumvolveretur
2029 3272 2224 3314 annuo
2270 3261 2458 3314 motu.
2549 3253 2641 3314 At
2681 3252 2794 3312 hoc
2839 3259 3034 3312 totum
3063 3269 3288 3312 merum

566 3353 703 3396 esse
750 3337 1103 3415 figmentum
1148 3348 1213 3400 et
1259 3340 1590 3421 sphyngem
1636 3361 1712 3402 ex
1758 3341 1900 3404 Ursi
1948 3341 2191 3403 cerebro
2242 3348 2477 3415 natam,
2541 3341 2717 3402 faci-le
2764 3341 2960 3414 videt,
3011 3339 3109 3419 qui
3155 3359 3288 3400 cum

566 3424 680 3485 hac
728 3424 869 3486 Ursi
928 3425 1425 3506 interpretatione
1474 3429 1808 3490 Ptolemaei
1867 3430 2054 3491 verba
2113 3445 2298 3510 supra
2345 3430 2616 3508 allegata
2673 3431 2746 3490 de
2803 3428 2985 3508 priori
3033 3429 3286 3488 demon-

568 3512 879 3574 strationis
907 3514 1349 3594 Apollonianae
1408 3516 1602 3578 forma
1647 3519 1916 3579 conferre
1963 3517 2241 3580 voluerit.
2333 3518 2533 3598 Maj0r
2577 3518 2854 3598 equidem
2901 3526 3000 3578 est
3045 3515 3286 3580 candidi

566 3609 629 3662 et
676 3600 793 3662 atri
840 3602 1057 3664 coloris
1106 3605 1419 3686 cognatio,
1491 3623 1666 3685 quam
1714 3606 1859 3669 Ursi
1905 3614 1969 3668 et
2019 3605 2346 3687 Apollonii.
2439 3608 2536 3669 Ac
2603 3607 2653 3669 si
2703 3607 2832 3685 quis
2891 3607 2968 3666 ad
3015 3625 3087 3666 το
3131 3603 3290 3683 ἦθος

564 3690 1042 3770 suppositionum
1086 3693 1396 3772 Apollonii
1444 3695 1759 3772 respiciat,
1816 3694 1907 3756 illi
1953 3714 2070 3755 non
2118 3702 2325 3773 potest
2367 3695 2490 3757 ullo
2535 3696 2711 3756 modo
2759 3694 3081 3756 verisimile
3129 3713 3284 3766 esse,

564 3787 802 3840 tantam
847 3780 1170 3859 Apollonio
1218 3799 1419 3843 curam
1469 3783 1653 3843 fuisse
1694 3783 1767 3844 de
1815 3783 1920 3844 illo
1979 3782 2150 3844 hiatu
2206 3783 2426 3862 illaque
2473 3784 2768 3846 vastitate
2817 3784 3087 3844 fixarum.
3163 3781 3282 3843 Al-

565 3875 761 3928 teram
818 3867 1294 3932 immutationem
1352 3869 1542 3932 Ursus
1604 3872 1791 3933 talem
1853 3871 1929 3932 ab
1977 3871 2301 3951 Apollonio
2333 3867 2541 3952 ‘lingit
2595 3873 2966 3946 institutam,
3035 3881 3104 3932 ut
3153 3889 3283 3930 cum

566 3963 749 4018 antea
794 3956 983 4018 Terra
1029 3959 1328 4030 (centrum
1374 3954 1655 4040 fixarum)
1704 3960 2048 4022 volveretur
2095 3977 2290 4022 annuo
2337 3967 2502 4022 motu
2549 3961 2710 4022 circa
2740 3961 2964 4035 Solem,
3013 3968 3282 4022 centrum

562 4044 961 4124 planetarum,
1010 4047 1454 4125 quiescentem:
1496 4047 1625 4127 jam
1674 4048 1839 4110 circa
1867 4049 2116 4110 Terram
2161 4057 2228 4109 et
2271 4055 2540 4124 centrum
2587 4049 2854 4118 fixarum,
2887 4047 3278 4128 quiescentia,

566 4131 676 4194 Sol
722 4141 785 4194 et
830 4141 1098 4195 centrum
1144 4135 1523 4215 planetarum
1570 4137 1779 4198 eodem
1829 4155 2026 4198 annuo
2081 4145 2347 4216 tempore
2392 4137 2786 4210 circumierit,
2843 4155 2997 4216 quae
3046 4137 3283 4216 quidem

566 4221 987 4302 hypothesium
1047 4223 1239 4286 forma
1291 4245 1329 4286 a
1375 4225 1657 4306 Tychone
1706 4225 1906 4288 Brahe
1967 4225 2162 4305 (cujus
2223 4225 2571 4304 exagitandi
2628 4227 2830 4306 gratia
2885 4226 3078 4288 Ursus
3131 4225 3282 4287 haec

566 4309 881 4382 confluxit)
931 4319 1177 4390 propter
1222 4331 1439 4375 causas
1489 4314 1565 4374 ab
1610 4315 1743 4393 ipso
1792 4323 2038 4376 auctore
2085 4315 2314 4394 passim
2374 4314 2713 4376 inculcatas
2775 4321 2837 4376 et
2885 4333 2960 4374 ex
3005 4313 3282 4374 occasie-·

567 4397 741 4459 nibus
797 4417 915 4460 non
980 4401 1431 4464 contemnendis
1479 4412 1790 4481 suscepta,
1857 4403 2104 4464 inventa
2167 4410 2229 4463 et
2283 4403 2618 4465 constituta
2673 4411 2789 4464 est.
2881 4403 3088 4463 Habet
3131 4401 3282 4463 haec

570 4485 811 4564 quidem
856 4489 1117 4550 assertio
1162 4489 1741 4552 verisimilitudinem
1790 4491 2084 4571 aliquam,
2137 4492 2188 4553 si
2235 4491 2368 4571 quis
2415 4510 2550 4553 eam
2595 4507 2732 4553 cum
2780 4490 3089 4570 Apollonii
3133 4509 3280 4569 sup-

569 4573 865 4651 positione
916 4577 1207 4640 conferat.
1302 4577 1403 4640 Sit
1448 4579 1602 4640 enim
1655 4580 1839 4658 juxta
1894 4587 2150 4642 mentem
2197 4580 2506 4661 Apollonii
2558 4586 2623 4641 et
2663 4580 2726 4640 in
2767 4579 2828 4642 5.
2880 4581 3186 4642 schemate
3233 4580 3284 4640 F

571 4661 777 4736 Terra,
840 4665 1005 4726 circa
1062 4686 1198 4729 eam
1243 4666 1359 4729 NE
1416 4666 1701 4739 circuluS,
1759 4687 1935 4748 quem
1991 4676 2261 4730 centrum
2311 4667 2636 4730 eccentrici
2697 4687 2892 4729 annuo
2949 4676 3112 4729 motu
3167 4669 3278 4728 de·-

568 4749 809 4825 scribit,
859 4751 949 4814 ita
984 4761 1052 4816 ut
1099 4755 1259 4817 linea
1304 4774 1381 4816 ex
1408 4756 1459 4817 F
1488 4755 1678 4818 Terra
1722 4774 1832 4837 per
1857 4757 1936 4830 N,
1983 4755 2038 4818 E
2085 4756 2721 4820 centrumeccentrici
2751 4757 2988 4836 eJecta,
3045 4773 3280 4834 semper

568 4838 777 4900 eadem
825 4839 907 4902 sit
951 4859 1087 4906 cum
1133 4863 1239 4919 ea,
1310 4863 1463 4928 quae
1522 4863 1599 4906 ex
1644 4845 1697 4909 F
1743 4844 1934 4906 Terra
1985 4863 2094 4928 per
2141 4845 2374 4922 Solem,
2425 4845 2572 4908 ‘sive
2619 4845 2672 4908 is
2722 4845 2854 4926 jam
2899 4845 2958 4906 in
3007 4845 3278 4927 ampliori
