3634 5575
2995 329 3011 358 D

1573 367 1898 444 Prooemium,
3013 367 3100 438 89

344 521 655 648 mix..
679 525 741 580 de
770 525 953 594 'quibus
988 533 1161 580 tamen
1194 527 1267 580 im
1298 531 1419 594 ipsi.
1454 531 1553 582 nial
1585 529 1679 582 hoc
1714 530 1862 582 modo
1899 525 2136 582 admoniti
2181 527 2419 590 subdent,
2465 545 2717 598 uunquam
2756 534 2976 662 cogitare
3011 547 3099 598 po·

516 706 807 770 Antequam
843 673 1109 771 acceperat
1144 707 1393 774 Keplerus
1428 709 1573 760 modo
1607 671 1909 773 praemissa,
1947 712 2273 776 superioribus
2311 711 2412 763 suis
2447 711 2576 762 haec
2614 709 2838 761 addidit.

558 793 911 857 Clarissime
956 795 1035 858 D.
1083 798 1469 878 Praeceptor.
1566 798 1721 860 Dum
1768 800 1926 861 ultro
1988 800 2256 881 citroque
2303 809 2600 862 commeat
2645 800 2929 876 ιιιιιιοίιιε,
2997 801 3097 864 ἰιι-

348 883 511 944 veni
546 883 737 946 locum
768 884 1073 965 aliquem
1058 906 1116 947 m
1148 885 1465 958 Cardano,
1516 888 1613 968 qui
1660 903 1785 949 rem
1833 897 2106 951 nostram
2153 889 2616 952 automatariam
2663 889 2907 950 mirifice
2954 888 3097 952 illn-

348 979 559 1034 strat.
654 971 759 1035 Sic
806 973 992 1054 igitur
1054 976 1159 1036 ille
1232 977 1333 1038 lib.
1391 933 1468 1038 17’
1518 976 1592 1037 de
1634 975 2010 1040 Subtilitate.
2109 977 2354 1057 „Nuper
2399 977 2583 1040 etiam
2631 978 2872 1059 quidam
2936 979 3102 1040 illam

350 1061 760 1139 „machinam
806 1063 1007 1126 mundi
1052 1064 1488 1139 universalem,
1538 1065 1679 1127 olim
1729 1086 1767 1126 a
1800 1064 2124 1128 Guilielmo
2156 1066 2487 1129 Zelandino
2529 1067 2887 1130 fabricatam
2918 1075 3098 1148 atque

320 1171 335 1186 ·
350 1113 811 1226 :‚dissolutam,
856 1152 917 1213 in
940 1153 1325 1234 tenebrisque
1348 1153 1770 1234 perincnriam
1800 1163 2298 1242 marcescentem,
2350 1175 2482 1218 cum
2514 1175 2626 1236 ego
2659 1157 2915 1236 quodam
2944 1155 3099 1217 bono
3159 1177 3172 1189 ⁵

348 1240 551 1313 „fato
607 1241 681 1302 ad
730 1240 1187 1303 instaurandum
1244 1243 1435 1304 bonas
1496 1249 1662 1306 artes
1738 1243 1924 1305 etiam
1991 1224 2190 1306 obiter¹
2245 1263 2360 1307 non
2408 1246 2602 1308 minus
2649 1264 2829 1326 quam
2877 1264 2954 1306 ex
2995 1245 3097 1306 in-

352 1329 654 1402 „dustria
713 1337 895 1392 natus
960 1331 1018 1391 in
1087 1331 1275 1392 lucem
1334 1349 1751 1407 revocassem,
1817 1332 1876 1393 in
1925 1333 2226 1414 integrum
2273 1333 2564 1396 restituit.
2659 1332 2848 1414 Cujus
2889 1352 3097 1395 exem·-

349 1418 519 1497 ‚plo
570 1417 750 1479 aliam
811 1417 1033 1481 Carolo
1081 1417 1307 1489 Quinto
1358 1418 1610 1488 Caesari
1666 1421 1761 1484 ita
1810 1423 2184 1497 construxit,
2251 1431 2318 1484 ut
2379 1422 2440 1484 in
2503 1442 2577 1484 ea
2642 1429 2704 1484 et
2767 1429 3099 1503 temporum

352 1516 725 1582 „momenta
788 1515 852 1570 et
905 1515 1117 1588 partes
1174 1510 1478 1588 signorum
1526 1508 1796 1598 singulas
1845 1511 2056 1572 videas
2121 1519 2183 1572 et
2239 1510 2438 1572 octavi
2485 1510 2647 1573 orbis
2695 1518 2920 1574 motum
2967 1519 3098 1573 tar-

354 1595 733 1670 „dissimum
778 1596 1092 1658 intuearis.
1191 1598 1537 1659 Divisiones
1586 1617 1817 1679 quoque
1867 1599 2030 1662 orbis
2078 1600 2378 1680 signorum
2407 1599 2649 1674 varias,
2702 1619 2851 1680 quas
2891 1601 3100 1662 domos

353 1694 679 1760 ‚,vocant,
730 1685 1026 1766 horasque
1074 1683 1355 1766 aequales
1406 1695 1469 1748 et
1514 1687 1894 1768 inaequales,
1944 1695 2008 1750 et
2053 1689 2208 1768 quod
2247 1690 2440 1769 majus
2470 1696 2594 1758 est,
2643 1688 2904 1750 universi
2935 1688 3098 1750 'orbis

354 1775 695 1852 „partibus
750 1774 1185 1850 inservientes,
1235 1783 1303 1837 ut
1348 1776 1498 1838 haec
1548 1795 1687 1838 vere
1734 1777 2016 1839 machina
2063 1777 2268 1856 orbem
2313 1778 2655 1840 universum
2711 1777 2973 1852 referat,
3039 1777 3098 1838 in

357 1883 492 1940 „ea
542 1863 839 1943 inspicere
889 1863 1049 1924 licet.
1146 1863 1378 1927 Omitto
1434 1883 1795 1945 progressus
1861 1885 2288 1947 regressusque
2348 1865 2716 1947 singulorum
2774 1867 3099 1930 errantium

356 1953 711 2027 ‚‚siderum,
776 1951 1127 2014 latitudines
1176 1953 1680 2034 altitudinesque,
1747 1955 1984 2034 aliaque
2029 1957 2372 2032 innumera,
2431 1962 2500 2017 ut
2543 1973 2790 2035 prorsus
2836 1973 2936 2016 res
2981 1973 3098 2017 non

355 2041 615 2116 „minus
676 2042 841 2102 fama
905 2061 1081 2122 quam
1146 2041 1262 2104 fide
1316 2043 1511 2123 major
1557 2043 1657 2104 sit.
1752 2044 2049 2106 Referunt
2095 2043 2294 2107 Sabor
2355 2063 2558 2124 regem
2605 2045 2925 2108 Persarum
2983 2045 3098 2106 hu-

356 2131 750 2210 „juscemodi
816 2131 1151 2192 machinam
1220 2139 1346 2193 tam
1409 2131 1699 2210 grandem
1764 2151 1797 2194 e
1847 2133 2002 2196 vitro
2065 2134 2346 2197 construi.
2397 2134 2644 2207 fecisse,
2711 2141 2778 2194 ιιι
2840 2132 2898 2194 in
2967 2133 3100 2212 ejus

356 2227 627 2294 „centro
659 2220 925 2294 sederet,
974 2229 1261 2302 tanqua-m
1298 2221 1359 2282 in
1391 2221 1614 2284 Terrae
1655 2222 2004 2301 sphaerula,
2053 2228 2432 2302 spectantem
2471 2221 2584 2284 sub
2620 2221 2874 2301 pedibus
2914 2222 3099 2284 etiam

358 2317 627 2384 ‚,astra,
678 2308 1127 2391 exorientiaque
1176 2327 1245 2370 ac
1277 2309 1621 2371 occid-entia
1649 2311 1881 2385 sidera,
1932 2320 2000 2378 ut
2030 2311 2147 2386 sic,
2197 2311 2470 2372 mortalis
2499 2328 2634 2372 cum
2671 2317 2866 2380 esset,
2915 2329 3101 2389 supra

357 2405 625 2473 „tamen
673 2417 907 2458 omnem
952 2399 1343 2462 mortalitatis
1392 2399 1617 2460 fastum
1664 2406 1728 2459 et
1774 2401 2254 2481 expectationem
2295 2419 2428 2462 esse
2466 2399 2838 2461 videretur.“
2928 2400 3100 2460 Haec

358 2487 768 2566 transscripsi
827 2483 1075 2566 propter
1131 2488 1245 2548 dno
1304 2487 1565 2549 illustria
1612 2488 1888 2568 exempla
1936 2489 2324 2568 sphaerarum
2381 2495 2444 2550 et
2500 2488 2748 2550 alterins
2805 2495 3096 2550 autorem.

360 2574 669 2647 Quamvis
734 2575 1079 2638 incredibile
1144 2579 1217 2637 de
1266 2574 1519 2654 Sapore.
1616 2576 1799 2638 Certe
1865 2577 2226 2639 universalis
2281 2577 2542 2658 sphaera
2605 2595 2720 2638 non
2783 2577 2926 2647 fuit,
2993 2584 3100 2637 aut

358 2674 543 2726 mota
588 2684 703 2726 non
752 2666 891 2736 fuit,
942 2665 1299 2744 praesertim
1348 2664 1562 2726 vitrea.
1659 2667 1868 2746 Neque
1897 2667 2042 2728 mihi
2091 2666 2295 2728 divina
2321 2667 2448 2728 ista
2495 2667 2568 2726 de
2613 2664 2878 2728 barbara
2915 2673 3097 2746 gente

360 2754 732 2837 persuadeo.
828 2755 1029 2833 Atque
1080 2773 1150 2816 en
1197 2753 1307 2816 tibi
1358 2754 1688 2817 sessionem
1738 2755 1898 2837 regis
1946 2755 2004 2819 in
2053 2756 2345 2835 sphaera,
2407 2774 2558 2836 quae
2606 2753 2850 2817 barbari
2899 2755 3098 2817 fastus

364 2864 444 2906 an
498 2843 695 2906 civilis
745 2844 1165 2905 delectationis
1223 2852 1639 2923 argumentum
1700 2845 1812 2919 sit,
1879 2846 1936 2907 in
1985 2854 2221 2925 promtu
2269 2852 2366 2907 est
2416 2843 2714 2925 judicare.
2809 2843 2932 2905 Sed
2983 2862 3094 2905 nec

364 2940 644 2994 monstro
692 2940 861 2993 caret
906 2934 1096 2994 moles
1144 2932 1249 2994 illa
1298 2933 1529 3012 ingens.
1621 2933 1917 3013 Equidem
1947 2934 2257 3009 existimo,
2306 2941 2550 3013 praeter
2578 2952 2799 2994 vanam
2849 2940 2912 2995 et
2949 2932 3096 2994 bar·-
3179 2996 3182 3001 ,

324 3020 1098 3093 sbarampstentationem
1146 3029 1211 3083 et
1258 3021 1731 3101 magnitudinem
1780 3022 1944 3102 globi
1982 3022 2162 3084 vitrei
2210 3022 2572 3085 insolentem
2621 3021 2765 3083 nihil
2815 3030 3098 3100 spectatu

362 3110 739 3172 continuisse
806 3110 1077 3189 dignum.‘
1166 3111 1233 3171 In
1291 3111 1486 3171 altera
1531 3110 1669 3172 vide
1729 3112 1872 3174 mihi
1931 3111 2204 3173 inutilem
2266 3112 2533 3174 laborem
2601 3112 2658 3172 in
2711 3111 3096 3191 exprimendo

362 3208 535 3261 motu
586 3199 785 3260 octavi
835 3199 1025 3273 orbis,
1101 3200 1199 3279 qui
1256 3209 1379 3261 tum
1437 3200 1695 3260 nondum
1744 3209 1879 3262 erat
1934 3200 2049 3262 rite
2108 3201 2406 3280 cognitus.
2500 3201 2570 3262 In
2627 3199 2803 3261 laude
2868 3207 3098 3280 ponunt

364 3288 712 3370 hujusmodi
746 3288 1037 3361 artifices,
1088 3288 1308 3350 imitari
1341 3288 1631 3349 calculum
1672 3289 2054 3351 multitudine
2085 3299 2380 3364 motuum,
2431 3306 2544 3369 ego
2581 3296 2896 3369 praestare
2926 3296 3091 3367 puto,

362 3386 434 3438 nt
482 3386 764 3439 naturam
812 3376 1012 3437 imiter
1058 3377 1114 3437 in
1165 3377 1309 3450 situ,
1362 3377 1479 3438 etsi
1529 3376 1910 3440 tardissimos
1957 3377 2096 3440 illos
2123 3386 2322 3440 motus
2361 3385 2638 3457 exparte
2669 3376 2802 3457 quis
2831 3378 3091 3439 omittat„

548 3465 763 3545 Pergit
820 3464 1166 3534 Cardanus‚
1251 3473 1313 3527 et
1382 3464 1657 3528 recitatis
1721 3463 2044 3527 Claudiani
2109 3466 2410 3541 versibuS,
2495 3466 2706 3547 quibus
2767 3466 3093 3545 descriptio

363 3555 809 3617 Archimedeae
859 3554 1153 3633 sphaerae
1202 3554 1569 3627 continetur,
1620 3555 1769 3615 haec
1818 3554 2095 3634 subjicit:
2155 3554 2425 3629 ,‚Causa,
2475 3574 2578 3619 cur
2625 3568 2720 3617 ex*
2747 3554 2904 3616 vitro
2953 3556 3094 3616 olim

366 3646 587 3718 „fieret
632 3644 911 3705 machina
959 3644 1243 3711 coelestis
1290 3642 1486 3717 orbis,
1538 3651 1708 3717 erat,
1759 3644 2040 3724 quoniam
2088 3662 2222 3706 curn
2253 3651 2420 3705 esset
2467 3645 2704 3705 aemula
2751 3662 2890 3705 vere
2919 3642 3092 3718 coeli,

366 3732 877 3806 „includebantur
922 3733 1181 3793 minores
1230 3729 1587 3811 majoribus:
1640 3750 1815 3811 quam
1865 3732 1942 3794 ob
1989 3750 2113 3793 rem
2169 3733 2268 3813 qui
2323 3733 2486 3795 intus
2543 3739 2718 3793 erant
2785 3739 2850 3792 et
2895 3728 3096 3793 sidera

368 3820 679 3903 „spectari
729 3840 845 3882 non
894 3822 1261 3901 potuissent,
1304 3820 1419 3882 nisi
1468 3839 1672 3881 omnes
1720 3840 1796 3882 ex
1843 3822 2099 3884 materia
2155 3822 2475 3902 perspicua
2522 3820 2762 3884 conflati
2815 3820 3092 3883 fuissent.

368 3912 627 3992 „Itaque
678 3910 776 3989 qui
838 3928 991 3971 nunc
1040 3910 1149 3972 has
1205 3910 1394 3971 moles
1455 3909 1710 3984 faciunt,
1776 3910 1920 3973 vitri
1981 3911 2378 3991 fragilitatem
2423 3919 2736 3985 νει-ειιιθε,
2805 3916 3098 3989 coguntur

368 4020 531 4075 „non
580 4000 916 4062 naturalem
962 4000 1163 4060 mundi
1212 3998 1547 4060 machinam
1589 4000 1905 4076 aemulari,
1955 4000 2160 4061 orbem
2197 4000 2326 4063 orbi
2366 3998 2892 4080 circumponendo,
2943 4016 3095 4079 quo-
3153 4058 3160 4065 .

370 4090 581 4165 „niam
645 4108 776 4151 cum
822 4108 899 4149 ex
936 4090 1184 4151 metallo
1232 4088 1354 4148 sint
1408 4087 1597 4149 videri
1644 4108 1760 4150 non
1817 4096 2102 4169 possent:
2169 4090 2276 4150 sed
2325 4097 2473 4170 quot
2527 4097 2668 4158 sunt
2724 4084 2932 4163 orbes‘,
2999 4093 3094 4149 tot

311 4192 315 4197 ·
372 4178 685 4253 „efficiunt
730 4177 1002 4250 tabulaS‚
1051 4185 1157 4239 aut
1204 4178 1421 4239 saltem
1469 4196 1675 4252 senas,
1726 4176 1890 4240 Solis
1939 4178 2145 4239 orbem
2183 4178 2442 4239 Veneris
2490 4178 2615 4240 orbi
2663 4176 3093 4251 immiscenteS,

373 4266 475 4342 ‚‚in
525 4266 951 4347 circuitumque
999 4266 1452 4347 compaginant,
1524 4272 1592 4327 ut
1640 4266 1796 4346 quod
1844 4273 1940 4329 est
1995 4274 2289 4342 rotarum,
2353 4267 2712 4347 ponderum,
2781 4266 3093 4339 molarum,

376 4374 723 4431 ‚,curruum‚
794 4355 1253 4430 denticulorum,
1316 4355 1615 4429 nolarum,
1674 4355 2007 4435 virgarum,
2067 4356 2291 4418 funium
2341 4365 2524 4436 atque
2571 4356 2820 4418 aliorum
2866 4354 3094 4417 instru-

374 4453 781 4519 „mentorum,
832 4445 1027 4506 lateat
1071 4444 1301 4529 intus.“
1392 4442 1587 4506 Audis
1618 4442 1997 4517 Cardanum,
2047 4453 2288 4506 veteres
2338 4444 2625 4506 aemulari
2663 4449 2941 4505 naturam
2989 4462 3094 4505 so-

348 4532 543 4609 ‘litos,
594 4532 962 4596 recentiores
1010 4542 1358 4596 construere
1390 4533 1836 4608 domunculam,
1873 4534 2041 4595 forte
2075 4534 2467 4612 sexangulam
2509 4542 2614 4594 aut
2642 4539 2778 4594 octo
2819 4528 3092 4603 laterum,

375 4630 440 4684 et
504 4621 649 4684 foris
714 4622 773 4683 in
841 4621 1129 4684 lateribus
1186 4622 1631 4700 circumponere
1696 4622 1793 4685 hic
1856 4622 2174 4701 sphaeram
2236 4621 2520 4691 Saturni,
2581 4620 2706 4683 illic
2753 4621 2926 4684 Jovis
2977 4628 3092 4682 etc.

375 4710 461 4773 Et
516 4712 627 4773 hoc
686 4711 835 4773 dicit
892 4709 1207 4773 Gardanus
1284 4710 1579 4790 sphaerae
1637 4711 2110 4773 Zelandinianae
2175 4712 2628 4772 commendator
2690 4716 2760 4772 ut
2835 4710 3096 4772 omnium

376 4798 976 4881 praestantissimae,
1021 4807 1094 4862 ut
1138 4818 1253 4861 non
1302 4799 1603 4878 possimus
1650 4800 1962 4876 dubitare,
2031 4800 2170 4880 quin
2217 4800 2326 4862 illa
2373 4818 2606 4881 quoque
2650 4798 2712 4860 in
2760 4798 2916 4861 hunc
2959 4817 3093 4860 mo-

380 4890 547 4967 dum,
613 4908 730 4951 non
788 4889 865 4951 ad
915 4889 1377 4962 aemulationem
1436 4897 1689 4959 naturae
1748 4890 1830 4951 sit
1875 4895 2185 4973 coaptata.
2280 4886 2597 4963 Quomodo
2662 4886 2800 4970 quid
2869 4902 3094 4972 quaeso

2579 5160 2616 5197 a·
