3634 5575
1395 373 1712 440 Διιωιοηιιο
1747 373 2049 426 canonum.
2951 371 3085 444 423

1475 533 1738 596 Thesis
1783 533 1962 596 XIX.

544 615 764 714 'Tertia
807 637 994 682 causa
1037 620 1514 701 praedictionum
1557 622 1810 706 physica
1856 629 1957 686 est
1982 619 2343 702 reliquorum
2390 621 2739 700 planetar
2758 609 2865 684 um
2909 623 3085 688 varia

373 711 610 781 natura,
661 726 812 788 quas
857 708 974 790 ipsi
1022 710 1254 772 colores
1282 711 1560 790 produnt.
1653 710 1787 782 Quo
1815 712 1949 775 loeo
1981 710 2401 785 erraverimus,
2450 710 2503 772 si
2532 720 2787 792 quatuor
2822 711 3083 776 usitatas

373 795 700 877 qualitates
757 797 916 860 inter
967 797 1254 877 planetas
1310 799 1766 864 distribuamus.
1859 800 2081 880 Frigus
2138 798 2297 861 enim
2352 807 2417 861 et
2470 799 2717 862 siccitas
2770 819 2889 862 non
2938 810 3081 863 sunt

373 884 706 964 positivae,
773 887 884 948 sed
940 887 1278 966 privativae
1347 888 1495 952 lucis
1557 897 1620 952 et
1677 896 1975 970 cognatae
2036 887 2271 950 animae
2328 888 2699 951 affectiones.
2790 888 2951 952 Nam
2994 889 3088 958 ibi,

374 971 566 1053 frigus
611 982 676 1038 et
721 975 967 1038 siccitas
1015 986 1116 1038 est
1158 995 1412 1052 summa,
1457 978 1560 1041 ubi
1605 979 1710 1042 lux
1757 979 1970 1048 omnis,
2018 977 2223 1040 anima
2266 979 2461 1040 omnis
2504 977 2759 1058 ideoque
2806 986 2869 1040 et
2913 980 3079 1040 calor

371 1062 564 1126 omnis
613 1063 810 1128 abest.
906 1064 1058 1128 Cum
1111 1065 1316 1148 itaque
1375 1086 1453 1128 ex
1507 1068 1676 1130 coelo
1723 1067 1875 1130 nihil
1930 1067 2007 1128 ad
2054 1085 2165 1128 nos
2210 1065 2329 1128 nisi
2374 1066 2477 1129 lux
2536 1067 2853 1131 stellarum
2898 1068 3075 1131 dela-

371 1152 566 1229 batur,
615 1153 806 1234 frigus
851 1161 1018 1218 certe
1065 1161 1130 1218 et
1171 1154 1419 1218 siccitas
1464 1175 1574 1237 per
1619 1175 1756 1219 sese
1798 1174 1921 1218 non
1967 1155 2301 1217 delabetur.

1487 1245 1708 1308 Thesi
1724 1265 1754 1305 s
1799 1245 1947 1308 XX.

541 1327 675 1392 Nos
738 1338 804 1394 et
855 1331 1130 1394 variatas
1185 1333 1566 1412 planetarum
1636 1332 1798 1396 vires
1864 1340 1931 1395 et
2002 1351 2309 1394 numerum
2376 1331 2555 1394 aliter
2610 1339 2674 1394 et
2736 1333 2891 1395 forte
2953 1353 3071 1396 non

370 1416 782 1482 inconcinnius
829 1420 1224 1496 deducemus,
1272 1440 1454 1502 quam
1481 1421 1855 1484 Aristoteles
1902 1441 2015 1486 sua
2061 1427 2315 1502 quatuor
2362 1420 2661 1484 elementa
2710 1441 2787 1484 ex
2816 1429 3075 1504 quatuor

371 1507 734 1588 qualitatum
778 1509 1340 1574 combinationibus.
1435 1510 1718 1575 Variatio
1747 1512 1941 1573 omnis
1986 1531 2027 1572 a
2058 1509 2591 1573 contrarietatibus
2628 1519 2745 1585 est,
2792 1519 2857 1573 et
2882 1513 3075 1591 prima

367 1617 407 1660 a
449 1596 680 1678 primis.
773 1597 1042 1682 Primam
1079 1601 1576 1664 contrarietatem
1621 1601 1993 1664 Aristoteles
2036 1599 2099 1662 in
2142 1597 2577 1680 metaphysicis
2622 1600 2839 1679 recipit
2883 1600 3071 1676 illam,

367 1705 520 1766 quae
557 1693 654 1750 est
699 1687 856 1750 inter
909 1687 1100 1750 idem
1159 1696 1224 1750 et
1279 1689 1508 1752 aliud:
1573 1690 1784 1752 volens
1845 1707 2031 1770 supra
2084 1688 2479 1768 geometriam
2537 1688 2723 1751 altius
2770 1697 2835 1751 et
2879 1707 3069 1768 gene-

366 1776 552 1838 ralius
607 1775 1038 1856 philosophari.
1147 1777 1302 1840 Mihi
1363 1778 1642 1842 alteritas
1687 1778 1748 1840 in
1803 1778 2027 1840 creatis
2086 1777 2252 1840 nulla
2315 1775 2555 1838 aliunde
2616 1795 2752 1838 esse
2812 1777 3069 1852 videtur,

365 1883 546 1944 quam
591 1883 668 1926 ex
711 1867 972 1928 materia
1029 1872 1134 1928 aut
1189 1869 1506 1930 occasione
1569 1868 1897 1939 materiae,
1954 1874 2025 1928 at
2067 1865 2167 1928 ubi
2222 1865 2509 1940 materia,
2576 1865 2661 1928 ibi
2715 1865 3067 1944 geometria‘.

367 1953 577 2034 Itaque
625 1972 806 2034 quam
833 1955 1202 2019 Aristoteles
1249 1957 1408 2018 dixit
1449 1955 1706 2037 primam
1753 1955 2249 2018 contrarietatem
2294 1955 2424 2016 sine
2462 1954 2657 2016 medio
2702 1953 2863 2016 inter
2906 1954 3069 2016 idem

371 2051 438 2104 et
481 2043 646 2106 aliud
664 2089 684 2116 ,
742 2063 874 2106 eam
931 2061 1047 2124 ego
1093 2044 1154 2107 in
1211 2046 1620 2126 geometricis,
1687 2045 2097 2126 philosophice
2150 2042 2583 2117 consideratis,
2644 2043 2883 2104 invenio
2930 2063 3071 2106 esse

263 2193 266 2198 .
361 2132 614 2212 primam
660 2133 898 2214 quidem
943 2135 1467 2210 contrarietatem,
1519 2135 1627 2197 sed
1675 2153 1812 2196 cum
1856 2133 2083 2210 medio,
2132 2132 2221 2195 sic
2268 2132 2535 2213 quidem,
2600 2139 2669 2193 ut
2714 2133 2873 2212 quod
2916 2131 3071 2194 Ari-

364 2221 578 2284 stoteli
624 2221 741 2285 fuit
785 2221 1036 2297 aliud,
1084 2241 1236 2285 unus
1280 2225 1601 2299 terminus,
1654 2243 1788 2286 eum
1834 2241 1947 2284 nos
1992 2223 2053 2284 in
2100 2223 2265 2302 plus
2312 2229 2375 2282 et
2418 2220 2681 2295 minus,
2744 2221 2895 2284 duos
2940 2227 3076 2282 ter-

365 2310 554 2372 minos
619 2310 988 2373 dirimamus.
1098 2309 1254 2375 Cum
1317 2329 1462 2392 ergo
1528 2312 1865 2392 geometria
1934 2311 2051 2374 toti
2116 2310 2335 2374 mundo
2398 2310 2661 2372 creando
2726 2311 3076 2388 praebuerit

361 2399 694 2478 exemplar,
745 2417 864 2462 nou
909 2399 1114 2480 inepte
1159 2401 1310 2464 haec
1357 2402 1730 2482 geometrica
1773 2399 2181 2464 contrarietas
2228 2400 2305 2462 ad
2354 2405 2631 2460 ornatum
2676 2399 2881 2462 mundi
2897 2447 2913 2475 ,
2972 2399 3075 2482 qui

362 2487 640 2550 consistit
683 2489 744 2550 in
789 2487 1046 2550 variatis
1087 2490 1470 2572 planetarum
1506 2490 1753 2565 viribus,
1803 2495 2155 2552 concurret.·

1465 2579 1612 2641 The
1629 2579 1734 2642 sis
1777 2578 1957 2641 XXI.

538 2663 664 2727 Sed
709 2683 842 2730 cum
887 2665 950 2727 hi
997 2666 1272 2730 termini:
1323 2667 1499 2744 idem,
1551 2669 1734 2744 aliud,
1783 2667 2057 2748 aequale,
2105 2664 2263 2744 plus,
2312 2662 2538 2739 minus,
2586 2679 2695 2741 per
2742 2683 2879 2726 sese
2924 2664 3075 2728 nihil

361 2753 734 2836 significent,
803 2755 880 2817 de
933 2755 1222 2837 subjectis
1287 2756 1436 2839 ipsis
1495 2757 1887 2837 cogitandum
1942 2763 2059 2819 est.
2154 2751 2447 2833 Subjecta
2508 2759 2739 2827 autem,
2804 2772 2913 2815 seu
2972 2773 3071 2817 res

361 2844 696 2919 naturales,
747 2844 960 2925 quibus
1010 2846 1124 2907 hae
1173 2853 1524 2927 competant
1567 2846 2040 2919 enunciationes,
2088 2842 2229 2905 inde
2258 2842 2571 2905 habentur.
2664 2842 3075 2924 Proposuerat

364 2934 478 2996 sibi
528 2930 824 2997 Conditor
868 2933 1356 3013 sapientissimus
1401 2937 1684 2998 mundum
1731 2934 2101 3009 constituere
2150 2949 2519 3011 corporeum.
2610 2931 2877 2994 Primum
2926 2951 3071 3013 ergo

361 3030 542 3103 atque
588 3030 934 3085 creaturam
961 3025 1259 3103 concepit,
1307 3025 1630 3088 materiam
1677 3024 1975 3103 concepit,
2024 3040 2203 3103 quam
2250 3039 2329 3081 ex
2354 3020 2528 3081 Mose
2577 3021 2801 3083 scimus
2831 3041 3067 3105 aquam,

371 3112 483 3174 hoc
531 3118 655 3187 est,
703 3110 1042 3187 humidam,
1092 3113 1506 3188 tractabilem,
1573 3114 1818 3176 fictilem
1866 3112 2075 3175 fuisse.
2166 3110 2339 3171 Haec
2384 3128 2529 3189 ergo
2574 3128 2697 3171 una
2742 3128 2839 3172 res
2885 3120 3069 3174 natu-

363 3201 510 3263 ralis
555 3208 685 3271 est,
745 3200 954 3263 humor
1000 3200 1254 3264 scilicet.
1345 3202 1440 3264 At
1497 3221 1612 3264 non
1661 3201 1899 3265 suffecit
1946 3199 2245 3263 conditori
2300 3214 2517 3277 corpus
2564 3199 2799 3273 mundi,
2848 3201 2965 3264 nisi
3010 3201 3072 3263 id

366 3298 432 3351 et
477 3288 776 3352 conditori
821 3289 994 3351 fieret
1040 3291 1474 3371 quodammodo
1521 3288 1716 3354 simile
1735 3338 1751 3367 ,
1813 3294 2103 3367 suscepta
2146 3286 2275 3349 vita
2320 3296 2386 3350 et
2429 3295 2611 3349 motu.
2706 3288 2879 3351 Haec
2926 3308 3069 3369 ergo

361 3379 558 3440 altera
601 3396 701 3441 res
749 3385 874 3440 est:
941 3378 1074 3441 vita
1119 3378 1374 3441 scilicet.
1473 3379 1614 3442 Jam
1675 3379 1816 3459 quia
1878 3379 1951 3441 de
2020 3376 2331 3438 stellarum
2380 3376 2607 3437 viribus
2669 3377 3067 3457 disputamuS‚

360 3486 510 3549 quas
557 3463 844 3529 exercent¹
887 3466 948 3529 in
993 3466 1090 3530 his
1135 3467 1550 3531 inferioribus:
1599 3467 2137 3540 considerandum,
2186 3465 2469 3545 quidnam
2514 3484 2553 3525 a
2598 3466 2795 3528 stellis
2843 3468 2920 3529 ad
2958 3487 3071 3529 nos

361 3556 712 3623 descendat.
804 3556 942 3619 Non
1000 3558 1260 3620 materia
1310 3558 1412 3620 vel
1469 3576 1684 3637 corpus
1729 3558 1960 3637 ipsum;
2020 3573 2161 3617 nam
2205 3553 2271 3615 id
2316 3561 2417 3613 est
2461 3560 2645 3616 antea
2696 3572 2884 3634 penes
2931 3575 3062 3618 nos.

359 3644 497 3708 Non
545 3644 676 3718 vjta
719 3644 856 3725 ipsa
901 3646 1308 3726 originaliter:
1359 3646 1514 3708 hanc
1559 3646 1716 3708 enim
1763 3646 2015 3708 trahunt
2058 3641 2327 3704 viventia
2364 3641 2565 3703 omnia
2612 3662 2687 3703 ex
2735 3643 3069 3724 agitatione

359 3734 624 3808 animae,
689 3752 844 3815 quae
905 3734 966 3797 in
1019 3734 1174 3815 ipsis
1221 3742 1337 3797 est.
1431 3732 1683 3799 Scilicet
1735 3754 1857 3796 non
1912 3738 2209 3813 generant
2262 3731 2503 3805 stellae,
2572 3732 2682 3793 sed
2748 3734 3059 3813 adjuvant.

360 3822 518 3885 Sunt
563 3839 708 3903 ergo
755 3842 794 3885 a
838 3830 1014 3901 parte
1058 3824 1461 3888 instrumenti.
1553 3822 2055 3886 Instrumentales
2101 3820 2289 3901 igitur
2315 3820 2644 3902 qualitates
2690 3821 2867 3885 nobis
2913 3841 3063 3901 sup-

359 3912 674 3990 peditant:
723 3912 874 3974 duas
921 3913 1000 3974 ad
1047 3914 1294 3975 duarum
1343 3930 1546 3976 rerum
1587 3913 1949 3977 naturalium
1994 3928 2330 3972 numerum:
2380 3910 2459 3971 ad
2497 3911 2787 3973 materiae
2826 3916 3064 3973 tracta-

365 4000 668 4064 bilitatem
711 4001 1100 4064 humectandi
1144 4002 1204 4063 vi
1249 4004 1580 4081 pollentes,
1629 4002 1706 4067 ad
1750 4000 1917 4064 vitae
1964 4006 2031 4061 et
2072 4005 2271 4061 motus
2320 4000 2613 4074 fomenta,
2666 3996 3063 4063 calfaciendi:

359 4098 672 4171 utramque
727 4089 1004 4153 obtinent
1067 4098 1132 4153 et
1175 4099 1461 4155 exercent
1515 4091 1806 4154 beneflcio
1853 4090 2031 4165 lucis,
2081 4105 2258 4168 quam
2315 4088 2625 4151 obtinuere
2686 4098 2753 4153 et
2810 4091 2887 4153 ad
2952 4106 3065 4150 nos

350 4180 583 4261 jugiter
627 4178 970 4242 demittunt.
1063 4180 1250 4243 Lucis
1293 4180 1480 4261 igitur
1523 4179 1770 4261 propria
1813 4178 2095 4259 qualitas,
2148 4182 2445 4256 quatenus
2484 4178 2587 4239 lux
2614 4187 2731 4255 est,
2780 4178 3065 4243 calfactio

361 4278 486 4331 est:
533 4269 686 4332 lucis
730 4286 894 4345 vero,
943 4276 1238 4349 quatenus
1281 4268 1628 4345 reflectitur,
1681 4268 1943 4349 qualitas
1988 4275 2089 4329 est
2131 4266 2521 4329 humectatio.
2553 4261 2637 4339 ¹²)

1449 4356 1717 4421 Thesis
1762 4355 1971 4419 XXII.

535 4445 706 4508 Duas
753 4464 898 4527 ergo
945 4446 1274 4510 facultates
1320 4446 1642 4510 habemus:
1691 4444 2115 4509 calfactionem
2160 4450 2225 4505 et
2268 4443 2797 4518 humectationem,
2848 4444 2909 4507 in
2948 4447 3065 4509 tri-

358 4534 503 4616 plici
529 4535 860 4617 quamlibet
886 4534 1249 4612 discrimine,
1299 4554 1571 4611 excessu,
1619 4534 2056 4608 mediocritate,
2098 4532 2359 4595 defectu.
2455 4532 2805 4608 Videamus,
2840 4543 3069 4615 quanta

359 4625 630 4689 varietas
684 4624 822 4687 inde
871 4631 1178 4705 sequatur.
1267 4625 1546 4688 Primum
1597 4632 1857 4705 possunt
1910 4641 2048 4685 esse
2094 4622 2405 4686 solitariae
2464 4622 2830 4686 facultates:
2900 4625 3067 4689 calor

359 4714 418 4775 in
467 4732 740 4788 excessu,
787 4712 1226 4791 mediocritate,
1276 4714 1536 4778 defectu.
1629 4710 2019 4779 Humectatio
2056 4710 2117 4774 in
2146 4728 2419 4787 excessu,
2466 4711 2900 4787 mediocritate,
2952 4716 3063 4777 de-

361 4804 544 4866 fectu.
619 4802 754 4865 -Bic
799 4810 942 4865 sunt
985 4802 1360 4867 differentiae
1405 4820 1536 4867 sex.
1627 4803 1863 4865 Deinde
1910 4819 1986 4863 ex
2030 4800 2471 4863 combinatione
2516 4800 2825 4881 utriusque
2866 4803 3065 4867 facul-

357 4892 510 4957 tatis
555 4892 824 4967 oriuntur
869 4891 1244 4957 differentiae
1291 4910 1528 4969 novem,
1577 4892 1736 4976 quod
1783 4910 1861 4955 ex
1906 4891 2137 4954 tabella
2178 4895 2355 4969 patet
2398 4890 2647 4953 inferius
2692 4892 2920 4971 posita.
