3634 5575
1341 313 1402 366 de
1437 313 1582 366 rebus
1621 313 1944 380 astrologicis.
2574 301 2585 309 ”
2862 309 2990 380 377

285 471 421 546 AB,
484 466 626 544 ΒΟ,
691 467 822 534 GD.
914 467 1031 534 Hic
1097 471 1150 534 si
1195 472 1514 536 Platonem
1567 491 1773 554 roges,
1842 493 1975 538 cum
2018 473 2081 536 A
2140 491 2256 534 non
2322 478 2617 536 consonat
2680 491 2869 554 neque
2914 473 2991 550 B,

285 577 476 642 neque
527 555 598 636 C,
647 578 839 640 neque
877 559 955 620 D.
1047 559 1138 622 At
1183 561 1236 621 si
1284 559 1394 624 OD
1441 572 1620 626 tonus
1666 581 1773 642 per
1817 561 1874 624 E
1921 568 2158 626 secetur
2204 561 2261 622 in
2305 559 2431 631 GE,
2478 561 2717 638 lemma,
2767 568 2833 623 et
2858 561 2991 638 ED,

286 648 502 723 diesin,
551 647 639 710 sic
687 657 753 710 ut
798 647 853 708 E
901 668 1035 710 cum
1083 649 1142 712 A
1187 650 1414 713 habeat
1457 652 1906 732 proportionem
1952 651 2265 731 epitriton,
2332 658 2475 714 tunc
2530 652 2687 714 inter
2731 649 2849 714 ΑΕ
2898 659 2997 714 est

284 729 618 800 harmonia.
711 736 944 816 Itaque,
994 737 1156 800 sicut
1202 747 1380 801 tonus
1431 737 1540 804 CD
1586 760 1695 820 per
1739 741 2117 802 harmoniam
2158 739 2213 802 E
2263 739 2491 801 divisus
2541 746 2637 804 est
2689 740 2751 802 in
2797 739 2993 802 minus

286 823 396 890 GE
442 832 507 887 et
539 825 737 906 majus
783 823 925 899 ED,
988 825 1076 887 sic
1139 836 1359 890 natura
1413 829 1710 892 hominem
1756 849 1937 892 unum
1992 847 2101 908 per
2154 829 2561 909 generationis
2608 836 2988 909 apparatum,

287 915 504 998 quavis
551 913 865 978 harmonia
911 915 1268 991 suaviorem,
1320 917 1528 981 divisit
1574 919 1632 980 in
1679 919 1964 980 feminam
2012 925 2076 978 et
2120 937 2376 994 marem,
2426 937 2675 997 quorum
2722 916 2829 978 alii
2872 917 2993 980 ali-

287 1004 428 1088 quid
474 1004 678 1078 deest,
723 1001 858 1066 huic
907 1003 1194 1066 abundat.
1287 1005 1510 1070 Patere
1558 1007 1745 1080 enim,
1807 1015 1875 1069 ut
1922 1007 2075 1070 hanc
2109 1005 2383 1086 ‘gratiam
2430 1015 2676 1086 tangam
2724 1013 2993 1068 extremo

287 1091 498 1176 digito,
549 1099 618 1153 ut
661 1098 832 1154 tactu
880 1092 1356 1171 experimentum
1403 1095 1660 1176 capiam.
1685 1096 1989 1177 corporis,
2041 1096 2211 1175 cujus
2259 1095 2454 1158 forma
2499 1095 2731 1159 eminus
2778 1102 2991 1158 tanto-

285 1193 430 1263 pere
479 1181 688 1244 arrisit
731 1180 942 1243 oculis.
1035 1181 1196 1244 Nam
1254 1202 1360 1246 cur
1405 1203 1522 1246 non
1579 1186 1786 1265 juvem
1834 1185 2277 1260 Reinhardum,
2334 1183 2770 1265 jucundissime
2832 1185 2993 1247 allu-

289 1271 534 1333 dentem
581 1289 658 1332 ex
702 1267 1136 1348 Trismegisto,
1187 1278 1250 1334 et
1297 1273 1580 1336 feminam
1629 1275 1867 1355 quidem
1914 1274 2071 1336 infra
2118 1273 2545 1350 collocantem,
2594 1281 2663 1336 ut
2704 1292 2819 1353 par
2864 1280 2993 1334 est:

287 1379 403 1422 non
451 1365 594 1420 sunt
637 1358 796 1420 enim
843 1357 1073 1420 ferendi
1120 1358 1252 1436 viri,
1301 1361 1400 1440 qui
1449 1363 1649 1424 ferunt
1695 1382 1839 1424 suas
1886 1362 2143 1424 feminas
2191 1369 2255 1423 et
2300 1371 2513 1424 contra
2550 1363 2768 1424 flumen
2816 1361 2993 1423 navi-

287 1452 454 1528 gant.
551 1446 703 1522 „Dis
750 1465 985 1509 sursum
1053 1447 1272 1524 fumat,
1335 1450 1532 1512 stillat
1575 1450 1748 1514 Jovis
1808 1451 1972 1514 unda
2016 1449 2355 1513 deorsum.“
2448 1451 2579 1514 Nec
2626 1451 2999 1512 invenustior

289 1543 388 1598 est
431 1535 538 1597 illa
583 1534 713 1596 duri
759 1535 1072 1615 mollisque
1121 1539 1618 1604 accommodatio.
1711 1539 1978 1602 Rursum
2027 1539 2180 1601 enim
2230 1538 2435 1601 suavis
2482 1539 2584 1600 ille
2630 1545 2835 1600 tactus
2878 1557 2995 1600 no-

289 1631 454 1688 stros
502 1623 740 1704 judices
803 1625 1065 1687 advocat
1117 1627 1206 1688 rei
1262 1627 1698 1709 lepidissimae,
1787 1647 1921 1690 cum
1979 1647 2054 1689 ex
2110 1626 2507 1708 Trismegisto
2566 1627 2731 1690 solos
2788 1628 2995 1688 oculos

288 1713 636 1786 erudiisset,
685 1732 760 1776 ex
805 1713 1062 1776 Platone
1111 1735 1311 1779 aures.
1403 1718 1649 1780 Etenim
1695 1719 1907 1780 durum
1954 1723 2195 1798 oportet
2240 1735 2413 1792 esse,
2464 1717 2619 1796 quod
2667 1715 2991 1786 infinditur‚

286 1801 466 1866 molle
516 1819 658 1866 vero
707 1821 920 1882 corpus
979 1811 1042 1866 et
1087 1803 1148 1867 in
1196 1825 1261 1867 se
1308 1809 1556 1884 cedens,
1619 1808 1774 1888 quod
1824 1807 2033 1870 durum
2086 1807 2235 1870 illud
2292 1805 2516 1886 excipit
2572 1807 2881 1884 locumque
2940 1804 2997 1866 ei

291 1891 416 1956 dat.
510 1888 648 1961 Qua
692 1890 1044 1955 titillatione
1089 1893 1470 1960 Reinhardus
1519 1895 1810 1960 excitavit
1838 1914 2031 1958 meum
2062 1894 2382 1976 ingenium,
2434 1902 2503 1956 ut
2538 1893 2797 1956 lubuerit
2828 1911 2997 1975 sym·

289 1979 446 2044 bolis
495 2000 627 2043 cum
673 1980 778 2043 illo
827 1989 1083 2058 certare,
1135 1984 1348 2064 quibus
1395 1986 1552 2048 oculi
1599 1985 1775 2049 simul
1823 1993 1888 2046 et
1932 1984 2132 2064 digiti,
2184 1983 2361 2046 simul
2408 1991 2473 2044 et
2518 1983 2775 2045 hominis
2822 1981 2999 2060 inge-
3046 1979 3054 1985 ’

291 2069 452 2132 nium
517 2069 897 2150 facultasque
941 2073 1296 2134 numerandi
1343 2075 1422 2136 ad
1478 2074 1875 2156 judicandum
1920 2082 2103 2154 atque
2151 2072 2613 2136 discernendum
2659 2071 2817 2132 inter
2862 2090 2999 2132 ma-

291 2176 422 2220 rem
465 2165 530 2232 et
574 2157 858 2220 feminam
903 2159 1290 2224 advocentur.

471 2245 596 2310 Sed
643 2244 1025 2308 ratiocinatio
1069 2248 1308 2329 prolixa
1354 2257 1470 2312 est.
1565 2249 1633 2312 In
1679 2247 2016 2330 geometria
2061 2248 2215 2310 ratio
2264 2253 2361 2309 est
2406 2246 2566 2308 inter
2602 2227 2753 2308 duos
2785 2246 2999 2308 termi-

291 2355 420 2410 nos,
470 2333 779 2416 proportio
827 2335 1122 2398 rationum
1170 2338 1496 2402 similitudo
1546 2346 1662 2401 est.
1755 2337 1857 2400 Ad
1886 2337 2333 2419 proportionem
2370 2333 2557 2415 igitur
2587 2341 2842 2414 quatuor
2870 2342 3003 2396 ter-

291 2423 438 2487 mini
483 2423 880 2510 requiruntur.
976 2423 1150 2496 Quod
1213 2427 1266 2488 si
1321 2427 1502 2490 medii
1559 2428 1672 2490 duo
1735 2429 1797 2491 in
1846 2444 2025 2488 unum
2070 2433 2318 2498 coeant,
2384 2424 2691 2506 proportio
2742 2423 3001 2486 efficitur

293 2513 609 2598 continua,
675 2519 802 2574 tres
861 2513 1092 2576 habens
1151 2525 1292 2579 actu
1348 2515 1665 2589 terminoS,
1730 2521 2041 2598 potestate
2104 2522 2379 2594 quatuor.
2472 2513 2641 2574 Inter
2686 2512 3001 2574 continuas

235 2633 256 2656 .·
291 2601 712 2684 proportiones
759 2620 940 2663 unum
978 2601 1282 2682 singulare
1329 2624 1520 2686 genus
1566 2612 1666 2668 est
1709 2603 2115 2686 proportionis
2164 2602 2436 2677 divinae,
2506 2621 2641 2664 cum
2688 2620 2763 2662 ex
2809 2601 3003 2664 tribus

292 2691 565 2754 terminis
609 2689 728 2751 ‘duo
773 2689 1036 2754 minores
1083 2702 1348 2774 aequant
1393 2696 1708 2775 majorem,
1757 2713 1865 2756 seu
1912 2712 2045 2755 curn
2094 2699 2287 2755 totum
2334 2691 2421 2754 ita
2466 2698 2712 2752 secatur
2759 2688 2823 2752 in·
2865 2690 3003 2761 duo,

291 2787 364 2843 ut
413 2781 572 2847 inter
623 2786 832 2858 partes
895 2787 958 2843 et
1005 2787 1200 2845 totum
1266 2784 1349 2847 sit
1396 2783 1680 2847 continua
1738 2781 2066 2865 proportio,
2159 2781 2357 2860 Hujus
2403 2778 2807 2860 proportionis
2854 2779 3004 2840 haec

295 2877 393 2932 est
435 2869 805 2951 proprietas,
869 2878 940 2933 ut
985 2890 1060 2931 ex
1119 2873 1347 2953 majore
1416 2872 1671 2935 termino
1733 2880 1798 2934 et
1845 2878 1975 2934 toto
2038 2890 2272 2934 rursum
2332 2876 2725 2949 componatur
2789 2868 3005 2931 similis

293 2958 623 3039 proporti0.
717 2956 834 3028 Qui
885 2959 1043 3022 enim
1098 2962 1264 3041 prius
1313 2970 1448 3025 erat
1492 2964 1718 3043 major,
1782 2962 1909 3041 jam
1963 2960 2033 3022 fit
2078 2958 2303 3035 minor,
2370 2958 2529 3039 quod
2572 2957 2741 3037 prius
2788 2964 3001 3031 totum,

288 3048 420 3127 jam
463 3047 534 3109 fit
579 3045 772 3125 major
819 3048 1135 3125 terminus,
1189 3056 1252 3112 et
1297 3052 1694 3131 compositum
1740 3071 1816 3113 ex
1862 3057 2113 3129 utroque
2145 3049 2277 3128 jam
2324 3048 2513 3110 habet
2558 3047 2856 3109 rationem
2902 3054 3003 3107 to·-

296 3134 438 3198 tius.
531 3135 661 3195 Hoc
715 3134 774 3195 in
844 3135 1168 3214 infinitum,
1235 3158 1473 3221 semper
1535 3148 1816 3201 manente
1881 3138 2268 3217 proportione
2334 3136 2555 3199 divina.
2650 3135 2828 3197 Hane
2890 3152 3004 3213 ego

298 3222 726 3304 geometricam
773 3224 1249 3305 proportionem,
1314 3235 1487 3307 puto,
1555 3228 1754 3289 ideam
1800 3226 1990 3289 fuisse
2038 3226 2325 3301 creatori,
2386 3226 2465 3287 ad
2514 3225 3009 3287 introducendam

297 3310 746 3392 generationem
793 3313 1009 3375 similis
1057 3333 1134 3377 ex
1179 3315 1378 3389 simili,
1431 3336 1583 3395 quae
1633 3323 1729 3378 est
1776 3314 1963 3377 etiam
2008 3314 2309 3394 perenniS.
2402 3314 2601 3375 Video
2662 3313 2823 3375 enim
2869 3312 3006 3392 qui-

297 3400 528 3463 narium
571 3400 628 3463 in
677 3400 922 3463 floribus
969 3420 1120 3481 pene
1171 3404 1459 3478 omnibus,
1510 3404 1608 3484 qui
1657 3404 1935 3479 fructum,
1982 3403 2097 3465 hoc
2145 3409 2245 3465 est
2272 3401 2723 3482 generationem
2748 3420 3008 3481 praece-

298 3491 466 3558 dunt,
515 3509 704 3571 neque
753 3496 891 3551 suut
938 3492 1012 3553 ob
1061 3511 1128 3553 se
1176 3492 1360 3573 ipsos,
1409 3494 1516 3554 sed
1549 3492 1622 3555 ob
1655 3494 1915 3555 fructum
1944 3498 2311 3571 sequentem.
2406 3489 2633 3552 Omnes
2674 3490 2799 3551 fere
2830 3491 3009 3551 flores

299 3576 538 3640 arborei
584 3586 726 3641 sunt
771 3579 828 3640 in
876 3579 990 3641 hoc
1038 3600 1251 3656 censu3
1311 3582 1496 3646 citros
1544 3588 1606 3644 et
1649 3599 1863 3661 pomos
1910 3579 2219 3643 aurantios
2267 3580 2423 3641 forte
2472 3576 2763 3679 excipere
2796 3577 3007 3652 debeo,

300 3667 418 3731 etsi
461 3668 671 3729 florem
717 3686 836 3729 non
883 3668 1022 3746 vidi,
1072 3689 1150 3731 ex
1194 3670 1394 3733 fructu
1441 3671 1636 3734 solum
1682 3689 1790 3731 seu
1839 3688 2013 3750 pomo
2052 3667 2274 3749 judico,
2328 3668 2425 3748 qui
2474 3684 2591 3728 non
2622 3666 2807 3730 estin
2836 3666 3008 3729 locu-

301 3746 390 3819 los
439 3754 688 3837 quinos,
755 3755 862 3818 sed
911 3766 1223 3838 septenos,
1272 3761 1572 3833 undenOS,
1635 3777 1903 3821 novenos
1951 3757 2197 3821 divisus,
2293 3754 2621 3827 Quinarius
2666 3773 2837 3831 vero,
2904 3773 3011 3816 seu

301 3844 728 3927 quinquanguli
773 3845 965 3925 figura
1010 3848 1376 3911 construitur
1422 3849 1483 3911 in
1529 3846 1865 3929 geometria
1911 3866 2023 3928 ope
2069 3845 2473 3926 proportionis
2524 3842 2783 3918 divinae,
2830 3862 3011 3924 quam

299 3936 436 3997 volo
483 3934 880 4016 archetypum
925 3937 1356 4015 generationiS.
1451 3938 1732 4018 Amplius
1762 3936 1920 3999 inter
1949 3943 2175 3999 motum
2214 3934 2380 3997 Solis
2411 3937 2571 4009 (seu,
2618 3939 2687 3995 ut
2718 3951 2829 4012 ego
2862 3952 3008 3993 sen-

302 4024 407 4096 tio,
455 4021 745 4096 Telluris)
797 4029 860 4085 et
909 4024 1198 4100 Veneris'‚
1252 4046 1403 4107 quae
1449 4032 1695 4107 praeest
1741 4024 2020 4087 facultati
2067 4023 2373 4093 seminali,
2422 4022 2729 4102 proportio
2774 4018 2819 4084 8
2854 4042 2869 4082 ε
2908 4019 3009 4094 13,

303 4132 454 4193 quae
501 4112 768 4194 proxime
815 4119 916 4174 est
961 4113 1182 4190 divina,
1250 4122 1320 4177 ut
1365 4116 1694 4178 audiemus.
1789 4112 2065 4193 Denique
2111 4111 2335 4175 Terrae
2382 4112 2613 4175 coelum
2664 4110 2727 4172 in
2777 4108 3010 4189 Ceper-

305 4200 436 4261 nico
500 4200 762 4277 medium
825 4207 924 4263 est
987 4202 1143 4265 inter
1207 4203 1408 4266 coelos
1471 4204 1692 4266 Martis
1755 4210 1816 4263 et
1873 4201 2164 4274 VeneriS,
2231 4200 2793 4280 proportionemque
2855 4198 3013 4261 inter
3078 4275 3093 4281 ⁶

305 4288 444 4351 illos
489 4298 732 4353 nactum
779 4297 879 4352 est
923 4308 1000 4351 ex
1048 4292 1424 4355 dodecaedro
1473 4299 1537 4354 et
1580 4292 1934 4367 icosaedro,
1986 4310 2136 4371 quae
2186 4297 2329 4351 sunt
2373 4288 2431 4350 in
2479 4288 2813 4369 geometria
2860 4289 3011 4349 duae

306 4376 548 4441 soboles
600 4378 1004 4461 proportionis
1073 4380 1346 4457 divinae3
1410 4380 1474 4443 in
1517 4382 1708 4443 Terra
1751 4398 1896 4441 vero
1962 4386 2175 4442 nostra
2228 4384 2545 4441 exercetur
2604 4376 3013 4455 generationis

308 4485 482 4551 opuS.
573 4465 732 4531 Vide
769 4466 922 4546 jam,
972 4469 1263 4549 quomodo
1312 4488 1389 4532 ex
1434 4470 1835 4551 proportione
1870 4467 2073 4529 divina
2127 4467 2383 4529 resultet
2440 4466 2671 4544 effigies
2717 4464 2903 4527 maris
2950 4472 3023 4547 et,

310 4553 584 4620 feminae.
675 4554 795 4616 Est
849 4574 981 4619 meo
1042 4557 1262 4637 judicio
1329 4560 1539 4621 eadem
1587 4557 1762 4641 quasi
1827 4556 2135 4637 proportio
2184 4553 2599 4631 seminationis
2629 4612 2641 4621 ,
2666 4553 3013 4632 plantarum

309 4643 388 4705 ad
435 4654 640 4709 actum
685 4645 1092 4722 generationis
1150 4646 1492 4709 animalium
1511 4694 1526 4720 ,
1591 4666 1744 4729 quae
1812 4652 1912 4708 est
1962 4643 2367 4725 proportionis
2432 4641 2839 4723 geometricae
2906 4658 3013 4703 seu

309 4732 482 4796 lineis
548 4752 906 4816 expressae,
985 4736 1062 4797 ad
1126 4734 1572 4817 proportionem
1636 4734 2079 4799 arithmeticam
2144 4748 2249 4818 seu
2313 4729 2576 4793 numeris
2643 4747 3010 4809 expressam.

309 4821 462 4906 Jam-
499 4842 644 4887 vero
693 4821 898 4885 divina
941 4824 1250 4908 proportio
1296 4824 1558 4888 numeris
1605 4824 1855 4907 exprimi
1902 4824 2171 4906 perfecte
2219 4820 2453 4902 nequit,
2514 4818 2765 4902 exprimi
2811 4824 3011 4880 tamen
