3634 5575
511 295 640 368 168
1083 298 1091 304 ’
1529 298 1758 364 uptun
1794 290 2197 360 commuta

507 467 794 538 motuum,
843 475 1022 540 quam
1069 457 1184 522 sibi
1229 457 1348 540 ipsi
1393 477 1548 524 uuus
1593 458 1843 542 quisque
1878 457 2270 539 peculiariter
2304 455 2747 520 constituisset.
2816 455 3031 537 ltaque
3074 461 3229 535 opus

510 570 648 614 esse
693 547 1030 612 attentione
1076 553 1142 610 et
1185 547 1484 610 industria
1527 547 1856 628 singulari,
1920 553 1987 610 ut
2042 547 2257 626 quibus
2302 553 2413 608 aut
2464 545 2613 610 nihil
2666 552 2777 608 aut
2836 561 3047 625 parum
3108 544 3225 605 ad-

505 639 750 702 ‘modum
793 636 991 716 opinio
1038 636 1451 700 observatoris
1494 636 1833 699 addidisset
1888 635 2361 708 detraxissetve,
2424 653 2533 696 eae
2590 655 2629 696 a
2674 634 2973 714 corruptis
3020 651 3229 694 secer-

511 735 814 790 nerentur.
889 724 1234 788 Secundam
1279 745 1526 788 causam
1564 743 1700 788 esse
1747 725 1995 787 dicebat
2038 723 2304 786 siderum
2348 723 2739 786 inerrantium
2787 723 2923 785 lom
2968 740 3007 782 a
3048 729 3229 782 vete-

509 816 676 880 ribus
723 833 840 877 non
885 814 1138 876 ulterius
1185 833 1363 894 quam
1409 815 1486 876 ad
1535 821 1851 876 sextantes
1896 813 2157 895 partium
2204 812 2542 894 exquisita,
2596 820 2665 874 et
2708 811 3034 874 secundum
3078 810 3227 871 haec

511 913 712 968 tamen
759 902 1078 986 praecipue
1105 903 1434 965 errantium
1460 903 1696 983 positus
1726 903 1861 984 capi
1900 912 2214 984 oportere,
2198 921 2215 938 ·
2259 921 2457 982 pauca
2502 900 2863 980 excipiebat,
2908 899 2967 961 in
3016 898 3229 980 quibus
3292 907 3305 915 ”

512 993 835 1066 declinatio
882 991 1100 1054 sideris
1148 991 1224 1053 ab
1261 992 1686 1072 aequinoctiali
1715 993 2011 1054 annotata
2047 1010 2174 1054 rem
2210 991 2547 1070 adjuvaret,
2594 990 2753 1070 quod
2790 990 2865 1051 de
2902 989 3016 1050 hac
3061 988 3229 1049 locus

511 1083 646 1164 ipse
695 1081 911 1144 sideris
960 1080 1182 1142 certius
1229 1081 1512 1144 constitui
1553 1081 1686 1161 jam
1731 1089 1960 1164 posset.
2036 1080 2307 1143 Tertiam
2354 1098 2601 1142 causam
2637 1079 2794 1140 banc
2823 1076 3225 1139 memorabat·

509 1171 648 1236 Non
694 1169 918 1232 habere
966 1187 1075 1230 nos
1122 1169 1280 1232 tales
1329 1178 1630 1243 auctores,
1679 1169 1889 1251 quales
1918 1169 2303 1232 Ptolemaeus
2331 1167 2651 1231 habuisset
2686 1175 2829 1248 post
2856 1162 3231 1248 Babylonios

511 1267 574 1322 et
620 1258 999 1333 Chaldaeos,
1057 1258 1166 1320 illa
1211 1259 1436 1320 lumina
1481 1259 1670 1334 artie,
1727 1258 2175 1338 Hipparchum,
2244 1257 2699 1332 Timocharem,
2764 1255 3105 1318 Menelaum
3166 1259 3232 1316 et

509 1355 764 1423 ceteros,
815 1365 1062 1426 quorum
1111 1354 1177 1409 et
1220 1366 1329 1409 nos
1377 1347 1903 1411 observationibus
1953 1367 2025 1408 ac
2069 1347 2415 1426 praeceptis
2458 1345 2571 1409 niti
2618 1365 2691 1406 ac
2738 1344 3035 1407 confidere
3080 1361 3229 1422 pos·

511 1436 717 1500 simus.
821 1435 904 1498 Se
971 1425 1206 1514 quidem
1261 1437 1442 1498 malle
1508 1436 1567 1498 in
1631 1437 1709 1498 iis
1773 1436 2194 1516 acquiescere,
2266 1453 2513 1517 quorum
2578 1434 2901 1496 veritatem
2962 1429 3230 1512 profiteri

509 1534 739 1606 posset,
791 1543 967 1604 quam
1013 1523 1074 1585 in
1124 1525 1534 1604 ambiguorum
1582 1525 1765 1587 dubia
1809 1525 2151 1588 subtilitate
2191 1531 2501 1586 ostentare
2548 1523 2775 1602 ingenii
2822 1520 3225 1584 acrimoniam.

509 1613 690 1676 Haud
737 1613 975 1694 quidem
1024 1613 1260 1692 longius
1307 1622 1501 1689 certe,
1561 1615 1658 1676 vel
1707 1613 1891 1676 etiam
1936 1613 2185 1695 propius
2230 1613 2467 1674 omuino
2516 1612 2831 1692 abfuturas
2880 1627 3023 1672 suas
3068 1607 3231 1670 iudi-

513 1701 788 1765 cationes
835 1709 1116 1762 sextante
1157 1710 1263 1763 aut
1305 1703 1638 1782 quadrante
1683 1704 1880 1783 partis
1926 1703 2102 1766 unius
2150 1723 2190 1763 a
2233 1721 2377 1763 vero
2397 1719 2417 1775 ς
2466 1701 2633 1780 cujus
2680 1701 2952 1762 defectus
3000 1705 3235 1761 tantum

515 1789 734 1853 abesse
779 1798 850 1851 ut
893 1809 960 1850 se
1004 1791 1350 1870 poeniteat,
1405 1799 1478 1852 ut
1529 1809 1889 1871 magnopere
1948 1792 2248 1866 laetetur,
2314 1791 2429 1853 huc
2474 1807 2663 1870 usque
2711 1790 2891 1869 longo
2936 1797 3229 1865 tempore,

511 1878 744 1960 ingenti
791 1878 999 1940 labore
1024 1921 1040 1948 ‚
1089 1879 1353 1942 maxima
1400 1881 1811 1956 contentione,
1863 1881 2064 1942 studio
2114 1888 2177 1941 et
2219 1878 2519 1942 industria
2563 1877 2853 1958 singulari
2908 1877 3233 1959 procedere

511 1967 805 2050 potuisse.
881 1967 1242 2030 Mercurium
1293 1969 1546 2049 quidem,
1599 1970 1772 2050 quasi
1819 1970 2151 2032 secundum
2195 1969 2576 2051 proverbium
2608 1965 2999 2035 Graecorum,
3044 1966 3233 2028 relin-

512 2055 738 2140 quebat
774 2057 832 2118 in
863 2054 1062 2118 medio
1093 2075 1495 2130 communem3
1545 2059 1704 2139 quod
1741 2059 1814 2120 de
1862 2057 1967 2121 illo
2015 2077 2209 2139 neque
2258 2078 2367 2120 suo
2416 2056 2617 2119 studio
2665 2056 3051 2118 observatum
3100 2073 3233 2118 esse

512 2145 760 2220 diceret,
808 2164 1000 2226 neque
1049 2144 1126 2206 ab
1173 2145 1310 2208 aliis
1357 2165 1423 2208 se
1471 2147 1801 2227 accepisse,
1852 2165 1968 2227 quo
2014 2165 2379 2234 magnopere
2418 2144 2691 2225 adJuvari
2740 2153 2847 2208 aut
2893 2144 3050 2225 quod
3100 2162 3233 2207 om·

512 2233 653 2296 nino
699 2232 954 2313 probare
998 2242 1232 2313 posset.
1309 2236 1410 2297 Me
1459 2235 1698 2338 quidem
1743 2235 1935 2298 multa
1974 2253 2245 2312 monens,
2294 2233 2643 2313 suinciens,
2690 2233 3089 2313 praecipiens,
3136 2232 3233 2293 in-

511 2322 720 2403 primis
763 2321 1144 2399 hortabatur,
1194 2331 1262 2385 ut
1307 2323 1620 2398 stellarum
1665 2323 2057 2387 inerrantium
2094 2322 2505 2385 observationi
2542 2339 2787 2402 operam
2818 2323 3046 2395 darem,
3092 2321 3235 2384 illa-

513 2431 640 2476 rum
685 2411 1095 2491 potissimum,
1145 2431 1296 2492 quae
1343 2412 1401 2473 in
1453 2412 1742 2493 signifero
1790 2421 2119 2492 apparent,
2182 2412 2338 2494 quod
2386 2431 2521 2474 cum
2570 2411 2663 2473 his
2710 2409 3041 2473 errantium
3086 2429 3236 2473 con-

513 2517 760 2580 gressus
807 2499 1004 2561 notari
1061 2507 1343 2578 possent,
1407 2502 1568 2563 etc.“
1661 2502 1979 2564 Hactenus
2034 2521 2109 2564 ex
2168 2502 2429 2582 epistola
2474 2500 2717 2563 Rbet-ici
2773 2519 2883 2574 ea,
2952 2519 3105 2581 quae
3160 2499 3237 2561 ad

511 2607 638 2652 rem
686 2587 872 2652 fuere.
966 2586 1128 2658 Quid
1175 2597 1241 2652 tu
1278 2591 1450 2670 jam,
1515 2589 1708 2652 amice
1763 2591 1991 2666 lector,
2057 2591 2133 2652 de
2181 2588 2517 2670 Copernico
2576 2589 2811 2650 sentis?
2886 2587 2955 2651 Si
3004 2589 3077 2650 de
3124 2589 3238 2650 hoc

513 2678 756 2757 negotio
805 2676 1022 2739 fuisset
1065 2678 1329 2740 monitus
1377 2685 1560 2759 atque
1610 2679 2140 2760 deprehendisset,
2194 2697 2370 2759 quam
2414 2695 2603 2758 prope
2652 2675 2815 2740 absit
2861 2679 2937 2739 ab
2986 2696 3057 2738 eo
3104 2695 3239 2739 cum

517 2765 644 2829 suis
689 2765 1046 2841 rationibus,
1099 2766 1240 2847 quid
1286 2773 1464 2848 putas
1510 2785 1624 2829 non
1675 2775 2022 2830 tentaturus
2070 2768 2317 2843 fuisset,
2368 2785 2541 2849 quem
2589 2765 2859 2830 laborem
2902 2785 3019 2829 non
3070 2785 3236 2829 sum-

515 2855 722 2929 sisset,
771 2861 839 2915 ut
887 2872 1139 2933 corpora
1185 2875 1318 2917 cum
1368 2856 1493 2918 suis
1539 2853 1784 2919 orbibus
1834 2856 2231 2919 conciliaret?
2312 2855 2517 2937 Atque
2564 2856 2679 2917 hoc
2725 2856 2778 2917 si
2825 2857 3089 2930 daretur,
3119 2855 3240 2937 -qui

466 2998 477 3007 .
515 2961 881 3015 consensus,
939 2960 1090 3022 quae
1148 2944 1442 3023 perfectio
1488 2963 1605 3006 non
1653 2946 1954 3025 speranda
2000 2944 2215 3009 esset?
2307 2943 2445 3016 Qua
2488 2944 2548 3005 in
2598 2964 2663 3006 re
2710 2944 2851 3025 quid
2907 2944 3039 3019 alii,
3099 2944 3239 3025 quid

515 3031 648 3111 ipse
694 3030 1057 3092 Maestlinus
1113 3032 1465 3113 aliquando,
1531 3034 1774 3097 favente
1821 3034 1983 3104 Deo,
2043 3034 2447 3114 praestiturus
2506 3033 2619 3109 sit,
2678 3041 2915 3113 tempus
2978 3032 3235 3096 docebit.

518 3120 766 3182 Interea
809 3119 1016 3187 nolim,
1065 3120 1198 3200 quis
1245 3128 1470 3184 temere
1515 3129 1730 3184 contra
1765 3140 1861 3183 me
1890 3124 2264 3202 pronunciet,
2314 3130 2377 3183 et
2424 3140 2615 3202 aequo
2664 3121 2865 3183 animo
2913 3122 3067 3183 hanc
3112 3120 3239 3183 litis

521 3208 875 3270 dilationem
905 3208 1098 3271 ferat.

1221 3394 1308 3457 IN
1357 3392 1640 3460 CAPUT
1683 3394 2082 3461 DEOIMUM
2130 3394 2551 3460 OCTAVUM

1543 3517 1796 3571 ‘Noun
1834 3519 2191 3573 Auo-roms.

681 3620 744 3694 a)
784 3623 908 3680 Etsi
949 3640 1139 3681 verum
1179 3631 1283 3689 est,
1325 3626 1648 3683 Prutenioas
1692 3646 1941 3699 peceare,
1985 3647 2106 3684 cum
2148 3626 2317 3693 alias,
2364 3635 2480 3685 tum
2521 3628 2692 3683 etiam
2730 3628 2789 3683 in
2826 3627 3240 3699 prosthaphae-

519 3705 734 3763 resibus
777 3704 924 3759 orbis
967 3706 1163 3770 annui,
1217 3706 1504 3775 potissima
1543 3715 1730 3765 tamen
1771 3725 1945 3765 causa
1994 3727 2103 3763 non
2128 3710 2311 3779 *hujus
2352 3716 2573 3765 tantum
2610 3709 2709 3773 rei,
2759 3710 2902 3778 quod
2942 3708 3242 3763 intervalla

523 3785 734 3841 orbium
773 3802 882 3840 non
922 3793 1124 3841 exacte
1167 3786 1440 3855 quadrant
1497 3790 1568 3841 ad
1623 3789 2007 3859 proportiones
2050 3790 2288 3861 quinque
2334 3806 2621 3859 corporum
2678 3788 3078 3860 geometricas,
3143 3788 3238 3843 sed

522 3866 691 3921 etiam
733 3864 874 3919 alius
915 3866 1139 3937 majoris
1183 3865 1287 3929 rei,
1351 3869 1492 3937 quod
1535 3868 1746 3923 scilicet
1803 3870 2104 3940 planetarii
2146 3871 2306 3923 orbes
2360 3870 2577 3924 habent
2616 3874 2807 3923 tantas
2850 3868 3057 3939 singuli
3100 3875 3239 3923 tam-

523 3964 629 4019 que
671 3946 984 4001 differentes
1027 3946 1499 4012 eccentricitates,
1561 3948 1849 4020 utriusque
1890 3950 2113 4020 inquam
2162 3949 2243 4004 rei
2287 3966 2459 4004 cansa
2500 3956 2589 4003 est
2628 3948 2684 4002 in
2728 3949 3035 4019 archetypo
3079 3962 3241 4001 exor-

521 4025 761 4081 nationis
802 4032 1044 4079 motuum
1085 4027 1378 4079 secundum
1416 4028 1661 4083 rationes
1703 4028 2081 4084 harmonicas:
2124 4031 2221 4085 ubi
2264 4045 2382 4084 cum
2416 4046 2525 4083 non
2566 4036 2797 4099 possent
2834 4034 3075 4082 exactae
3116 4044 3243 4098 pro-

525 4104 805 4177 portiones
846 4104 1112 4175 figurales
1158 4112 1310 4159 stare
1343 4106 1519 4175 juxta
1558 4110 1945 4180 proportiones
1987 4110 2352 4174 harmonicas,
2395 4126 2623 4163 necesse
2664 4109 2771 4163 fuit
2798 4108 2929 4171 iuis,
2970 4114 3037 4162 ut
3062 4106 3241 4179 magis

527 4188 596 4242 ad
635 4184 883 4240 rationes
925 4185 1194 4240 materiae
1235 4186 1672 4254 declinantibus,
1735 4190 1996 4262 derogari
2035 4207 2229 4260 parum
2272 4189 2502 4262 aliquid,
2568 4195 2633 4243 ut
2686 4188 3068 4259 proportiones
3116 4190 3245 4241 har-

523 4267 772 4321 monicae
824 4264 1000 4334 juxta
1053 4267 1229 4320 locum
1287 4266 1588 4333 haberent,
1648 4270 1782 4324 illae
1826 4270 2041 4342 quidem
2096 4271 2153 4325 in
2194 4269 2391 4341 spatiis
2451 4269 2660 4334 mundi,
2722 4269 2867 4323 istae
2908 4284 3051 4323 vero
3102 4268 3247 4323 inter

527 4352 706 4401 motus
765 4362 869 4415 per
923 4346 1127 4415 spatia.
1212 4344 1351 4400 Vide
1403 4346 1548 4402 hunc
1607 4357 1862 4405 ornatum
1921 4350 2350 4415 ornatissimum,
2413 4350 2508 4405 lib.
2552 4350 2621 4403 V.
2686 4350 2947 4405 Harmon.
3012 4365 3135 4419 cap.
3190 4347 3244 4402 9.

529 4443 684 4497 prop.
731 4440 768 4480 a
809 4426 904 4480 46.
947 4424 1001 4479 in
1045 4426 1142 4481 49.
1188 4428 1258 4480 ad
1299 4427 1542 4519 longum.

691 4502 750 4571 b)
793 4506 906 4559 Imo
947 4505 1005 4559 in
1029 4506 1214 4559 Marte
1259 4512 1391 4567 tres,
1437 4506 1492 4560 in
1539 4508 1752 4562 Venere
1803 4508 2040 4580 quinque
2088 4513 2295 4581 gradus
2343 4510 2397 4564 in
2445 4517 2837 4573 transversum,
2884 4508 2939 4563 in
2974 4506 3246 4563 Mercurio

537 4586 608 4639 10
655 4586 746 4637 vel
803 4586 866 4639 11
901 4587 1110 4655 gradus
1156 4584 1226 4650 (si
1271 4585 1438 4639 etiam
1462 4588 1578 4641 de'
1563 4588 1627 4641 iis
1659 4586 1808 4652 locis,
1852 4590 1949 4643 ubi
1994 4591 2230 4660 planeta
2266 4589 2355 4645 hic
2382 4589 2555 4644 videri
2593 4587 2799 4659 nequit,
2846 4607 2921 4643 ex
2948 4584 3247 4657 hypothesi

533 4664 781 4719 theoriae
809 4664 1064 4719 Mercurii
1095 4682 1132 4719 a
1159 4683 1244 4720 me
1274 4664 1578 4721 constituta
1607 4668 1738 4723 licet
1765 4669 1975 4740 aliquid
2004 4666 2305 4735 affirmare)
2350 4669 2515 4723 certis
2544 4669 2755 4746 orbium
2784 4669 2918 4723 locis
2967 4668 3023 4721 in
3063 4682 3247 4721 errore

532 4748 663 4799 sunt
702 4745 850 4813 apud
887 4744 1229 4800 Prutenicas.

694 4818 752 4893 c)
795 4824 1000 4879 Centra
1033 4825 1325 4897 planorum
1368 4810 1584 4901 figurae
1613 4827 2056 4903 circumscriptae
2104 4837 2165 4885 et
2210 4829 2403 4905 anguli
2444 4831 2660 4907 figurae
2688 4828 2988 4899 inscriptae
3016 4844 3123 4883 non
3150 4844 3248 4901 po·
