3634 5575
1469 388 1794 439 Prooemium.
2907 372 2997 454 '67

267 549 444 591 menta
475 549 567 591 aut
601 556 833 593 sensuum
871 544 1116 595 subtilitas
1151 546 1244 595 hoc
1282 547 1578 613 investigare
1617 548 1829 609 poterit,
1880 546 2010 610 quod
2048 546 2292 611 Keplerus
2328 548 2573 604 intendit,
2628 560 2747 597 nam
2792 550 2835 597 si
2880 560 2998 597 con

265 614 474 662 trau-ium
510 612 711 663 firmiter
745 616 1001 679 probetur,
1045 620 1203 665 omnis
1242 616 1498 681 Copernici
1538 620 1839 667 astronomia
1872 617 2015 667 valde
2052 625 2287 681 suspecta
2332 618 2440 667 erit.
2496 618 2681 667 Dubito
2719 624 3001 682 praeterea,

269 698 338 732 an
375 684 491 733 talis
527 686 776 749 inquisitio
814 685 879 734 ad
918 688 1268 737 astronomiam
1305 690 1566 753 quicquam
1607 696 1863 752 apportet,
1925 690 2019 737 nisi
2068 703 2133 736 ea
2189 690 2254 738 ad
2290 690 2536 752 perfectas
2573 690 2809 739 scientias
2848 684 3000 752 (quod

267 754 466 804 videtur
501 756 696 813 conari)
734 762 1063 807 convertatur.

415 826 546 877 Huic
583 828 777 876 innixus
796 828 984 889 judicio
1027 828 1398 879 Herwartns
1431 828 1686 894 respondit
1719 828 1937 893 Keplero
1975 830 2021 879 d.
2066 828 2147 877 15.
2181 829 2293 880 Oct.
2336 828 2477 879 1598
2510 830 2641 881 hunc
2680 831 2730 879 ln
2765 830 3000 880 modum:

269 898 380 948 Das
416 897 506 947 Ich
541 898 654 947 dem
687 896 852 947 Herrn
887 899 980 949 auf
1010 900 1118 949 sein
1155 916 1220 949 an
1255 901 1387 949 mich
1418 904 1595 965 junget
1629 900 1817 965 gethan
1858 900 2124 951 Schreiben
2180 916 2237 951 so
2286 902 2436 966 lange
2473 902 2588 952 Zeit
2636 902 2777 951 nicht
2820 908 2999 967 guant-

266 976 463 1025 wortet,
501 970 568 1017 ist
605 983 694 1018 ans
733 967 1088 1035 eingefallener
1123 971 1434 1028 Krankheit,
1472 973 1628 1023 demit
1661 972 1744 1022 ich
1779 972 1990 1021 beladen
2028 988 2257 1037 gewesen
2296 973 2399 1021 und
2436 972 2617 1022 darauf
2650 973 3004 1023 anbefohlener

269 1040 447 1099 naias,
489 1040 647 1089 daron
685 1038 766 1088 ich
804 1046 904 1089 erst
937 1041 1122 1091 wieder
1155 1042 1286 1091 nach
1321 1042 1462 1092 Hans
1501 1042 1733 1107 gelangt,
1789 1042 1983 1092 bishero
2034 1043 2329 1092 verblieben.
2405 1042 2520 1092 Und
2556 1044 2676 1093 thue
2713 1044 2845 1094 mich
2884 1046 3005 1093 aber

271 1112 438 1159 seines
489 1124 556 1159 an
605 1110 740 1159 mich
794 1112 1190 1178 abgegangenen
1244 1111 1563 1171 Schreibens,
1623 1114 1865 1164 darinnen
1922 1128 1975 1164 er
2028 1114 2158 1163 mich
2207 1115 2344 1164 seine
2398 1114 2708 1164 vorhabende
2746 1114 2913 1167 studia
2948 1130 3002 1164 so

269 1180 572 1233 verti-aulici!
608 1180 868 1239 bel-ichtet,
905 1197 1036 1247 ganz
1073 1184 1270 1233 freund-
1309 1185 1412 1234 und
1453 1185 1718 1235 dienstlich
1750 1186 2029 1234 bedanken.

417 1253 526 1303 Wie
562 1252 646 1302 ich
681 1254 768 1303 des
804 1254 966 1303 Herm
1003 1268 1412 1320 vorgenommene
1457 1257 1829 1306 observationes
1878 1256 2101 1307 verstehe
2122 1291 2136 1313 ,
2193 1257 2395 1309 vurden
2450 1256 2671 1307 dadumh
2692 1293 2705 1313 ,
2762 1257 2856 1305 auf
2904 1256 3002 1307 den

271 1324 382 1372 Fau
421 1324 490 1372 Er
523 1324 803 1374 sensibilem
839 1324 1168 1375 differentiam
1206 1341 1266 1376 ex
1304 1327 1643 1377 observatione
1682 1326 2069 1391 deprehendiren
2112 1328 2301 1377 konnte
2322 1364 2335 1381 ,
2394 1328 2481 1379 des
2538 1327 2795 1391 Copernici
2844 1328 2999 1393 hypo-

271 1395 442 1444 theses
479 1394 680 1444 evertirt
701 1429 714 1452 ,
753 1395 982 1445 sintemal
1022 1396 1321 1461 Gopernicus
1357 1400 1761 1461 praesupponirt,
1821 1398 1950 1462 quod
2004 1397 2244 1447 distantia
2296 1400 2425 1447 inter
2480 1396 2645 1447 Solem
2697 1405 2747 1447 et
2798 1395 3003 1447 Terram

273 1467 340 1515 ad
392 1468 776 1515 immensitatem
831 1466 1084 1516 stellarum
1138 1467 1344 1517 fixarum
1383 1470 1650 1518 existimari
1705 1475 1936 1533 nequeat.
2012 1466 2128 1518 Und
2175 1466 2416 1533 gehorten
2481 1468 2612 1519 dazu
2672 1472 3003 1519 instrumenta

271 1552 466 1603 magna
483 1572 497 1597 ,
537 1546 722 1587 exacta
755 1544 808 1587 et
841 1538 1272 1596 mansuetissima,
1309 1540 1534 1589 dudm-ch
1587 1554 1708 1589 man
1755 1538 1885 1589 anch
1922 1540 1989 1588 ad
2022 1540 2256 1602 scmpula
2290 1541 2475 1603 prima,
2528 1541 2608 1591 vel
2644 1543 2797 1589 etium
2834 1546 3003 1605 partes

273 1608 468 1673 aliquas
505 1608 718 1671 scrupuli
755 1609 896 1671 primi
931 1612 1156 1672 praecise
1193 1611 1470 1663 observiren
1508 1612 1710 1661 konate.
1767 1609 1853 1660 Da
1888 1610 1976 1660 der
2010 1610 2139 1660 Hert
2176 1610 2489 1677 dergleichen
2522 1611 2631 1669 hat,
2670 1614 2847 1661 nimmt
2868 1610 3003 1661 mich

276 1680 524 1737 Wunder,
563 1694 638 1728 vo
677 1678 795 1727 oder
828 1682 920 1729 wie
959 1695 1011 1729 er
1049 1681 1128 1730 die
1165 1682 1371 1733 erobert.
1448 1682 1628 1731 Wollte
1664 1697 1786 1747 geru
1824 1683 2027 1741 wissen,
2068 1684 2153 1743 ob,
2203 1684 2295 1732 wie
2332 1684 2437 1732 und
2471 1684 2523 1731 in
2561 1698 2665 1734 was
2700 1682 2877 1733 Wehrt
2908 1697 3000 1733 un-

278 1750 554 1815 gembrlich
593 1748 904 1814 dergleichen
944 1767 1005 1799 zu
1043 1752 1333 1802 bekommen
1372 1754 1479 1802 sein
1515 1753 1764 1802 mochten.

421 1820 588 1870 Wann
625 1821 739 1869 dem
773 1820 934 1871 Herm
971 1824 1022 1871 in
1058 1822 1202 1872 rebus
1237 1824 1606 1873 mathematicis
1661 1824 1780 1873 oder
1825 1823 1956 1873 auch
2000 1826 2100 1872 suis
2138 1824 2311 1873 studiis
2359 1831 2411 1873 et
2446 1825 2865 1875 observationibus
2899 1837 3003 1874 vas

278 1892 555 1957 einlanget,
595 1892 708 1941 thnt
743 1892 810 1942 Er
842 1895 936 1942 mir
971 1896 1050 1941 ein
1087 1894 1410 1944 sonderbares
1437 1894 1683 1951 Geinum,
1723 1896 1790 1945 da
1824 1894 1894 1943 Er
1927 1895 2060 1944 mich
2097 1896 2274 1945 descen
2310 1896 2643 1960 vei-stendigt,
2682 1896 2783 1945 und
2820 1896 2887 1945 da
2921 1894 3004 1945 ich

276 1964 385 2013 Ime
423 1962 560 2014 kann
595 1964 742 2011 hiezu
777 1965 827 2013 in
867 1965 964 2013 eim
1001 1964 1121 2013 oder
1153 1965 1311 2015 ander
1347 1966 1474 2030 Weg
1511 1966 1760 2015 verholfen
1797 1981 1947 2029 seyn,
1984 1966 2075 2016 hat
2112 1967 2181 2015 Er
2216 1966 2346 2017 mich
2383 1968 2511 2016 dazn
2547 1966 2713 2031 willig.
2786 1964 2899 2017 Wie
2922 1966 3003 2017 ich

277 2034 386 2085 Ime
425 2034 560 2085 daun
597 2033 898 2083 freundliche
934 2035 1370 2101 Dienstvilligkeit
1407 2052 1467 2086 zu
1505 2038 1741 2087 erweisen
1777 2039 1985 2103 geneigt
2020 2037 2280 2087 verbleibe.
2426 2036 2617 2088 Datum
2654 2035 2745 2087 ἅο.

419 2190 466 2241 E
503 2190 778 2258 Kepleri
813 2196 1131 2257 responsione
1165 2194 1294 2246 haec
1333 2194 1592 2245 addimus:

460 2384 732 2449 Salutem
780 2388 842 2449 in
891 2384 1132 2451 Christo
1177 2388 1518 2451 Mediatore
1564 2396 1630 2450 et
1671 2388 2042 2452 Redemtore
2088 2397 2297 2453 nostro
2344 2390 2536 2451 unico.

463 2510 704 2573 Literas
751 2522 907 2585 tuas,
935 2512 1164 2593 .Magn.
1213 2512 1347 2587 Vir,
1406 2510 1503 2575 15.
1555 2510 1693 2575 Oct.
1741 2510 2023 2594 scriptas,
2072 2510 2133 2575 5.
2182 2512 2331 2575 Dec.
2381 2513 2602 2593 accepi.
2652 2512 3003 2594 Recupera-

281 2610 412 2663 tam
459 2601 664 2680 itaque
709 2601 1136 2675 valetudinem,
1187 2602 1526 2663 confectum
1574 2600 1830 2663 feliciter
1876 2602 2019 2671 iter,
2070 2609 2134 2663 et
2176 2603 2436 2663 reditum
2483 2604 2559 2663 ad
2607 2602 2841 2663 nobiles
2888 2601 3001 2662 de-

283 2690 458 2752 licias
479 2706 484 2711 ·
503 2708 695 2751 rernm
743 2690 1302 2751 mathematica-um
1347 2690 1458 2751 tibi
1506 2691 1796 2770 gratulor.

463 2776 640 2848 Quod
685 2797 854 2841 meas
901 2779 1118 2841 stellae
1164 2779 1391 2858 polaris
1439 2778 1893 2842 observationes
1942 2778 2183 2854 attinet,
2232 2779 2284 2840 si
2324 2778 2580 2840 antehac
2629 2797 2744 2841 non
2784 2778 3001 2846 monui,

287 2875 452 2930 certe
491 2868 623 2947 jam
667 2869 998 2947 praeterire
1055 2887 1171 2930 non
1225 2886 1503 2948 possum,
1568 2869 1879 2931 inductum
1924 2887 2016 2930 me
2066 2867 2123 2929 in
2174 2869 2326 2930 hanc
2386 2868 2786 2948 suspicionem
2833 2877 3004 2929 certa

283 2968 352 3020 et
387 2957 664 3018 dimensa
709 2958 910 3038 aliqua
945 2957 1423 3033 ratiocinatione,
1475 2959 1729 3034 scilicet,
1777 2965 1847 3019 ut
1894 2975 2044 3037 quae
2091 2958 2247 3020 ratio
2296 2967 2392 3020 est
2438 2957 2599 3018 orbis
2630 2957 2875 3018 Terreni
2921 2957 3004 3018 ad

283 3047 488 3107 orbem
551 3046 926 3120 Saturnium,
987 3046 1198 3108 eadem
1261 3055 1520 3126 ponatur
1575 3048 1728 3109 ratio
1793 3047 1959 3108 orbis
2006 3045 2255 3108 Saturni
2312 3046 2389 3107 ad
2458 3046 2664 3106 orbem
2732 3037 3025 3108 fixarum?

283 3135 478 3197 Esset
521 3136 704 3212 igitur
749 3135 1194 3196 semidiameter
1239 3135 1429 3212 orbis,
1480 3136 1580 3215 qui
1627 3137 1875 3210 Terram
1922 3136 2115 3209 vehit,
2165 3136 2241 3196 ad
2290 3135 2802 3196 semidiametrum
2846 3135 3005 3196 fixa-

285 3243 416 3286 rum
463 3224 876 3303 subcentupla,
920 3225 1058 3305 quia
1105 3232 1203 3285 est
1231 3225 1306 3285 ad
1347 3225 1863 3286 semidiametrum
1900 3223 2147 3287 Saturni
2186 3223 2571 3302 subdecupla.
2634 3223 2807 3286 Haec
2842 3225 3003 3295 ratio

283 3313 341 3374 si
387 3333 532 3374 vera
578 3313 688 3388 sit,
738 3313 1078 3375 differentia
1122 3313 1505 3375 altitudinum
1555 3314 1925 3375 diversarum
1972 3313 2190 3374 stellae
2236 3313 2462 3393 polaris
2508 3313 2626 3374 erit
2668 3330 2855 3393 prope
2904 3313 3001 3374 di-

283 3403 528 3463 midium
579 3402 848 3481 gradum.
942 3403 1074 3463 Hac
1119 3411 1450 3482 praeeunte
1494 3403 1726 3464 ratione
1775 3403 2007 3464 accinxi
2056 3419 2151 3462 me
2200 3403 2279 3463 ad
2325 3401 2780 3464 observandum.
2843 3403 3005 3464 Nam

285 3491 366 3552 md
413 3491 716 3552 dimidium
761 3490 1016 3570 gradum
1063 3490 1388 3552 notandum
1433 3511 1549 3553 non
1599 3491 1752 3552 adeo
1799 3509 2017 3571 magno
2064 3491 2463 3553 instrumento
2510 3509 2657 3570 opus
2687 3493 2819 3552 est.'
2866 3491 3000 3550 Da-

281 3581 378 3642 bis
434 3580 620 3660 igitur
678 3581 919 3640 veniam
975 3579 1146 3654 mihi,
1219 3581 1319 3660 qui
1379 3582 1455 3643 ad
1514 3580 1987 3660 speculationem
2043 3579 2125 3652 (si
2185 3598 2293 3660 pro
2342 3580 2639 3660 dignitate
2688 3579 2819 3659 quis
2869 3597 3002 3640 eam

281 3678 552 3731 tractare
604 3668 779 3743 velit)
827 3669 1311 3743 subtilissimam,
1368 3670 1499 3732 rudi
1545 3671 1943 3732 instrumento
2000 3669 2251 3731 accessi.
2344 3669 2503 3730 Nam
2562 3669 2719 3746 quod
2765 3668 2841 3728 de
2886 3667 3001 3729 ob-

226 3781 235 3784 ·
281 3757 620 3819 servator-io
683 3776 818 3818 meo
879 3759 1117 3839 quaeris
1138 3806 1155 3835 ,
1217 3759 1552 3838 respondeo
1573 3807 1590 3833 ,
1647 3759 1947 3838 prodiisse
2007 3757 2155 3820 illud
2219 3777 2295 3818 ex
2350 3758 2565 3819 eadem
2610 3756 2876 3829 officina,
2926 3775 3003 3816 ex

201 3854 214 3864 ·
281 3865 406 3927 qua
448 3845 770 3926 primorum
815 3855 1130 3926 parentum
1177 3848 1416 3927 tuguria
1460 3847 1756 3928 prodiere.
1852 3846 2108 3910 Suffecit
2170 3847 2327 3908 enim
2382 3846 2527 3908 mihi
2552 3839 3001 3927 'qualecumque

279 3936 744 3998 instrumentum
811 3935 890 3996 ad
953 3935 1260 3998 dimidium
1315 3938 1568 4017 gradum
1620 3938 1719 3998 vel
1765 3937 2157 3998 asserendum
2219 3937 2318 3997 vel
2366 3936 2726 4014 negandum.
2820 3933 2904 3994 Et
2950 3935 3003 3994 si

281 4025 428 4086 mihi
473 4044 590 4086 non
637 4023 920 4098 sufficiat,
968 4032 1172 4088 tamen
1217 4026 1538 4088 carendum
1585 4034 1682 4088 est
1727 4024 2129 4106 exquisitiori,
2181 4024 2319 4104 quia
2363 4042 2555 4104 neque
2607 4023 2749 4084 mihi
2802 4022 3003 4085 Attali

281 4121 424 4174 sunt
473 4133 637 4194 opes,
683 4131 878 4195 neque
922 4112 1273 4175 Alexander
1317 4113 1675 4194 discipulus,
1725 4132 1917 4194 neque
1967 4113 2304 4188 Praxiteles
2352 4113 2579 4193 opifex,
2630 4131 2821 4193 neque
2868 4111 2999 4173 Re-

282 4203 652 4282 giomontani
699 4221 932 4266 manus.
1023 4201 1110 4264 Et
1133 4210 1356 4264 ·tamen
1404 4204 1753 4283 quantulum
1797 4203 1941 4264 mihi
1990 4220 2193 4264 arcum
2238 4202 2557 4278 indicavit,
2617 4202 2690 4263 de
2740 4220 2809 4262 eo
2860 4219 3001 4262 arcu

282 4299 485 4353 certus
533 4310 684 4354 sum.
777 4292 850 4354 Id
913 4299 984 4352 ut
1037 4299 1208 4354 tanto
1265 4292 1550 4354 libentius
1605 4293 1750 4354 mihi
1796 4293 2049 4366 credas,
2114 4292 2453 4354 describam
2516 4291 2996 4352 instrumentum.

281 4380 641 4459 Spectatum
685 4380 940 4442 admissi
983 4379 1166 4445 risum
1211 4381 1474 4443 teneatis
1522 4381 1738 4443 amici:
1789 4379 1944 4444 Cum
1990 4399 2106 4442 non
2136 4389 2303 4443 esset
2341 4380 2485 4441 mihi
2516 4380 2669 4441 alius
2708 4379 3001 4440 materiae

282 4471 460 4549 copia
505 4489 680 4550 quam
731 4469 896 4549 ligni,
947 4469 1162 4531 scirem
1205 4488 1350 4532 vero
1395 4477 1696 4532 tumesere
1743 4478 1808 4531 et
1853 4470 2085 4532 hiscere
2151 4469 2351 4531 omnia
2396 4468 2631 4530 omnino
2680 4469 2845 4546 ligna
2890 4487 2999 4546 pro

280 4560 518 4621 ‘ratione
564 4559 726 4621 a’eris
771 4559 832 4619 in
880 4559 1109 4620 latum·
1156 4559 1294 4620 ideo
1341 4559 1720 4621 machinatus
1767 4577 1898 4620 sum
1944 4559 2069 4620 tale
2113 4559 2597 4630 insti-,omentum
2635 4558 2807 4636 cujus
2846 4576 2997 4638 quae

283 4659 488 4710 certae
537 4655 601 4710 et
645 4654 996 4710 constantes
1045 4667 1180 4710 esse
1229 4637 1542 4710 debebant?
1580 4649 1802 4723 lineae,
1880 4668 1919 4709 a
1971 4647 2341 4727 longitudine
2407 4654 2471 4709 et
2515 4646 2678 4708 fibris
2726 4646 2852 4707 sive
2898 4646 2999 4707 filo

282 4737 430 4818 ligni
493 4736 958 4799 sustinerentur.
1053 4737 1442 4816 Triangulum
1505 4737 1708 4818 itaque
1766 4696 1845 4807 6,
1892 4733 1969 4811 8,
2024 4735 2105 4798 10
2164 4737 2381 4817 pedum
2429 4735 2640 4798 struxi.
2734 4736 2892 4797 Nam
2940 4734 3001 4795 hi

283 4827 512 4889 numeri
559 4825 816 4890 omnium
863 4825 1198 4888 certissime
1243 4826 1505 4906 produnt
1547 4835 1776 4888 rectum
1822 4826 2126 4906 angulum.
2219 4825 2291 4887 Id
2334 4824 2695 4904 triangulum
2753 4845 2791 4886 a
2834 4831 3001 4885 recto

284 4917 506 4998 angulo
551 4915 858 4998 suspendi,
901 4915 1066 4978 filum
1103 4933 1238 4978 cum
1282 4915 1706 4997 perpendiculo
1753 4931 1830 4977 ex
1875 4915 2088 5025 eodem
2127 4919 2299 4976 recto
2332 4915 2549 4994 angulo
2596 4914 2831 4988 demisi,
2879 4914 2997 4994 Ἰη-

2487 5019 2573 5070 5*
