3634 5575
1582 413 1749 480 OW
1781 414 1894 466 m.
2979 415 3103 484 ¹⁴3

376 579 605 648 planum
630 577 835 632 dictum
861 575 1163 630 incidentes
1206 574 1520 646 distinguat
1558 575 1841 630 zodiacum
1883 575 1942 630 in
1979 575 2355 640 irrationalia,
2405 582 2570 648 patet
2605 579 2752 632 hanc
2785 577 3104 636 divisionem

378 675 485 712 nen
533 675 655 712 esse
696 656 977 727 propriam
1015 655 1255 727 quinque
1294 655 1612 728 figurarum.
1668 656 1836 710 'Eam
1879 655 2055 727 igitur
2099 657 2154 712 in
2181 657 2423 728 Epitom.
2453 661 2606 714 Astr.
2639 659 2733 714 lib.
2765 659 2833 713 11.
2881 661 3102 714 demon·

377 738 553 792 stravi
580 737 862 809 propriam
890 753 1013 790 esse
1040 737 1341 808 figurarum
1359 736 1669 805 planarum,
1708 736 2053 807 regularium
2081 736 2601 802 demonstrabilium,
2643 737 2690 793 si
2731 737 2866 794 illae
2897 739 3102 794 circulo

375 817 750 872 inscribantur
777 819 849 872 ab
877 833 987 872 uno
1016 815 1137 885 ejus
1166 821 1390 884 puncto.

534 911 591 981 e)
634 914 777 970 Solis
821 914 1075 984 intellig-e
1105 929 1326 968 annum.
1384 913 1524 967 Nam
1552 913 1677 966 dum
1704 911 1802 967 Sol
1831 929 2034 970 annum
2059 921 2328 984 permeat,
2371 913 2532 968 Luna
2568 915 2849 969 duodecim
2886 933 3099 970 menses

378 997 594 1050 conficit
635 996 769 1049 fere.
825 995 1089 1066 Adeoque
1126 994 1273 1047 hanc
1314 993 1756 1047 distributionem
1803 995 1935 1046 anni
1981 1003 2041 1048 et
2081 995 2634 1049 accommodationem
2675 1001 2918 1049 motuum
2953 995 3097 1049 Solis

376 1083 437 1130 et
458 1077 681 1140 Lunae,
730 1073 931 1129 saltem
974 1075 1031 1128 in
1074 1074 1249 1144 primo
1288 1072 1659 1144 proportionis
1698 1072 1918 1127 illorum
1946 1080 2212 1142 conceptu
2231 1115 2244 1138 ,
2290 1092 2397 1146 ego
2442 1073 2857 1146 archetypicam
2885 1081 3092 1140 statuo,

375 1173 557 1226 exque
598 1156 705 1210 hac
746 1154 1090 1210 ordinatione
1137 1161 1196 1208 et
1242 1171 1317 1208 ex
1358 1169 1623 1208 concursu
1669 1154 2010 1208 naturalium
2055 1169 2348 1209 causarum
2393 1155 2681 1210 metricum
2721 1171 2918 1210 causas
2965 1173 3098 1210 eruo

374 1237 716 1307 quarundam
754 1235 1223 1305 inaequalitatum
1262 1234 1319 1287 in
1346 1235 1536 1288 Luna:
1573 1239 1639 1287 ut
1663 1233 1848 1288 monui
1877 1233 1931 1287 in
1958 1233 2365 1305 prolegomenis
2392 1235 2816 1306 premeridum
2843 1243 2903 1290 et
2929 1237 3097 1290 doceo

372 1316 541 1386 plene
568 1317 624 1370 in
649 1316 801 1386 Epit.
832 1317 985 1369 Astr.
1014 1316 1111 1369 lib.
1144 1315 1236 1369 lV.
1292 1313 1481 1368 Simile
1510 1315 1638 1385 quid
1664 1313 1868 1369 ibidem
1901 1313 2146 1368 invenies
2173 1313 2346 1369 etiam
2385 1315 2454 1368 de
2481 1316 2836 1386 proportione
2867 1317 2999 1370 anni
3028 1318 3099 1370 ad

370 1396 745 1451 revolutiones
772 1395 999 1448 diurnas
1028 1395 1147 1450 360
1186 1389 1273 1462 (in
1298 1394 1481 1464 prima
1514 1389 1852 1462 intentione)
1894 1394 2090 1464 quibus
2129 1396 2398 1450 accedunt
2433 1395 2632 1450 deiude
2669 1397 2740 1448 ob
2779 1411 3100 1452 concursum

374 1492 667 1532 causarum
692 1475 1067 1530 revolutiones
1097 1470 1205 1534 5¹1.
1227 1493 1242 1528 ε
1269 1475 1415 1528 unde
1440 1474 1664 1530 elicitur
1688 1490 1836 1529 nova
1863 1474 2126 1546 aequatio
2154 1476 2434 1546 temperis.
2489 1476 2615 1530 Etsi
2643 1476 2890 1531 delibero
2919 1477 3100 1532 adhuc

374 1556 899 1625 observationesque
944 1556 1219 1626 expendo.

531 1649 583 1724 f)
637 1653 759 1706 Hoc
796 1652 1011 1724 quidem
1039 1651 1467 1706 accidentalium
1493 1657 1599 1714 est,
1638 1667 1746 1705 non
1776 1652 2208 1724 archetypicum.
2265 1651 2409 1708 Nam
2435 1657 2500 1706 ut
2524 1653 2694 1706 doceo
2719 1653 2818 1708 lib.
2845 1651 2918 1707 V.
2949 1653 3091 1706 Har·

372 1733 730 1797 monicorum,
792 1731 1075 1804 periodica
1116 1732 1473 1802 planetarum
1515 1738 1769 1802 tempora
1814 1738 1947 1785 sunt
1994 1749 2069 1786 ex
2121 1731 2451 1787 harmonicis
2497 1731 3097 1804 contemperationibus

372 1819 617 1868 motuum
658 1821 1064 1890 extremorum-z
1122 1811 1175 1866 in
1224 1811 1461 1882 apheliis
1508 1811 1653 1865 enim
1695 1811 1888 1866 debuit
1931 1827 2054 1866 esse
2109 1819 2354 1866 motuum
2411 1811 2696 1882 proportio
2751 1827 2895 1882 quae
2941 1811 2978 1866 2
3027 1813 3097 1865 ad

373 1893 407 1949 5
436 1895 573 1958 fere,
619 1893 675 1948 in
700 1892 988 1964 periheliis
1016 1907 1179 1955 vero,
1229 1908 1372 1963 quae
1412 1892 1446 1946 5
1494 1891 1563 1948 ad
1610 1889 1703 1956 12,
1748 1899 1815 1945 ut
1853 1891 2067 1946 scilicet
2107 1893 2251 1946 inter
2278 1891 2505 1947 Saturni
2547 1891 2830 1962 aphelium
2857 1897 2918 1946 et
2941 1891 3096 1948 Jovis

372 1973 701 2044 perihelium
746 1979 941 2043 posset
984 1987 1108 2026 esse
1170 1971 1846 2042 diapente-epi-diapason
1906 1967 2130 2042 (quinta
2174 1987 2346 2042 supra
2391 1966 2707 2042 octavam),
2763 1971 2909 2027 inter
2964 1987 3094 2025 vero

371 2054 597 2108 Saturni
636 2052 964 2124 perihelium
1006 2057 1068 2104 et
1091 2051 1244 2105 Jovis
1292 2051 1577 2120 aphelium
1620 2051 1928 2120 perfectum
1974 2053 2244 2122 diapason
2287 2049 2576 2122 (octava),
2626 2052 2757 2122 quia
2799 2052 2906 2105 hae
2953 2052 3095 2105 duae

368 2133 690 2188 harmoniae
720 2133 861 2186 cubo
890 2137 1169 2202 cog-natae
1198 2139 1347 2186 sunt.
1403 2131 1559 2184 Haec
1586 2131 1729 2184 enim
1756 2131 1937 2201 prima
1963 2140 2025 2186 et
2051 2131 2414 2202 archetypica
2441 2132 2496 2186 in
2523 2131 2762 2186 motibus
2791 2139 2878 2184 est
2905 2147 3093 2185 causa.

370 2215 527 2276 Quod
556 2213 602 2267 si
630 2213 805 2284 igitur
830 2219 897 2266 ut
923 2212 1271 2280 apheliorum
1298 2217 1567 2276 motuum,
1612 2213 1693 2264 sic
1730 2217 1974 2266 totarum
2010 2211 2356 2282 periodorum
2396 2211 2678 2281 proportio
2709 2219 2860 2265 esset
2887 2227 3028 2281 quae
3057 2209 3093 2264 2

370 2297 439 2348 ad
470 2293 533 2358 δ,
580 2299 713 2348 tune
740 2292 799 2346 in
826 2292 985 2346 annis
1012 2292 1091 2345 6⁰
1120 2291 1513 2362 contingerent
1534 2292 1789 2361 praecise
1816 2293 1962 2346 duae
1997 2292 2373 2346 revolutiones
2400 2291 2652 2356 Saturni,
2696 2291 2934 2364 quinque
2962 2307 3095 2344 vero

366 2374 549 2437 savin
581 2373 635 2428 in
664 2372 823 2426 annis
858 2371 931 2426 12
960 2386 1073 2425 una
1096 2373 1285 2426 Jovis:
1328 2379 1389 2426 et
1414 2371 1685 2426 Saturnus
1712 2378 1777 2438 et
1798 2372 2022 2441 Jupiter
2049 2371 2328 2440 conjuncti
2355 2371 2510 2425 verbi
2538 2387 2712 2426 causa
2735 2371 2793 2425 in
2822 2371 3094 2441 principio

370 2453 561 2508 arietis
598 2453 849 2523 proecise
876 2458 1009 2520 post
1036 2451 1111 2506 20
1142 2467 1315 2506 annos
1346 2452 1401 2505 in
1430 2450 1549 2521 ipso
1578 2451 1850 2521 principio
1877 2451 2162 2524 sagittarii
2189 2451 2404 2506 coirent
2429 2451 2646 2507 iterum.
2703 2452 2924 2520 Jupiter
2949 2451 3094 2506 enim

366 2539 628 2603 superato
656 2532 899 2586 Saturno
938 2533 1065 2586 dum
1104 2532 1387 2586 zodiacum
1414 2547 1668 2586 emensus
1696 2531 1998 2586 Saturnum
2023 2532 2332 2602 lugientem
2353 2532 2722 2602 persequitur,
2753 2531 2850 2585 ille
2876 2530 3096 2586 interim

366 2631 441 2667 ex
469 2613 647 2667 ariete
680 2613 821 2667 abiit
848 2619 1083 2674 tannim,
1128 2621 1194 2666 ut
1216 2613 1439 2682 Jupiter
1468 2611 1523 2666 in
1550 2612 1791 2682 quinque
1816 2611 2255 2667 revolutionibus
2284 2618 2372 2666 ter
2401 2613 2736 2666 solummodo
2764 2619 3098 2682 assequatur

365 2695 571 2764 ipsum,
617 2691 749 2763 quia
786 2692 989 2762 effug-it
1014 2691 1285 2746 Saturnus
1312 2708 1417 2762 per
1444 2694 1583 2746 duas
1612 2709 1685 2746 ex
1714 2692 1984 2763 quinque:
2033 2691 2116 2746 ita
2155 2699 2378 2747 restant
2419 2699 2534 2746 tres
2581 2691 2992 2761 conjunctiones
3037 2689 3094 2748 in

366 2774 605 2846 quinque
631 2771 945 2829 Jovialibus
980 2773 1221 2843 periodis
1256 2773 1507 2843 perfecto
1548 2771 1834 2843 triangulo
1875 2771 2224 2827 distributae.
2281 2773 2452 2837 Ecce,
2499 2779 2566 2826 ut
2600 2771 2691 2827 hio
2729 2770 3092 2843 triangularis

363 2854 813 2925 conjunctionum
858 2852 998 2907 situs
1046 2854 1124 2906 sit
1166 2854 1540 2907 necessarium
1592 2868 1932 2923 consequens
1977 2868 2184 2907 causae
2231 2853 2626 2923 archetypioae
2673 2870 2749 2907 ex
2792 2851 3092 2907 harmoniis

362 2938 681 2997 desumtae3
726 2930 945 2989 a‘ccidat
969 2948 1103 2987 vero
1130 2933 1437 2989 trisectioni
1464 2934 1702 2997 zodiaci,
1741 2948 1844 2987 seu
1867 2948 1973 3003 per
1999 2933 2312 3003 pyramida,
2357 2950 2458 2989 seu
2492 2950 2596 3002 per
2621 2932 2966 3003 triangulum
2981 2972 2996 2996 ,
3043 2931 3092 2987 si

362 3016 483 3087 quis
522 3014 706 3079 illam,
754 3020 821 3067 ut
864 3014 921 3066 in
966 3014 1073 3067 hoc
1117 3014 1303 3084 capite
1347 3015 1649 3086 ponebam,
1698 3013 2117 3085 archetypicam
2159 3030 2282 3067 esse
2319 3014 2682 3069 contenderit.
2747 3012 3002 3069 Vicissim
3041 3011 3090 3065 si

362 3104 609 3150 totarum
634 3094 987 3164 periodorum
1012 3092 1043 3155 15
1072 3100 1133 3146 et
1158 3100 1203 3159 Ἃ
1231 3094 1517 3163 proportio
1544 3101 1697 3148 esset
1723 3094 1848 3157 illa,
1894 3108 2038 3165 quae
2078 3100 2308 3163 propter
2333 3093 2682 3149 harmonicas
2711 3100 3088 3163 contempera·

364 3176 543 3230 tiones
572 3174 767 3229 debuit
792 3190 917 3227 esse
944 3180 1193 3229 motuum
1216 3174 1625 3241 periheliorum‚
1656 3190 1732 3229 sc.
1767 3174 1801 3227 5
1833 3175 1904 3227 ad
1939 3173 2029 3237 12,
2075 3181 2207 3227 tunc
2234 3174 2290 3227 in
2317 3175 2476 3229 annis
2513 3173 2624 3229 150
2652 3172 2877 3245 Jupiter
2901 3188 3088 3227 rever-

363 3262 577 3310 teretur
604 3254 913 3318 duodecies,
945 3254 1119 3307 semel
1143 3252 1199 3321 in
1230 3254 1389 3308 annis
1425 3248 1590 3313 12¹1..
1644 3254 1870 3309 Ablatis
1899 3254 2072 3325 igitur
2102 3254 2136 3307 5
2165 3255 2232 3307 de
2267 3254 2365 3317 12,
2401 3262 2688 3309 restarent
2717 3253 2770 3318 7,
2815 3253 2982 3307 toties
3009 3268 3090 3307 so.

358 3336 581 3405 Jupiter
609 3340 1001 3405 assequeretur
1029 3333 1343 3389 Saturnum.
1401 3334 1598 3405 Itaque
1640 3334 1896 3388 zodiacus
1931 3350 2036 3402 per
2073 3334 2176 3389 has
2209 3335 2627 3403 conjunctiones
2669 3334 3006 3387 divideretur
3033 3332 3088 3386 in

361 3424 552 3485 partes
584 3414 636 3479 7,
668 3430 899 3485 quarum
926 3413 1135 3485 quinis,
1178 3414 1229 3467 id
1260 3421 1350 3467 est
1378 3412 1491 3469 257
1522 3414 1816 3486 gradibus,
1861 3414 2024 3467 binae
2055 3412 2469 3481 conjunctiones
2499 3431 2538 3469 a
2563 3432 2626 3468 se
2653 3415 2886 3468 invicem
2911 3429 3087 3468 remo·

358 3502 651 3557 verentun
682 3494 837 3549 verbi
866 3509 1053 3558 causa,
1083 3500 1216 3564 post
1240 3510 1405 3549 unam
1434 3496 1493 3549 in
1521 3488 1587 3549 0⁰
1615 3492 1667 3554 Υ
1710 3493 2064 3563 contingeret
2099 3494 2284 3549 altera
2312 3495 2368 3547 in
2401 3490 2504 3550 17⁰
2521 3490 2596 3559 72¹,
2627 3495 2800 3549 tertia
2827 3494 2884 3547 in
2911 3488 2977 3547 4⁰
3000 3489 3086 3565 ἵψ.

360 3574 467 3630 Sed
496 3576 628 3646 quia
652 3574 935 3644 periodica
974 3581 1229 3643 tempora
1270 3582 1667 3644 componuntur
1706 3590 1783 3627 ex
1821 3573 2058 3628 motibus
2100 3580 2216 3630 tam
2261 3574 2499 3644 apheliis
2513 3614 2527 3639 ,
2579 3590 2742 3645 quam
2782 3572 3084 3643 peribeliis,

360 3671 543 3726 exque
570 3654 877 3723 interjectis
906 3653 1187 3717 omnibus,
1228 3652 1355 3709 binc
1392 3654 1641 3710 nascitur
1668 3653 1840 3709 etiam
1867 3654 2194 3709 intermedia
2221 3654 2566 3723 periodorum
2603 3652 2914 3723 proportio,
2960 3669 3085 3706 con·

351 3735 803 3805 junctionumque
830 3749 935 3804 per
961 3734 1247 3789 zodiacum
1273 3734 1621 3798 distributim
1671 3742 1737 3789 ut
1770 3734 1951 3804 prima
1989 3733 2045 3787 in
2084 3732 2355 3804 principio
2402 3734 2592 3789 arietis
2639 3733 2952 3795 collocata,
2997 3748 3083 3785 se·

358 3816 536 3869 cunda
560 3832 741 3885 neque
770 3814 1033 3885 iu.ipsum
1058 3814 1387 3885 principium
1412 3815 1698 3886 sagittarii
1724 3814 1918 3869 veniat
1951 3831 2053 3868 nec
2080 3813 2250 3868 etiam
2287 3830 2460 3885 usque
2499 3814 2555 3868 in
2589 3807 2690 3868 17⁰
2714 3807 2772 3873 ,ἶ
2801 3818 3082 3875 excurrat,

358 3897 454 3949 sed
480 3894 663 3949 media
690 3902 751 3949 et
776 3895 1059 3965 aequabili
1086 3894 1307 3949 ratione
1336 3896 1407 3948 ad
1436 3902 1549 3950 tres
1588 3897 1796 3967 gradus
1837 3894 1992 3948 ultra
2031 3893 2436 3965 triangularem
2464 3896 2644 3949 locum
2668 3892 3080 3964 progrediatur.

359 3974 511 4037 Quod
543 3975 589 4029 si
631 3975 757 4045 ipsa
798 3974 1007 4029 zodiaci
1048 3973 1326 4028 distinctio
1368 3975 1422 4028 in
1466 3984 1581 4031 tres
1628 3976 1860 4030 trientes
1915 3990 2019 4044 per
2061 3974 2274 4045 figuras
2316 3974 2682 4047 geometricas
2739 3972 2988 4045 genuina
3025 3977 3087 4025 et

356 4054 721 4127 archetypica
746 4070 919 4108 causa
946 4054 1147 4108 fixisset
1186 4054 1353 4123 hujus
1394 4055 1768 4125 dispositionis
1808 4054 2278 4123 conjunctionum,
2325 4056 2518 4126 utique
2562 4053 2940 4124 expressisset
2982 4051 3086 4105 illa

353 4136 661 4205 perfectum
691 4134 1062 4205 triangulum3
1108 4152 1216 4188 non
1259 4136 1490 4190 aberrat
1517 4136 1661 4190 enim
1689 4135 1930 4190 divinum
1958 4150 2096 4204 opus
2125 4136 2200 4190 ab
2230 4136 2536 4207 archetypo
2564 4151 2682 4189 suo.
2747 4134 2874 4189 Nou
2909 4132 3085 4204 igitur

355 4216 589 4285 amplius
636 4215 829 4270 mirum
874 4230 999 4268 esse
1046 4214 1237 4279 debet,
1282 4232 1381 4270 cur
1406 4216 1633 4271 Saturni
1660 4216 1924 4285 Jovisque
1960 4230 2293 4285 congressus
2323 4218 2392 4270 ad
2422 4215 2766 4286 triangulum
2793 4214 3082 4274 alludant3

354 4295 487 4366 quia
530 4312 634 4351 nec
676 4296 933 4365 perfecta
977 4302 1039 4348 et
1080 4295 1249 4364 plane
1297 4296 1675 4351 accidentaria
1714 4304 1803 4352 est
1847 4294 2066 4349 allusio.

513 4370 584 4447 g)
625 4374 733 4431 Hic
768 4383 901 4429 sunt
924 4374 1203 4445 ipsissima
1228 4375 1500 4447 principia
1536 4377 1642 4431 mei
1671 4377 1854 4447 operis
1882 4375 2225 4440 Harmonici,
2280 4391 2457 4445 eaque
2493 4393 2604 4429 non
2632 4380 2852 4429 tantum
2885 4371 3080 4443 opina·

354 4456 591 4519 tionum,
639 4472 785 4526 quae
828 4453 1230 4524 posterioribus
1263 4458 1605 4528 temporibus
1648 4457 2012 4527 corrigendae
2041 4455 2273 4520 fixerint,
2323 4458 2418 4511 sed
2465 4456 2634 4509 etiam
2670 4452 2960 4509 verissima
2999 4450 3080 4506 rei

350 4536 541 4606 ipsius.
600 4535 789 4591 Omnis
816 4534 963 4589 enim
987 4534 1377 4605 philosophica
1416 4538 1728 4607 speculatio
1772 4538 1944 4591 debet
1987 4535 2201 4590 initium
2247 4552 2449 4607 capere
2491 4550 2528 4591 a
2562 4550 2822 4590 sensuum
2857 4531 3080 4603 experi-

350 4616 579 4671 mentis=
617 4616 707 4671 hic
734 4632 893 4681 vero,
940 4631 1085 4687 quae
1124 4630 1319 4672 sensus
1351 4618 1571 4673 auditus
1602 4625 1843 4673 testetur
1869 4618 1938 4669 de
1965 4632 2188 4671 numero
2217 4632 2412 4671 vocum
2447 4632 2569 4671 cum
2593 4630 2710 4671 una
2737 4613 2926 4684 aliqua
2951 4630 3078 4667 oon·

350 4696 663 4751 sonantium
680 4738 695 4762 ,
734 4712 879 4769 quae
907 4696 1043 4751 item
1068 4711 1265 4751 sensus
1294 4698 1575 4753 oculorum
1600 4700 1667 4752 de
1695 4694 2044 4769 longitudine
2070 4696 2398 4751 chordarum
2423 4694 2864 4760 consonantium,
2893 4710 3078 4749 emen·

350 4776 633 4833 ‹latissime
680 4785 741 4831 et
783 4777 949 4847 plene
996 4792 1324 4847 expressum
1367 4780 1565 4834 babes.

508 4851 581 4927 h)
632 4856 833 4913 Mirum
866 4864 957 4912 est
996 4856 1273 4929 equidem,
1320 4876 1443 4915 eum
1478 4866 1567 4913 tot
1600 4874 1676 4911 ex
1714 4856 1946 4928 antiquo
1974 4856 2272 4912 extiterint
2296 4854 2594 4926 scriptores
2621 4856 3076 4920 harmonicorum,

348 4938 606 5009 nuspiam
639 4952 815 5010 penes
856 4936 1006 5009 ipsos
1052 4954 1340 5013 occurrere
1382 4938 1826 4996 observationem
1869 4939 2016 4995 hane
2069 4940 2156 4999 de,
2183 4952 2410 4993 numero
2453 4936 2760 4993 ”estonum
2802 4935 3079 4997 harmoni-
