3634 5575
1550 367 1715 421 notae
1752 368 1984 419 santum.
2325 422 2330 427 ,
2996 364 3126 435 279

408 530 461 575 et
496 536 783 589 oppugnare
820 527 1103 589 attentavit,
1140 524 1321 577 Sootus
1355 528 1557 592 quldam
1590 530 1797 579 natione
1835 530 1944 589 fult,
1983 523 2264 579 medicinae
2299 523 2573 578 Galenicae
2611 528 2808 589 donor,
2845 534 2902 577 et
2935 528 3123 578 Aristo·

406 594 573 645 teleae
622 593 961 659 philosophiae
1008 611 1159 661 snpra
1191 599 1391 649 modum
1427 598 1683 657 addictus,
1739 615 1886 664 quem
1935 600 2018 649 hic
2053 600 2308 649 nominare
2359 598 2472 647 nolo
2523 602 2630 660 ejus
2673 599 2844 649 honori
2897 612 3126 661 parcens.
3197 660 3220 678 ο

410 665 533 715 Vult
567 665 763 729 quidem
810 668 855 717 is
891 682 1074 733 genere
1110 669 1287 719 nobilis
1332 670 1531 725 haberi.
1583 672 1657 721 uti
1692 670 1755 720 de
1790 686 1848 720 se
1893 672 2000 733 ipso
2047 668 2321 720 nonnullibi
2355 670 2606 724 insinuat,
2659 669 2748 719 sed
2783 677 2954 721 tamen
2991 670 3126 719 dioto

406 736 689 801 philosopho
727 737 923 789 ethnico
960 741 1105 789 nimis
1140 740 1379 791 serviliter
1416 741 1603 803 potiore
1642 744 1717 791 sui
1750 748 1922 805 parte.
1963 741 2012 789 h.
2053 756 2096 791 e.
2135 741 2282 805 genio
2319 746 2372 789 et
2405 741 2634 805 ingenio,
2679 742 2732 791 in
2767 741 2862 792 hoc
2897 755 3120 803 praeser—

406 808 495 857 tim
532 806 594 857 de
633 810 835 859 cometis
873 812 1089 875 negotio.
1128 812 1456 873 mancipatus.
1533 811 1657 861 Cum
1692 813 1775 863 ille
1812 827 1874 862 ex
1911 812 2262 861 intercessione
2301 812 2556 875 cujusdam
2593 812 2668 861 sui
2706 811 3018 861 conterranei
3042 825 3122 861 me

404 878 483 929 hic
528 878 787 929 invisentis
836 880 1011 931 librum
1065 888 1283 931 nostrum
1340 882 1609 932 secundum
1649 883 1711 933 de
1762 883 1982 932 aetherei
2029 882 2196 930 mundi
2248 881 2628 945 phaenomenis‚
2680 883 2764 945 qui
2814 882 2875 930 de
2915 880 3126 931 Cometa

405 949 523 997 anni
560 944 646 996 77.
688 950 879 999 affatim
916 958 1119 1009 tractat,
1158 954 1326 1002 statim
1365 961 1513 1017 atque
1549 956 1591 1002 is
1628 956 1758 1019 typis
1796 952 2046 1003 absolutus
2085 956 2212 1009 erat,
2252 955 2539 1015 accepisset
2579 954 2772 1015 scriptis
2799 952 2864 1002 ad
2899 966 2979 1001 me
3004 952 3119 1001 lite-

401 1021 469 1068 ris
506 1022 803 1070 assertiones
840 1028 1035 1072 nostras
1070 1023 1219 1072 isthic
1256 1024 1658 1086 comprehensas,
1715 1026 2005 1089 praesertim
2055 1022 2182 1089 quod
2223 1030 2470 1073 cometam
2525 1022 2660 1072 illum
2705 1023 2755 1072 in
2805 1022 3069 1073 aethere
3089 1034 3126 1072 a

403 1090 615 1139 mnndi
670 1092 926 1156 regione
980 1101 1034 1143 et
1068 1108 1381 1159 nequaquam
1420 1095 1711 1146 elementari
1749 1093 1948 1156 (contra
1993 1108 2139 1158 quam
2188 1093 2356 1144 docuit
2391 1089 2707 1154 Aristoteles)
2745 1108 2942 1144 cursum
2977 1106 3120 1143 suum

403 1160 671 1211 absolvisse
704 1163 1031 1225 ostenderim,
1084 1166 1138 1213 in
1177 1165 1379 1215 dubium
1417 1180 1595 1216 vocare
1632 1173 1685 1216 et
1720 1172 1960 1231 quantum
2009 1168 2060 1214 in
2097 1168 2204 1228 ipso
2257 1171 2368 1214 erat
2421 1166 2728 1215 labefactare
2765 1170 2975 1214 conatus
3025 1169 3118 1213 est.

402 1232 761 1283 Existimabam
816 1241 949 1285 certe
986 1235 1050 1285 ab
1096 1236 1257 1293 initio,
1310 1236 1557 1287 hominem
1610 1238 1771 1288 amice
1824 1244 1878 1286 et
1925 1237 2136 1286 candide
2182 1236 2401 1285 veritatis
2454 1237 2670 1299 penitius
2717 1235 3120 1287 manifestandae

400 1303 569 1368 gratia
602 1304 653 1353 id
686 1306 847 1367 ipsum
884 1318 1051 1369 agere.
1126 1305 1271 1367 Quod
1308 1314 1360 1357 et
1394 1308 1535 1359 multi
1572 1308 1655 1357 alii
1692 1322 1791 1359 non
1829 1307 2061 1358 ineruditi
2095 1308 2184 1357 viri
2217 1320 2410 1355 mecum
2437 1307 2626 1370 opinati
2649 1312 2792 1361 sunt.
2841 1307 2973 1355 inter
2997 1320 3134 1369 quos.

401 1380 511 1423 erat
544 1374 841 1438 magnificus
890 1376 972 1425 ille
1008 1376 1040 1425 J
1053 1391 1139 1427 ao.
1181 1377 1463 1431 Curtius.
1520 1380 1711 1443 imperii
1760 1379 2176 1441 procancellarius
2212 1375 2302 1427 ae.
2380 1379 2447 1426 At
2483 1378 2634 1428 Scoto
2677 1376 2820 1435 huic,
2871 1392 2982 1427 cnm
3019 1392 3118 1425 non

400 1445 555 1495 solum
591 1446 939 1497 Aristotelem
978 1450 1329 1497 auctoritatem
1360 1450 1569 1498 multum
1606 1457 1779 1500 contra
1814 1464 1906 1499 nos
1941 1449 2224 1505 venditarit,
2263 1448 2352 1499 sed
2379 1450 2530 1498 etiam
2555 1449 2909 1512 geometricum
2945 1448 3114 1497 nescio

399 1516 513 1581 quid
550 1531 637 1579 pro
674 1531 767 1565 sua
804 1517 1029 1582 opinione
1067 1518 1367 1569 stabilienda
1400 1522 1713 1582 pertexuerit,
1752 1522 1847 1584 ipsi
1883 1520 1972 1569 soli
2009 1520 2230 1569 modeste
2268 1518 2561 1567 obviandum
2601 1520 2806 1575 censui,
2843 1519 3022 1580 partim
3059 1523 3116 1566 ut

401 1590 506 1649 ejus
544 1586 875 1649 objectiones,
929 1602 1057 1651 quae
1106 1590 1322 1653 speciem
1358 1591 1605 1653 quandam
1645 1592 1745 1640 veri
1781 1605 1900 1655 prae
1937 1606 1991 1640 se
2041 1590 2266 1639 ferebant
2323 1597 2374 1638 et
2409 1590 2636 1639 incautos
2692 1586 2840 1639 facile
2876 1589 2928 1637 in
2967 1586 3114 1637 devia

400 1657 621 1721 abripere
658 1664 907 1721 poterant,
947 1658 1209 1713 diluerem.
1266 1662 1445 1724 partim
1494 1670 1551 1710 ut
1586 1662 1826 1711 nonnulla
1859 1664 1912 1711 in
1951 1662 2122 1711 eodem
2159 1660 2223 1710 11.
2261 1666 2394 1710 tomo
2445 1666 2684 1709 contenta
2718 1658 2912 1723 plenius
2949 1664 3002 1708 et
3037 1658 3110 1707 di-

398 1727 607 1777 lucidius
661 1728 959 1791 explicarem
1010 1726 1160 1794 atqne
1198 1731 1260 1781 de
1298 1746 1349 1781 re
1388 1734 1631 1783 cometica
1666 1733 1974 1797 generaliore
2023 1731 2236 1796 quodam
2269 1732 2414 1779 modo
2461 1730 2700 1778 nonnulla
2753 1729 2956 1779 ulterius
2995 1742 3110 1777 oon-

400 1800 683 1864 signarem:
732 1812 953 1862 sperans,
991 1816 1071 1851 me
1108 1802 1201 1865 ipsi
1238 1809 1291 1851 et
1326 1803 1435 1851 aliis
1471 1804 1695 1853 veritatis
1740 1803 1838 1852 hac
1876 1804 1926 1851 in
1972 1809 2116 1866 parte
2153 1802 2506 1851 scrutatoribus
2541 1815 2648 1849 rem
2690 1799 2826 1849 haud
2861 1801 3116 1864 ingratam

400 1872 471 1920 sic
526 1871 891 1932 praestiturum.
978 1870 1147 1931 Quare
1196 1875 1475 1935 conscripta
1528 1880 1911 1939 extemporanea
1959 1873 2176 1938 quadam
2219 1872 2466 1937 Apologia
2519 1886 2632 1921 eam
2683 1873 2738 1921 iu
2773 1870 2994 1921 Scotiam
3049 1870 3118 1919 ad

398 1942 767 2025 antagonistam
802 1948 1023 1992 nostrum
1058 1945 1308 1993 transmisi
1361 1945 1667 2028 eandemque
1704 1960 1815 1995 cum
1851 1944 2143 2009 quibusdam
2200 1944 2314 1993 aliis
2347 1945 2400 1991 in
2438 1943 2708 1992 Germania
2743 1942 2858 1991 viris
2893 1956 3110 1991 commu·-

397 2012 576 2089 nicavi,
632 2018 689 2061 ut
726 2028 892 2063 eorum
930 2028 1167 2064 censuras
1202 2017 1389 2078 pariter
1424 2018 1740 2078 exquirerem.
1817 2014 1974 2077 (Hinc
2011 2022 2122 2064 orta
2157 2030 2266 2065 esse
2304 2015 2494 2063 videtur
2529 2012 2660 2061 falsa
2695 2013 2858 2075 opinio
2895 2026 3108 2075 quorun·

398 2062 511 2133 dam
546 2082 680 2132 hanc
718 2082 997 2149 apologiam
1032 2085 1213 2149 publici
1252 2087 1375 2147 juris
1412 2086 1601 2137 factam
1638 2084 1790 2145 esse.)
1865 2087 1922 2135 In
1960 2085 2056 2134 hac
2096 2085 2326 2149 apologia
2379 2099 2460 2133 me
2497 2083 2772 2133 modestiae
2807 2082 2990 2131 limites
3027 2097 3108 2130 us·

396 2154 527 2216 piam
564 2162 925 2218 transgressum
963 2162 1050 2203 ant
1086 2156 1200 2219 quid
1238 2158 1365 2206 citra
1398 2172 1502 2205 rem
1537 2158 1795 2223 protulisse
1848 2156 1967 2206 mihi
2003 2158 2095 2241 ipsi
2145 2172 2244 2205 non
2282 2169 2390 2204 sum
2446 2156 2685 2203 conscius.
2761 2155 2831 2203 At
2870 2152 3111 2218 quomodo

396 2222 707 2287 philosophus
742 2223 825 2274 ille
862 2226 1203 2276 Aristotelicus
1240 2233 1459 2276 nostram
1495 2227 1627 2277 hanc
1666 2228 1930 2277 candidam
1969 2232 2020 2277 et
2055 2228 2148 2291 ipsi
2184 2227 2256 2275 uti
2293 2224 2557 2288 sperabam
2596 2229 2856 2288 acceptam
2893 2224 3111 2272 futuram

394 2296 717 2345 intentionem
754 2298 1015 2359 exceperit,
1056 2297 1153 2349 dici
1178 2298 1256 2347 vix
1278 2304 1455 2361 potest.
1532 2298 1811 2367 Postquam
1837 2298 1968 2347 enim
2005 2312 2161 2361 usqne
2197 2298 2249 2346 in
2285 2298 2488 2347 tertium
2515 2308 2701 2344 annum
2737 2295 2870 2344 hauc
2897 2294 3112 2343 amicam

394 2365 671 2429 apologiam
707 2381 877 2417 secum
910 2369 1195 2418 retinuisset
1242 2369 1461 2433 nihilque
1496 2372 1715 2433 responsi
1770 2375 1914 2419 tanto
1949 2374 2174 2431 tempore
2221 2368 2610 2431 perscripsisset,
2669 2381 2782 2415 eum
2818 2366 2896 2415 vel
2929 2366 3110 2413 nostris

392 2436 725 2487 diluitionibns
774 2439 1077 2501 acquievisse
1116 2446 1167 2489 et
1202 2440 1255 2489 in
1287 2440 1383 2489 has
1419 2442 1704 2490 transivisse
1740 2446 1908 2503 partes
1947 2440 2323 2497 existimabam,
2383 2437 2478 2493 vel,
2515 2437 2646 2500 quod
2685 2436 3110 2485 contradictiones

320 2526 329 2541 =
394 2522 493 2557 non
529 2508 679 2558 facile
712 2508 919 2559 ulterius
956 2517 1288 2567 occurrerent,
1324 2512 1641 2563 continuisse.
1713 2510 1940 2561 Tandem
1975 2525 2118 2567 vero,
2169 2516 2312 2595 rupto
2349 2508 2432 2557 illo
2467 2508 2573 2557 alto
2613 2508 2836 2565 silentio,
2873 2507 3112 2570 scriptum

394 2578 641 2662 quoddam
676 2580 1131 2645 antapologeticum
1166 2582 1313 2644 paulo
1350 2581 1659 2632 virulentiore
1696 2589 1750 2633 et
1766 2574 2074 2631 mordaciore
2104 2582 2286 2638 animo,
2325 2594 2474 2649 quam
2511 2580 2643 2641 prius
2667 2594 2756 2643 per
2779 2578 2948 2627 literas
2987 2591 3102 2660 ege-

394 2656 489 2707 rat,
527 2652 579 2699 in
614 2664 703 2699 nos
739 2652 945 2701 vibravit
982 2650 1072 2702 dno.
1147 2653 1365 2701 Titulum
1401 2652 1523 2703 fecit
1555 2653 1671 2703 huic
1708 2652 2022 2703 stomachose
2061 2658 2113 2702 et
2149 2650 2380 2701 insolenti
2406 2651 2612 2713 scripto.
2653 2648 2820 2713 Capn
2835 2661 3106 2699 uraniae

392 2722 733 2771 restinctio
770 2736 875 2771 seu
913 2727 1293 2773 cometarum
1337 2725 1399 2773 i·u
1436 2723 1711 2775 aethera
1760 2723 2244 2773 sublimationis
2291 2720 2612 2770 refutatio
2651 2718 2742 2769 dte.
2818 2718 3104 2769 Solidiorem

392 2798 444 2841 et
480 2793 744 2856 specialem
780 2796 886 2856 ejus
922 2794 1293 2858 replicationem
1330 2797 1431 2843 una
1468 2810 1581 2845 cum
1619 2796 1930 2845 convenienti
1967 2795 2264 2844 refutatione
2304 2793 2450 2841 alicui
2491 2806 2552 2840 ex
2588 2793 2765 2840 nostris
2806 2791 2974 2841 amicis
3015 2793 3107 2839 aut

390 2864 541 2912 etiam
578 2863 824 2926 discipulis
859 2865 1035 2914 harum
1071 2881 1230 2916 rerum
1266 2868 1433 2930 gnaris
1469 2881 1557 2916 sno
1594 2874 1812 2929 tempore
1851 2866 2188 2929 exequendam
2224 2861 2595 2914 commendabo.

531 2933 677 2984 Haec
700 2933 869 2997 Tycho
907 2934 959 2997 (e
995 2936 1148 2986 literis
1189 2937 1236 2985 d.
1259 2933 1460 2986 Uranib.
1502 2938 1548 2987 d.
1590 2935 1667 2985 14.
1697 2937 1812 2986 Jan.
1859 2933 1994 2984 1595
2031 2938 2083 2984 in
2123 2935 2309 2998 „Epist
2334 2931 2568 2982 Astron-⁸⁴
2607 2934 2690 2983 lib.
2718 2931 2761 2981 1.
2789 2947 2834 2995 p.
2865 2927 2970 2980 284
2996 2945 3100 2996 sqq.

392 3005 469 3054 ed.
498 3005 724 3054 Francof.
764 3019 811 3054 a.
852 3003 1033 3068 1610).
1111 3007 1395 3057 Gassendus
1432 3009 1483 3057 in
1519 3010 1625 3059 vita
1647 3009 1896 3071 Tychonis
1921 3007 2086 3061 refert,
2127 3005 2330 3056 Scotum
2355 3006 2490 3053 hunc
2515 3001 2766 3054 Medicum
2803 3003 2971 3058 fuisse,
3009 3017 3102 3050 no-

390 3077 525 3126 mine
562 3075 915 3140 Craigium‚
956 3085 1008 3126 et
1044 3078 1168 3127 Lon
1180 3085 1639 3143 gomoutanum.
1686 3079 1935 3142 Tychonis
1972 3077 2264 3140 discipulum
2303 3075 2650 3138 conscripsisse
2689 3073 2982 3138 Apologiam
3019 3087 3106 3136 pro

391 3146 650 3209 Tychone,
705 3161 833 3209 quae
870 3150 913 3198 si
948 3151 1113 3213 utique
1152 3151 1432 3212 conscripta
1466 3157 1601 3200 certe
1638 3165 1736 3199 non
1762 3149 1946 3213 publici
1965 3149 2087 3211 iuris
2112 3149 2252 3198 facta
2271 3153 2364 3198 est.
2393 3145 2588 3210 (Comp.
2617 3145 2810 3195 Molleri
2839 3143 3108 3206 ..Cymbria

390 3217 647 3274 literata‚“
698 3217 766 3268 11.
812 3235 861 3282 p.
910 3218 1023 3268 110.
1076 3225 1131 3270 et
1176 3217 1439 3270 Scheibelii
1480 3221 1797 3285 „Einleitung
1835 3235 1921 3269 zur
1955 3219 2402 3270 mathematischen
2441 3215 2965 3271 Biicherkenntniss‚“
3010 3215 3102 3272 111.

350 3412 361 3420 ,
388 3304 438 3353 p·
479 3285 799 3409 223&on
836 3366 1005 3410 autem
1041 3361 1284 3411 volumine
1320 3359 1767 3424 Manuscriptorum
1794 3361 2297 3424 Petropolitanorum,
2337 3375 2364 3408 e
2402 3375 2496 3424 quo
2536 3358 2860 3408 desumsimus
2899 3355 3106 3421 Kepleri

386 3431 719 3496 fragmentum
756 3445 1057 3482 concernens
1096 3431 1207 3482 Ursi
1242 3433 1614 3492 refutationem,
1673 3432 2081 3495 deprehendimus
2138 3429 2274 3480 aliud
2320 3432 2653 3495 fragmentum
2689 3427 2894 3490 Kepleri
2953 3442 3108 3478 manu

390 3503 624 3566 scriptum
661 3497 729 3562 (c.
769 3501 961 3550 initium
1000 3503 1116 3552 anni
1143 3499 1319 3564 1601),
1357 3504 1667 3566 inscriptum:
1722 3501 2065 3552 Refutatio
2103 3500 2338 3558 libelli,
2379 3501 2477 3551 cui
2514 3498 2748 3548 titulus
2787 3497 3104 3562 Capnura-

392 3589 451 3621 m
472 3577 717 3693 usage
731 3577 1129 3707 ¹eiigconl‘geplerus
1184 3643 1282 3693 fide
1331 3655 1479 3707 quam
1515 3641 1737 3706 Tycboni
1787 3643 2018 3702 dederat,
2077 3643 2296 3708 quamvis
2345 3640 2699 3690 refutationem
2739 3638 2874 3688 hanc
2923 3639 3112 3702 pariter

393 3721 539 3780 atque
576 3714 713 3764 illam
750 3713 865 3764 Ursi
898 3727 999 3763 non
1037 3714 1313 3764 absolutam
1349 3715 1615 3780 reliquerit.

532 3837 673 3888 Haec
712 3844 895 3888 autem-
919 3844 1037 3888 suut
1073 3853 1201 3904 quae
1239 3837 1371 3888 dicto
1406 3837 1517 3890 loco
1554 3845 1779 3889 exstant:
1981 3891 1998 3910 ,
2367 3887 2396 3908 ⁴

548 3964 605 4019 Si
648 3964 1005 4034 Capnurania
1044 3973 1162 4026 tua,
1207 3965 1289 4017 vir
1330 3963 1657 4028 doctissime,
1701 3966 1767 4016 de
1811 3963 1921 4018 tuis
1963 3965 2053 4018 vel
2083 3963 2358 4034 Tychonis
2401 3962 2522 4032 prix
2526 3961 2633 4016 atis
2676 3960 2844 4016 rehus
2888 3963 3105 4030 ageret,

391 4047 491 4098 abs
536 4051 593 4098 te
634 4051 909 4115 peterem,
950 4044 1035 4098 uti
1076 4044 1207 4098 mihi
1248 4044 1591 4115 ignosceres,
1644 4045 1785 4114 quod
1829 4043 2055 4114 ignotus
2099 4051 2158 4097 et
2199 4045 2506 4098 Germanus
2551 4049 2608 4096 te
2650 4040 2870 4094 Scotum
2913 4039 3106 4092 adver-

391 4125 597 4179 sarium
648 4123 779 4178 mihi
829 4124 1158 4194 delegerim,
1214 4130 1472 4196 tuumque
1523 4124 1772 4178 libellum
1829 4124 2179 4178 refutandum
2232 4123 2532 4178 sumserim.
2615 4119 2908 4174 Petitionis
2951 4131 3106 4170 meae

390 4221 589 4260 causas
632 4206 897 4258 haberem
938 4211 1029 4258 sat
1069 4203 1365 4274 speciosas.
1449 4205 1541 4258 Ex
1583 4221 1689 4274 quo
1732 4219 1968 4273 namque
2011 4221 2164 4274 spem
2224 4183 2448 4273 concepi
2493 4203 2611 4255 fore
2651 4205 2718 4253 ut
2751 4197 3106 4258 astronomia,

392 4299 555 4356 quam
594 4285 951 4338 vehementer
993 4300 1141 4347 amo,
1180 4284 1460 4354 Tychonis
1504 4301 1677 4354 opera
1720 4283 2064 4353 perficiatur·
2125 4299 2234 4336 non
2277 4299 2499 4352 possum
2541 4299 2650 4335 non
2691 4279 2878 4332 itidem
2920 4291 3110 4331 amare

392 4364 567 4418 virum
608 4371 724 4417 tam
764 4363 1041 4418 eximium.
1127 4363 1279 4417 Unde
1321 4365 1586 4434 sequitur,
1632 4371 1695 4418 ut
1738 4363 1994 4433 quidquid
2037 4364 2210 4432 ipsius
2241 4364 2424 4416 famae
2469 4359 2870 4430 commodisque
2913 4359 3108 4411 adver-

396 4449 578 4506 satur,
620 4443 673 4496 ei
714 4461 815 4506 me,
862 4449 1123 4514 quantum
1164 4443 1281 4498 fieri
1322 4451 1511 4512 potest
1552 4452 1611 4497 et
1654 4445 1918 4496 honestas
1963 4443 2191 4513 patitur,
2237 4459 2526 4512 opponam-

551 4525 857 4576 Accederet
896 4531 956 4577 et
996 4524 1147 4586 illud,
1182 4525 1349 4602 quod,
1396 4541 1515 4576 cum
1558 4524 1613 4577 in
1640 4525 1834 4577 eadem
1863 4539 1981 4576 cum
2009 4525 2104 4594 Ty
2121 4524 2196 4576 ch
2215 4541 2336 4576 one
2366 4523 2532 4590 culpa
2563 4536 2738 4590 ponas
2767 4525 2827 4572 et
2853 4518 3108 4571 Maest-

394 4601 605 4656 linum
646 4611 1063 4696 praeceptorem
1104 4619 1309 4666 meum,
1374 4621 1481 4656 non
1521 4603 1687 4657 venia
1729 4605 1931 4664 solum,
1991 4605 2086 4656 sed
2130 4609 2188 4656 et
2229 4603 2394 4656 laude
2435 4602 2660 4671 dignum
2693 4599 2822 4667 jure
2865 4613 3108 4668 pronun·

394 4682 601 4745 ciares,
650 4681 695 4733 si
737 4681 938 4736 famam
978 4681 1117 4750 ejus,
1162 4683 1267 4734 etsi
1310 4692 1608 4752 praeterea
1650 4682 1786 4736 nihil
1831 4699 2082 4754 agerem,
2128 4689 2322 4737 contra
2363 4688 2490 4735 tuas
2535 4679 2940 4734 criminationes
2983 4678 3105 4731 lite-

392 4761 571 4816 rarias
614 4777 936 4816 assererem.
1020 4763 1141 4815 Non
1183 4763 1349 4815 debet
1392 4762 1533 4816 enim
1584 4763 1784 4816 mortui
1827 4770 1886 4816 et
1928 4764 2134 4818 ethnici
2177 4761 2554 4834 praeceptoris
2607 4759 2910 4814 auctoritas
2955 4759 3104 4827 apud

395 4851 451 4897 te
492 4849 849 4897 sacrosancta
891 4857 1029 4902 esse,
1076 4844 1220 4911 apud
1262 4859 1345 4895 me
1386 4843 1496 4895 vivi
1540 4851 1598 4895 et
1642 4843 1942 4896 Christiani
1985 4845 2109 4898 vilis
2152 4843 2366 4898 haberi.
