3634 5575
78 500 83 611 l

1487 402 1812 453 moenium.
2914 402 3001 470 47

283 560 598 610 Baestlinus
633 562 868 618 voluistis,
907 563 1123 626 petenda
1157 564 1284 619 erit:
1321 563 1436 625 quin
1474 568 1526 611 et
1559 562 1640 611 hic
1677 561 1962 613 difficillime
1998 563 2309 614 invenienda.
2386 563 2548 623 Quam
2586 578 2784 627 operam
2821 567 2863 615 si
2897 568 3004 631 quis

283 634 710 695 superaddiderit,
747 635 884 683 illum
921 637 1194 697 antiquum-
1209 632 1542 698 Pythagoram
1559 668 1574 689 .
1609 634 1694 697 ‘qui
1729 632 2041 684 harmoniam
2076 632 2369 687 concinnam
2408 636 2722 691 coelestibus,
2778 638 2875 686 imo
2912 641 3005 687 toti

279 704 465 753 mundo
505 706 680 754 inesse
717 706 1101 769 praesentiebat,
1141 719 1371 768 superare
1409 705 1630 754 dixerim.
1689 704 1754 753 Et
1790 705 1909 755 licet
1946 708 2207 756 circulares
2242 708 2295 756 in
2322 707 2457 756 coelo
2498 708 2740 756 motiones
2776 722 3000 758 nonnun-

279 790 428 838 quam
467 774 750 839 angulares
787 777 1024 841 quasdam
1063 784 1116 825 et
1163 777 1326 825 varias
1379 775 1562 839 figuras
1615 781 1762 841 atque
1807 776 2122 840 utplurimum
2166 777 2403 842 oblongas
2442 780 2707 841 composito
2742 792 2832 827 suo
2868 788 3005 831 motu

279 846 480 896 efficere
523 848 720 897 curiose
756 848 952 912 singula
987 849 1249 897 trutinanti
1285 848 1437 895 videri
1475 848 1690 909 possint:
1730 846 1787 895 fit
1822 855 1991 896 tamen
2030 849 2079 897 id
2116 864 2205 911 per
2238 850 2472 898 accidens
2518 856 2569 897 et
2612 848 2841 899 abhorret
2874 854 3003 900 ratio

281 918 342 966 ab
373 916 480 967 hac
521 920 877 982 suppositione.
955 917 1162 982 Oportet
1197 919 1326 967 enim
1365 919 1560 966 omnino
1597 932 1658 967 ex
1694 918 2007 967 circularibus
2045 922 2269 983 componi
2303 928 2541 969 astrorum
2582 921 2837 973 circuitus.
2880 922 3005 972 alias

230 1020 234 1023 -
277 998 522 1053 perpetuo
564 990 875 1039 uniformiter
911 998 962 1039 et
999 989 1321 1053 aequabiliter
1357 991 1406 1037 in
1444 1002 1498 1037 se
1533 1003 1632 1037 non
1667 996 1975 1039 revertentur
2010 998 2062 1039 et
2094 992 2459 1054 perennitatem
2484 992 2799 1043 frustrabant.
2850 992 3001 1043 Prae-

277 1068 512 1125 terquam
540 1062 676 1125 quod
697 1064 860 1110 minus
897 1062 1140 1125 simplices
1177 1060 1432 1125 magisque
1471 1059 1732 1109 anomalae
1768 1068 1927 1118 erant,
1964 1076 2059 1110 nec
2096 1064 2247 1111 etiam
2286 1062 2537 1112 doctrinae
2576 1070 2627 1112 et
2662 1065 2771 1112 usui
2808 1078 3001 1113 accom-

281 1132 475 1182 modae.
563 1132 644 1182 De
683 1129 722 1191 ξ
761 1148 860 1181 nou
899 1140 974 1181 est
1011 1146 1098 1181 cur
1135 1130 1302 1179 doleas
1352 1134 1458 1193 ejus
1493 1132 1688 1181 stellam
1727 1146 1756 1180 a
1792 1146 1871 1181 me
1908 1148 2007 1181 non
2044 1148 2153 1182 esse
2190 1135 2529 1190 observatam,
2568 1140 2672 1183 ‚aut
2702 1136 2835 1199 ‘quod
2874 1136 3005 1185 idem

279 1216 386 1251 eum
416 1203 703 1267 Cepernico
741 1205 792 1252 in
831 1206 936 1265 ejus
971 1202 1326 1267 phaenomenis
1364 1202 1678 1252 ostendendis
1709 1204 2035 1265 praetendere
2060 1204 2221 1253 velim.
2280 1204 2427 1253 Licet
2463 1206 2591 1253 enim
2630 1218 2663 1255 a
2689 1204 2815 1255 Solis
2852 1207 3003 1257 radiis

277 1276 536 1323 mrissime
579 1274 900 1338 digrediatur,
941 1281 992 1323 et
1027 1272 1307 1322 inclinatior
1343 1274 1473 1336 apud
1501 1288 1590 1326 nos
1617 1276 1666 1321 in
1693 1273 1863 1323 Dauia
1888 1276 1953 1323 sit
1976 1275 2205 1339 sphaera,
2244 1289 2391 1339 quam
2418 1277 2684 1340 Frueburgi
2710 1279 2759 1325 in
2786 1277 3001 1335 Prussia,

277 1344 358 1393 ubi
383 1348 514 1395 vixit
541 1345 862 1409 Cepernicus,
901 1346 1160 1409 pluresque
1183 1359 1320 1395 mare
1345 1347 1482 1395 circa
1505 1345 1716 1394 insulam
1740 1345 2062 1396 habitationis
2096 1354 2299 1397 nostrae
2338 1348 2557 1396 emiserit
2592 1360 2816 1411 vapores,
2855 1364 3003 1413 quam

279 1415 517 1467 Vistula:
559 1417 780 1479 plurimis
816 1423 985 1465 tamen
1021 1418 1222 1473 vicibus,
1259 1418 1356 1465 imo
1394 1430 1520 1479 pene
1556 1417 1760 1483 singulis
1798 1418 1957 1474 annis,
1998 1417 2113 1467 dum
2148 1420 2201 1467 iu
2226 1417 2535 1483 Urauiburgo
2562 1426 2727 1468 nostro
2765 1420 3003 1469 sideribus

279 1488 617 1553 invigilarem,
657 1496 762 1538 tam
801 1502 918 1537 eous
953 1502 1102 1553 quam
1140 1490 1444 1551 vespertinus
1481 1496 1714 1537 accurate
1753 1502 1784 1537 a
1819 1490 1960 1537 nobis
1996 1488 2203 1539 coelitus
2240 1490 2533 1539 denotatus:
2570 1496 2627 1538 ut
2660 1505 2821 1553 neque
2857 1490 3000 1555 hujus

281 1561 420 1616 astri,
459 1566 586 1609 utut
619 1561 868 1609 rarissime
905 1566 1096 1622 pateat,
1135 1566 1186 1608 et
1221 1558 1386 1607 multis
1425 1560 1726 1608 anfractibus
1765 1562 1832 1607 sit
1864 1561 2141 1617 obnoxium,
2178 1574 2267 1610 nos
2302 1562 2474 1625 fugere
2510 1563 2663 1623 possit
2700 1564 2876 1611 semita
2910 1577 2999 1611 ne-

279 1645 538 1693 quaquam
579 1634 644 1681 ab
681 1632 886 1681 aliorum
923 1630 1080 1680 dubiis
1119 1629 1636 1687 animadversionibus,
1675 1633 1746 1679 uti
1785 1638 1987 1681 coaetus
2024 1639 2102 1681 est
2127 1632 2441 1695 Copemicus‚
2478 1632 2765 1681 mutuanda.
2829 1632 2909 1683 De
2947 1625 2996 1698 Q

281 1710 526 1765 quantum
566 1703 810 1753 hactenus
845 1702 1178 1767 pervestigare
1213 1702 1376 1757 licuit,
1416 1712 1601 1751 certum
1639 1710 1744 1755 est,
1783 1705 1891 1763 eius
1928 1716 2205 1768 apogaeum
2240 1718 2339 1752 uon
2375 1704 2581 1753 multum
2620 1718 2653 1753 a
2688 1704 2848 1754 Solari
2884 1712 2995 1772 ant·

281 1788 466 1822 rorsum
506 1776 769 1829 removeri.
809 1774 952 1823 aliter
987 1787 1134 1838 quam
1170 1775 1324 1823 sensit
1361 1772 1683 1836 CopernicuS.
1721 1788 1812 1823 nec
1852 1775 2009 1823 eidem
2046 1782 2215 1823 tamen
2250 1775 2399 1838 plane
2434 1776 2587 1832 uniri,
2624 1781 2681 1824 ut
2714 1775 2997 1842 Albateguii

280 1846 569 1895 imitatione
595 1845 778 1894 ‘volunt
814 1844 1167 1909 Alphonsinae.
1239 1844 1296 1893 ln
1335 1846 1704 1894 eccentricitate
1739 1852 1910 1895 tamen
1948 1848 2054 1908 ejus
2104 1860 2202 1893 non
2253 1852 2329 1894 est
2376 1860 2467 1909 par
2512 1847 2664 1905 ratio,
2718 1861 2837 1896 nam
2888 1862 2999 1897 eam

279 1916 434 1965 multo
473 1919 722 1967 minorem
761 1914 916 1966 Solari
958 1916 1270 1979 deprehendi.
1330 1919 1408 1965 An
1443 1917 1692 1967 mutabilis
1729 1919 1809 1974 sit,
1846 1918 2065 1967 noudum
2102 1917 2321 1975 dixerim,
2359 1918 2445 1967 sed
2482 1932 2581 1967 non
2616 1932 2913 1983 magnopere
2948 1918 2999 1968 id

285 1989 518 2049 probabit
556 1988 634 2038 vel
671 1988 964 2051 improbabit
998 1994 1090 2036 tua
1121 2002 1212 2051 per
1247 2000 1300 2036 se
1336 1988 1594 2051 ingeniosa
1628 1988 1906 2037 ratiocinia.

421 2060 468 2109 E
507 2060 662 2109 stella
695 2060 852 2123 polari
887 2059 966 2108 vel
997 2060 1172 2123 quavis
1207 2058 1309 2109 alia
1343 2058 1586 2109 subtiliter
1621 2070 1810 2114 eruere,
1849 2074 1915 2108 an
1952 2059 2080 2109 orbis
2118 2072 2311 2108 annuus
2336 2056 2521 2109 Terrae
2558 2072 2590 2109 a
2608 2058 2877 2122 Cepernico
2913 2074 2995 2110 ex·

285 2132 568 2195 cogitatus,
622 2133 740 2180 siis
778 2138 938 2193 esset.
991 2138 1198 2179 octavae
1245 2129 1486 2193 sphaerae
1521 2130 1676 2179 stellis
1710 2130 2069 2195 aliquantulam
2116 2132 2331 2181 insinuet
2373 2130 2675 2193 parallaain,
2722 2134 2832 2193 jam
2880 2140 2997 2184 ante

285 2206 483 2266 saepius
526 2210 582 2253 et
618 2202 878 2268 diligenter
915 2203 1120 2265 experiri
1157 2202 1372 2262 tentavi,
1417 2216 1581 2251 verum
1617 2201 1736 2251 nihil
1777 2202 2073 2264 ejuscemodi
2119 2200 2342 2266 diligenti
2390 2202 2529 2251 facta
2576 2203 2997 2254 animadversione

285 2272 534 2324 hactenns
575 2275 805 2338 comperi.
879 2272 1010 2323 Nam
1061 2273 1258 2321 stellam
1303 2271 1544 2335 polarem‘,
1596 2286 1885 2337 quocunque
1932 2274 2049 2321 anni
2094 2280 2312 2336 tempore
2358 2287 2507 2336 supra
2550 2274 2627 2323 vel
2670 2274 2800 2323 infra
2836 2275 2997 2337 polum

285 2348 512 2406 praecise
551 2346 882 2401 observatam,
922 2343 1145 2393 adhibita
1181 2344 1399 2407 ejusdem
1435 2344 1500 2393 ab
1533 2344 1618 2392 illo
1655 2346 1925 2393 remotione
1957 2356 2077 2392 vera
2115 2341 2267 2407 (quae
2302 2344 2395 2393 hoc
2432 2358 2563 2393 anno
2592 2351 2669 2394 est
2707 2344 2767 2391 2⁰
2784 2342 2869 2392 51⁴
2894 2344 2994 2394 10⁶⁶

287 2422 336 2464 et
370 2430 488 2466 cum
529 2414 590 2464 6⁰
612 2413 696 2465 13¹
719 2414 821 2465 26¹⁴
862 2415 914 2476 Τ
953 2422 1005 2464 et
1043 2418 1134 2469 ὣ
1173 2416 1496 2465 meridianum
1543 2428 1690 2479 supra
1739 2422 1792 2465 et
1841 2416 1969 2463 infra
2011 2414 2175 2477 polum
2210 2410 2415 2475 transit)
2468 2416 2679 2465 eandem
2712 2418 2764 2465 in
2798 2416 2996 2467 dimidio

288 2490 534 2551 scrupulo,
572 2491 672 2537 imo
709 2489 842 2539 intra
875 2494 1104 2552 quartam
1140 2486 1215 2535 vel
1251 2494 1442 2535 sextam
1471 2488 1575 2547 ejus
1601 2494 1790 2548 partem
1830 2483 2109 2547 (subtiliora
2140 2486 2269 2535 visus
2292 2499 2393 2534 non
2419 2483 2675 2547 discernit)
2712 2488 2995 2549 praebuisse

288 2558 382 2619 poli
417 2560 782 2609 sublimitatem
819 2559 1159 2614 animadverti,
1197 2558 1327 2621 quod
1365 2564 1417 2606 et
1453 2556 1562 2605 Chr.
1591 2556 1927 2613 Rothmauno,
1964 2558 2045 2620 qui
2072 2555 2437 2618 Copernicacae
2474 2557 2797 2620 speculationi
2832 2559 2993 2608 indul·

290 2644 408 2693 gens
448 2631 642 2695 aliquid
679 2630 968 2679 discriminis
1005 2630 1085 2678 hic
1122 2630 1322 2679 subesse
1360 2631 1587 2691 opinatus
1626 2636 1718 2684 est.
1747 2627 2037 2689 jamdudum
2076 2628 2303 2682 indicavi,
2340 2634 2396 2676 ut
2417 2628 2533 2677 hinc
2557 2628 2677 2677 nihil
2699 2644 2787 2693 pro
2812 2628 2991 2693 Goper·

291 2703 398 2751 nico
435 2708 526 2751 tuo
566 2699 734 2764 (cujus
773 2704 1066 2751 concinnam
1104 2707 1155 2749 et
1189 2702 1496 2767 ingeniosam
1533 2700 1921 2763 speculationem
1959 2699 2084 2747 alias
2122 2699 2353 2749 admirari
2379 2705 2431 2748 et
2455 2699 2801 2763 depraedicare
2836 2697 2994 2762 soleo)

291 2775 470 2824 tuendo
507 2775 759 2824 residuum
793 2776 860 2824 sit
893 2773 1070 2823 solatii.
1145 2772 1297 2822 Petas
1335 2772 1550 2828 aliunde,
1589 2772 1631 2821 si
1655 2771 1867 2821 dabitur.
1928 2770 2027 2820 Sed
2063 2770 2125 2821 de
2159 2770 2237 2821 his
2274 2778 2423 2836 atque
2462 2770 2569 2821 aliis
2604 2772 2794 2836 plenius
2830 2780 2995 2824 tecum

285 2848 506 2906 jucunde
545 2854 600 2896 et
624 2846 934 2909 perlubenter
959 2859 1125 2909 agam,
1161 2844 1396 2910 pluraque
1437 2860 1497 2894 ex
1531 2845 1652 2894 meis
1689 2844 2077 2902 communicabo,
2116 2845 2159 2892 si
2194 2859 2291 2899 me,
2330 2844 2404 2892 uti
2438 2843 2693 2908 polliceris,
2732 2843 2995 2908 aliquando

291 2917 532 2972 inviseris,
571 2918 700 2981 quod
737 2918 825 2966 tibi
856 2920 960 2978 jam
998 2917 1157 2964 minus
1195 2915 1453 2980 molestum
1490 2917 1582 2964 erit
1619 2930 1766 2980 quam
1803 2921 1977 2973 antea,
2020 2929 2131 2962 cum
2167 2915 2216 2963 in
2253 2913 2495 2963 Bohemia
2530 2931 2626 2964 non
2667 2915 2929 2966 admodum
2964 2931 2997 2967 a

289 2988 418 3036 vobis
453 2997 654 3038 remota
688 3003 820 3037 nunc
857 2988 998 3036 sedes
1035 2985 1252 3036 Uraniae
1289 3001 1442 3036 novas
1477 2987 1680 3043 fixerim.
1720 2995 1869 3050 atque
1904 2987 1955 3034 in
1994 2999 2107 3035 arce
2146 2985 2440 3034 caesariana
2474 2985 2745 3042 Benacbia,
2785 2988 2995 3052 quinque

291 3059 582 3110 milliaribus
617 3059 785 3124 Praga
819 3067 1023 3113 remota.
1061 3058 1296 3107 habitem.
1351 3057 1482 3108 Nam
1519 3073 1598 3107 me
1633 3071 1666 3106 a
1701 3071 1941 3106 caesarea
1974 3060 2238 3118 majestate
2275 3057 2375 3106 huc
2410 3070 2437 3106 e
2474 3057 2743 3108 Germania
2778 3057 2993 3108 clemen-

293 3131 475 3184 tissime
521 3141 748 3181 vocatum
779 3138 832 3180 et
853 3131 1202 3194 benignissime
1228 3143 1288 3178 ac
1313 3129 1578 3180 liberaliter
1600 3136 1853 3194 receptum
1878 3141 2004 3186 esse,
2042 3136 2095 3178 te
2132 3129 2195 3178 ab
2232 3129 2343 3178 aliis
2373 3131 2481 3190 jam
2516 3135 2673 3180 autea
2706 3133 2993 3194 cognovisse

297 3199 376 3262 (ex
401 3219 498 3268 quo
543 3203 792 3253 dimidium
825 3205 930 3265 jam
969 3215 1153 3252 anuum
1187 3201 1266 3250 hic
1306 3196 1592 3261 subsistam)
1631 3202 1871 3250 existimo.
1908 3198 2073 3248 Nolim
2109 3207 2277 3250 tamen
2314 3207 2372 3248 ut
2406 3200 2631 3250 fortunae
2668 3202 2909 3265 asperitas
2945 3209 2995 3252 te
3038 3223 3046 3230 ·

295 3287 376 3322 nos
413 3275 659 3325 accedere
699 3275 976 3337 compellat,
1014 3271 1102 3321 sed
1139 3273 1297 3336 potius
1334 3273 1584 3320 arbitrium
1621 3273 1863 3335 proprium
1902 3278 1953 3320 et
1990 3285 2110 3336 erga
2146 3271 2424 3321 communia
2460 3271 2625 3320 studia
2660 3285 2796 3321 amor
2833 3281 2883 3323 et
2920 3275 2993 3322 af·

292 3344 446 3396 iectio-
529 3345 773 3410 Quicquid
807 3353 976 3397 tamen
1014 3344 1063 3408 id
1098 3345 1206 3400 erit,
1255 3344 1474 3393 invenies
1509 3357 1589 3391 me
1627 3357 1725 3391 non
1763 3344 2019 3397 fortunae,
2058 3341 2408 3407 qualiscunque
2456 3343 2545 3392 illa
2590 3345 2681 3400 sit,
2732 3343 2819 3393 sed
2858 3351 2994 3394 tuum

299 3419 528 3474 amicum,
567 3419 649 3482 qui
685 3419 837 3467 etiam
873 3419 926 3465 in
963 3415 1172 3465 adversa
1206 3421 1338 3464 sorte
1375 3428 1462 3462 suo
1500 3413 1702 3464 consilio
1737 3421 1790 3463 et
1827 3414 2005 3462 auxilio
2030 3414 2119 3462 tibi
2156 3427 2465 3478 nequaquam
2503 3417 2569 3464 sit
2602 3415 2873 3470 defuturus.
2908 3415 2997 3466 sed

295 3491 448 3548 potius
485 3497 543 3540 te
579 3490 646 3540 ad
683 3491 870 3553 optima
903 3501 1128 3552 quaeque
1161 3492 1480 3550 promoturus.
1557 3485 1624 3534 Et
1658 3487 1698 3534 si
1735 3491 1927 3534 mature
1964 3486 2263 3540 accesseris,
2312 3499 2401 3536 eas
2446 3487 2571 3534 forte
2606 3487 2825 3538 rationes
2860 3489 2993 3538 inve·

297 3560 500 3621 niemus.
538 3561 710 3626 quibus
747 3563 836 3610 tibi
873 3567 924 3610 et
959 3561 1058 3608 tuis
1093 3560 1145 3608 in
1181 3564 1429 3621 posterum
1464 3558 1644 3606 rectius
1680 3570 1827 3620 quam
1866 3561 2019 3604 antea
2054 3555 2329 3606 consultum
2364 3557 2472 3604 erit.
2545 3555 2673 3608 Vale
2708 3556 2799 3608 &c-

429 3631 700 3683 Dabantur
735 3631 1024 3682 Benachiae
1059 3631 1161 3680 sive
1199 3627 1423 3680 Venetiis
1461 3627 1786 3678 Bohemorum
1825 3628 1869 3677 d.
1911 3623 1941 3674 9
1980 3625 2106 3676 Dec.
2147 3633 2209 3676 st.
2249 3643 2298 3675 n.
2340 3623 2492 3675 1599.

2289 3697 2382 3746 Tui
2419 3699 2784 3748 amantissimus

2262 3769 2321 3818 Τ.
2356 3770 2419 3820 Β.
2456 3783 2611 3834 mppr.
2651 3771 2837 3834 scripsi.

431 3921 623 3982 Quibus
659 3915 956 3979 interpositis
993 3913 1206 3964 redimus
1243 3913 1307 3961 ad
1343 3912 1509 3961 literas
1545 3911 1750 3975 Kepleri
1787 3918 1839 3962 et
1874 3910 2129 3962 Maestlini
2160 3916 2373 3960 mutuas.

431 3991 725 4042 Maestlinus
763 3988 828 4036 ad
863 3987 1030 4035 literas
1065 3983 1270 4047 Kepleri
1309 3979 1383 4045 (d.
1423 3980 1452 4030 9
1492 3983 1614 4032 Dec.
1659 3979 1827 4041 1598,
1865 3998 1909 4030 v.
1948 3997 1987 4032 s.
2024 3997 2072 4045 p.
2114 3979 2233 4042 39),
2271 3982 2445 4046 quibus
2484 3982 2819 4043 calamitates,
2859 3996 2989 4047 quae

302 4065 397 4110 tum
434 4063 686 4126 Styriacos
723 4057 928 4108 Lutheri
967 4055 1079 4105 fidei
1117 4055 1337 4104 addictos
1375 4056 1567 4119 agitare
1605 4055 1910 4118 inceperunt,
1949 4055 2099 4103 refert
2118 4088 2133 4110 ,
2170 4053 2247 4102 his
2282 4053 2569 4118 respondit:
2624 4056 2824 4104 Annum
2859 4055 2991 4104 huuc

303 4130 430 4183 Deus
469 4132 604 4185 OM.
643 4133 879 4197 largiatur
913 4129 1054 4176 nobis
1089 4127 1282 4176 felicem
1318 4131 1370 4175 et
1404 4139 1712 4189 prosperum,
1765 4139 1860 4190 quo
1908 4139 1995 4174 nos
2042 4127 2105 4174 ab
2141 4125 2510 4175 imminentibus
2544 4125 2686 4175 malis
2724 4125 2993 4176 clementer

307 4207 558 4256 custodiat.
635 4203 714 4253 De
747 4203 916 4267 gratia
949 4201 1102 4263 ipsius
1137 4212 1304 4250 sumus
1337 4197 1534 4261 quidem
1571 4199 1708 4254 certi,
1747 4197 1837 4246 sed
1872 4197 2111 4262 quomodo
2150 4211 2259 4246 eam
2296 4196 2563 4260 dispenset,
2597 4198 2832 4248 videmus.
2883 4196 2987 4248 Ira·

304 4282 398 4326 tum
445 4279 580 4328 enim
632 4275 816 4324 vultum
859 4273 996 4321 Deus
1046 4283 1196 4332 saepe
1244 4269 1466 4329 simulat,
1525 4275 1575 4318 et
1623 4269 1853 4334 ingentes
1902 4267 2213 4317 calamitates
2250 4268 2387 4317 nobis
2431 4267 2628 4330 objicit,
2683 4274 2739 4317 at
2775 4268 2987 4318 clemen-

305 4347 506 4399 tissimus
543 4350 647 4410 ipse
683 4353 825 4409 pater
861 4343 1068 4408 gloriose
1105 4355 1192 4388 nos
1228 4339 1342 4388 inde
1379 4339 1571 4390 liberat.
1646 4339 1810 4402 Ipsum
1848 4354 1962 4404 ergo
2001 4354 2217 4397 oremuS,
2268 4345 2327 4388 ut
2374 4339 2413 4388 si
2465 4339 2579 4404 quid
2627 4339 2815 4389 adversi
2850 4341 2990 4390 nobis

305 4417 553 4470 immittere
589 4418 724 4473 velit,
763 4431 826 4466 ea
861 4417 930 4464 sic
967 4413 1192 4476 mitigare
1230 4410 1474 4476 dignetur,
1511 4425 1576 4460 ne
1619 4411 1710 4460 sub
1755 4425 1918 4460 eorum
1943 4411 2071 4460 mole
2106 4410 2181 4459 vel
2217 4411 2463 4475 gravitate
2498 4413 2653 4474 pressi
2687 4411 2764 4461 vel
2800 4409 2988 4461 diutur-

306 4490 450 4542 nitate
485 4489 750 4553 dei'atigati
787 4484 1180 4540 succumbamus,
1217 4483 1306 4531 sed
1343 4483 1408 4530 ad
1442 4483 1636 4532 felicem
1673 4489 1903 4531 eventum
1940 4482 2115 4530 eadem
2152 4482 2284 4532 brevi
2318 4481 2572 4544 perducat.
2626 4501 2631 4506 ·
2732 4539 2747 4547 Ρ

435 4563 632 4612 Literas
667 4569 778 4610 tuas
813 4558 936 4613 beri,
971 4562 1227 4620 postquam
1251 4555 1436 4615 vesperi
1465 4552 1525 4603 ex
1555 4553 1760 4618 collegio
1785 4567 2005 4604 reversus
2034 4567 2157 4610 sum.
2198 4553 2383 4616 acc-epi.
2438 4552 2497 4602 In
2534 4552 2631 4602 fine
2669 4567 2837 4604 earum
2876 4551 2988 4616 (eas

309 4642 487 4696 propter
534 4634 736 4698 negotia
783 4645 881 4682 non
927 4629 1182 4678 confestim
1224 4623 1474 4690 perlegere
1517 4631 1567 4673 et
1611 4624 1859 4674 absolvere
1903 4621 2063 4690 potui)
2106 4625 2327 4681 invenio,
2376 4623 2504 4688 quod
2540 4625 2795 4676 consilium
2825 4641 2987 4679 rerum

309 4707 486 4755 tuarum
525 4721 558 4754 a
590 4703 795 4770 collegio
832 4707 994 4751 nostro
1031 4706 1083 4748 et
1118 4697 1333 4760 inprimis
1372 4709 1404 4744 a
1439 4695 1502 4744 D.
1535 4693 1875 4745 Hafenreffero
1918 4697 2061 4760 petiS.
2124 4695 2285 4755 Quam
2320 4695 2606 4758 petitionem
2643 4696 2785 4746 hodie
2822 4712 2985 4754 mane,

313 4785 407 4824 cum
433 4777 694 4826 haberetur
718 4771 938 4828 senatus,
976 4783 1244 4834 proponere
1279 4769 1338 4816 iis
1377 4765 1522 4823 volui,
1561 4767 1649 4816 sed
1675 4766 1890 4830 pluribus
1916 4767 2221 4816 obstantibus
2247 4767 2647 4829 occupationibus
2680 4767 2799 4817 nihil
2838 4781 2987 4833 agere

313 4851 447 4904 potui.
519 4845 810 4898 Differenda
843 4845 996 4909 igitur
1029 4842 1146 4891 mihi
1181 4841 1276 4890 fuit
1311 4839 1562 4890 literarum
1595 4840 1885 4888 monstratio
1922 4853 2074 4902 nsque
2108 4845 2221 4900 post
2256 4837 2523 4895 meridiem,
2560 4841 2797 4904 siquidem
2835 4843 2987 4890 etiam

309 4914 385 4976 iis,
419 4921 702 4987 quibuscum
737 4925 844 4968 tum
881 4915 1220 4970 conserebam,
1256 4911 1538 4970 videbatur,
1579 4909 1885 4961 tabellarium
1920 4923 2111 4976 quoque
2148 4909 2345 4960 dimidio
2389 4908 2483 4960 boc
2520 4911 2629 4975 die,
2674 4911 2805 4962 ultra
2836 4925 2985 4976 quam
