3634 5575
61 4939 74 5148 πτν-*Ὓ-Ἷ-ν
61 4661 72 4914 -v-o-v
61 4557 71 4626 -σν
61 4451 66 4516 -Ἰ-

643 508 934 592 fgenerale
983 504 1174 570 esset'
1195 507 1522 582 decretum,
1567 508 1849 588 princeps
1896 507 2157 569 officium
2204 522 2399 567 meum
2444 505 2715 569 neutrale
2752 512 3217 567 esse-exemtum
3256 502 3385 565 de·-

657 600 934 672 clararet‚
983 618 1057 661 ne
1086 597 1196 658 ille
1227 598 1468 659 decreto
1497 596 1732 659 veniam
1759 598 1818 659 in
1866 596 2215 677 periculum,
2266 595 2316 656 si
2346 614 2539 657 morer
2574 595 2634 656 in
2664 592 2990 673 provincia.
3076 593 3387 674 Respon-

651 706 784 751 sum
829 694 924 749 est
969 686 1066 749 his
1112 686 1344 748 verbis:
1396 687 1539 759 „lhr
1566 686 1812 749 Durchl.
1847 686 2062 748 wellen
2105 704 2247 746 auss
2294 684 2548 745 sondern
2598 684 2831 763 gnaden
2878 683 3197 763 verwilligt
3248 683 3389 745 ha-

653 779 808 852 ben,
884 777 1028 839 dass
1077 774 1438 856 supplicant
1482 775 1802 853 Ungeacht
1852 775 1961 837 der
2006 773 2251 855 general
2310 773 2735 853 ausschafl'ung
2790 780 2905 834 etc.
2959 772 3110 834 noch
3158 774 3390 852 lenger

655 866 835 928 allhie
882 866 1225 928 verbleiben
1275 873 1468 943 miige.
1563 864 1730 925 Doch
1781 864 1896 925 soll
1946 883 2011 925 er
2056 864 2182 925 sich
2214 862 2619 924 allenthalben
2658 862 3035 941 gebiirlicher
3059 861 3381 924 Beschai-

655 955 900 1018 denheit
959 954 1335 1035 gebrauchen
1403 952 1518 1015 und
1583 953 1710 1015 sich
1777 954 1910 1015 also
1974 952 2448 1013 anerweislich
2508 952 2853 1027 verbalten,
2920 950 3109 1013 damit
3154 953 3236 1013 Ir.
3294 949 3383 1012 D.

655 1045 902 1109 solliche
935 1044 1107 1125 guad
1153 1042 1335 1104 wider
1379 1042 1746 1104 aufzuheben
1797 1044 1885 1103 nit
1934 1042 2283 1104 vei-ursacht
2321 1041 2578 1103 werde.“
2654 1039 2887 1102 Dicitur
2921 1041 3201 1120 princeps
3256 1039 3384 1101 de-

659 1134 871 1197 lectari
915 1133 1067 1195 meis
1114 1131 1570 1206 inventionibuS‚
1621 1141 1684 1193 et
1730 1131 2046 1193 Manechio
2096 1130 2334 1211 quidam
2382 1130 2755 1192 consiliarius
2795 1129 2951 1191 solet
2981 1130 3058 1190 ad
3085 1148 3177 1191 me
3209 1128 3385 1191 scri-

657 1224 817 1293 bere,
866 1223 1022 1283 unde
1071 1223 1372 1282 faventem
1421 1220 1614 1281 habeo
1665 1220 1882 1286 aulam.
1980 1218 2139 1291 Quid
2189 1219 2424 1280 autem?
2471 1218 2847 1281 Manebone?
2912 1219 3001 1281 At
3046 1238 3119 1279 ex
3165 1218 3383 1281 omni-

655 1312 766 1374 bus
812 1310 1004 1375 tribus
1048 1309 1374 1391 provinciis
1432 1310 1627 1371 exacti
1689 1310 1947 1372 ministri
2004 1307 2246 1389 publici.
2339 1307 2567 1371 Latent
2630 1308 2765 1370 hinc
2831 1307 2966 1369 inde
3019 1307 3243 1389 privati
3319 1306 3383 1368 in

655 1400 910 1465 arcibus.
1006 1398 1094 1461 At
1142 1400 1192 1462 si
1240 1398 1371 1479 quis
1418 1398 1534 1461 civi
1579 1398 1866 1478 principis
1914 1397 2175 1460 venienti
2222 1398 2449 1477 petenti
2496 1398 2749 1477 porrigit
2794 1405 3258 1464 sacramentum,
3318 1406 3385 1456 et

655 1492 786 1571 ipse
832 1488 1095 1570 pellitur.
1191 1487 1438 1550 Civibus
1489 1488 1788 1567 imperata
1836 1484 1939 1551 26.
1988 1488 2145 1551 Nov.
2193 1486 2480 1566 parochia
2525 1486 2707 1560 urbis,
2758 1507 2796 1547 a
2824 1505 2941 1566 qua
2966 1494 3180 1566 petant
3208 1488 3383 1565 bap-

653 1582 917 1652 demum,
969 1575 1418 1639 benedictiones
1466 1577 1874 1656 conjugiorum
1928 1576 2083 1651 „und
2133 1576 2351 1636 andere
2401 1574 2783 1655 dergl'eichen
2813 1575 3100 1637 heilsame
3132 1574 3381 1639 Sacra-

653 1675 852 1731 mente
899 1666 1018 1729 und
1051 1664 2003 1746 Gottesdienstbesuechungen“.
2074 1664 2177 1725 lbo
2228 1664 2449 1743 igitur?
2522 1667 2611 1726 At
2655 1682 2805 1727 uxor
2850 1665 3142 1727 adhaeret
3186 1664 3383 1726 bonis

661 1758 787 1821 suis
837 1764 898 1818 et
943 1755 1074 1834 spei
1119 1755 1404 1816 bonorum
1443 1754 1786 1833 patriorum.
1864 1755 2159 1816 Videntur
2204 1752 2400 1814 omnia
2447 1754 2793 1828 deserenda,
2845 1762 3023 1835 atque
3070 1755 3204 1834 ipsa
3254 1754 3385 1815 ad-

661 1865 736 1907 eo
779 1845 1059 1926 privigna
1094 1864 1232 1906 mea
1277 1842 1319 1908 8
1367 1862 1670 1917 annorum,
1719 1844 1898 1923 paulo
1926 1852 2067 1923 post
2092 1842 2344 1923 papatui
2372 1842 2681 1920 initianda,
2732 1844 2781 1905 si
2814 1852 3069 1906 matrem
3099 1844 3381 1906 amittat.

657 1936 808 1998 Tum
857 1934 989 2014 quis
1039 1934 1170 2005 scit,
1223 1933 1320 2013 qui
1369 1941 1568 1993 status
1615 1950 1724 1993 vos
1772 1934 1855 1995 sit
1899 1941 2039 2015 post
2073 1933 2225 1995 haec
2272 1939 2648 2013 excepturus.
2723 1933 3020 1995 Maturuit
3064 1933 3389 1995 vindemia

659 2025 783 2088 irae
831 2022 944 2085 Dei
993 2023 1176 2084 etiam
1224 2022 1383 2102 apud
1429 2040 1560 2083 vos.
1655 2021 2120 2084 Tumultuantur
2166 2021 2381 2083 omnia.
2479 2022 2715 2102 ltaque,
2762 2023 2920 2103 quod,
2966 2022 3097 2101 jam
3133 2023 3383 2102 pridem

657 2132 812 2194 age,
879 2130 1058 2191 agere
1103 2130 1375 2193 pergam.
1469 2110 1678 2190 Neque
1724 2111 2229 2191 Wirtembergico
2278 2110 2625 2189 supplicabo
2647 2160 2664 2185 ‚
2730 2112 3074 2192 priusquam
3121 2112 3383 2192 penitus

663 2202 964 2275 extrudar,
1015 2218 1204 2279 neque
1251 2200 1302 2261 si
1352 2218 1468 2281 qua
1513 2197 1873 2261 Stuccardia
1916 2200 2059 2263 mihi
2106 2199 2377 2262 imminet
2422 2199 2676 2274 vocatio,
2728 2200 3044 2280 impediam
3093 2208 3200 2262 aut
3244 2200 3379 2263 im-

659 2292 928 2373 peditam
976 2289 1218 2369 optabo.
1311 2289 1472 2353 Nam
1519 2289 1570 2350 si
1613 2289 1758 2351 talis
1807 2308 1993 2351 causa
2038 2288 2329 2369 horologii
2378 2288 2614 2351 vocatio
2651 2290 2905 2364 venerit,
2954 2306 3190 2369 semper
3218 2290 3379 2353 mihi

661 2380 780 2443 erit
825 2381 1140 2459 integrum,
1191 2378 1526 2440 deliberare
1573 2378 1644 2439 de
1695 2379 2113 2459 amplectenda
2159 2390 2263 2440 aut
2310 2376 2667 2441 declinanda
2711 2379 2836 2441 illa.
2930 2378 3068 2443 Nisi
3106 2379 3271 2442 aliud
3308 2387 3382 2441 tu

661 2479 725 2532 et
753 2466 1042 2549 Collegae
1089 2474 1153 2529 et
1177 2468 1255 2529 D.
1289 2467 1696 2529 Haferefferus
1749 2469 2100 2541 consulatis,
2150 2485 2393 2549 quorum
2440 2467 2697 2531 omnium
2742 2468 2993 2531 consilia
3038 2469 3155 2530 etsi
3188 2469 3385 2530 foeda

657 2558 772 2621 hac
815 2578 996 2620 manu
1041 2564 1106 2618 et
1131 2556 1368 2637 pictura
1395 2556 1632 2631 literae,
1681 2576 1754 2619 ex
1793 2558 1987 2619 animo
2018 2566 2219 2620 tamen
2250 2564 2314 2618 et
2342 2574 2473 2618 cum
2503 2556 2709 2619 debita
2735 2557 3077 2619 reverentia
3105 2566 3331 2637 expeto
3360 2578 3377 2618 ε

657 2654 1006 2731 praestetne
1069 2664 1163 2707 me
1227 2646 1324 2708 hic
1391 2664 1570 2725 agere
1629 2646 2154 2721 mathematicum,
2222 2646 2456 2726 qualem
2501 2646 2701 2729 Tycho
2764 2646 3025 2719 (ratione
3086 2646 3203 2709 loci
3248 2666 3379 2709 uon

661 2734 1043 2810 eruditionis)
1087 2734 1146 2796 in
1172 2734 1390 2809 Dama,
1443 2734 1775 2797 solitarium
1825 2755 1912 2798 sc.
1964 2754 2073 2797 nec
2120 2736 2235 2798 nisi
2266 2734 2506 2815 scriptis
2536 2736 2680 2798 olim
2709 2736 3065 2817 loquentem,
3117 2754 3193 2798 an
3225 2755 3378 2799 vero

659 2827 867 2888 venari
913 2814 1260 2887 occasiones
1308 2824 1584 2904 loquendi
1643 2824 1716 2884 de
1783 2825 2074 2888 cathedra
2129 2826 2189 2886 in
2247 2826 2446 2905 aliqua
2502 2826 2654 2888 forte
2720 2826 3079 2888 academia?
3171 2824 3377 2908 Quam

663 2914 1074 2997 quaestionem
1150 2913 1279 2976 loco
1348 2912 1763 2976 valedictionis
1823 2923 1885 2976 et
1940 2913 2243 2978 officiosae
2309 2914 2688 2976 salutationis
2746 2914 3018 2978 omnibus
3075 2933 3376 2996 propono.

665 3004 924 3079 Valete,
969 3020 1078 3084 pro
1123 3003 1296 3064 nobis
1342 3008 1530 3063 orate.
1625 2997 1685 3064 9.
1736 3002 1980 3066 Decem.
2074 3012 2233 3066 sun.
2284 3001 2389 3068 98.

1217 3091 1332 3154 Ex.
1379 3090 1451 3153 T.
1543 3089 1740 3153 Notus
2595 3091 2687 3153 M.
2734 3089 3003 3174 Kepler,

2215 3180 2537 3244 Procerum
2584 3179 2827 3262 Styriae
2872 3181 3371 3246 Mathematicus.

805 3357 965 3421 Kepl
981 3371 1144 3418 erus,
1184 3363 1242 3406 ut
1276 3369 1424 3420 supra
1441 3355 1704 3407 Maestlino
1741 3358 2017 3421 scripserat,
2060 3359 2352 3410 Galilaeo
2389 3357 2706 3410 Prodromum
2744 3373 2885 3410 suum
2918 3357 3180 3410 Pataviam
3214 3360 3375 3417 misit,

665 3431 747 3497 qui
783 3431 972 3496 gratia-s
1010 3430 1112 3494 egit
1149 3445 1237 3492 pro
1274 3443 1474 3478 munere
1510 3428 1586 3479 his
1623 3430 1810 3480 verbis:

805 3535 1004 3586 Libmm
1041 3542 1208 3591 tuum,
1247 3534 1524 3586 doctissime
1561 3536 1660 3602 vir,
1701 3551 1734 3586 a
1769 3535 1826 3586 P.
1864 3537 2163 3602 Ambergero
2204 3537 2269 3586 ad
2302 3551 2383 3586 me
2419 3539 2617 3588 missum
2655 3536 2859 3600 accepi,
2896 3551 2997 3586 uon
3032 3534 3229 3598 quidem
3265 3534 3375 3586 die·
3414 3567 3422 3576 -

665 3610 772 3664 bus,
811 3607 902 3658 sed
933 3609 1104 3672 paucis
1140 3607 1317 3658 abhinc
1353 3607 1512 3664 horis3
1553 3621 1758 3672 cumque
1795 3608 1927 3658 idem
1950 3607 2137 3658 Paulus
2174 3609 2234 3658 de
2271 3621 2359 3658 suo
2395 3609 2555 3658 reditu
2590 3609 2641 3657 in
2662 3608 2977 3658 Germaniam
3000 3620 3193 3656 mecum
3216 3607 3376 3656 verba

666 3681 883 3736 faceret,
921 3680 1102 3744 ingrati
1139 3679 1354 3741 profecto
1391 3679 1541 3728 animi
1579 3679 1795 3729 futurum
1834 3695 1940 3728 esse
1978 3681 2275 3735 existimavi,
2325 3681 2418 3728 nisi
2455 3680 2590 3730 hisce
2626 3680 2777 3730 literis
2813 3679 2901 3728 tibi
2938 3679 2999 3728 de
3036 3691 3236 3727 munere
3277 3692 3371 3729 ac·

673 3756 812 3815 cepto
851 3751 1038 3816 gratias
1076 3764 1290 3814 agerem.
1365 3751 1474 3814 Ago
1508 3751 1660 3815 igitur
1695 3756 1747 3800 et
1781 3765 1947 3800 rursus
1984 3765 2131 3816 quam
2166 3752 2407 3801 maximas
2446 3765 2557 3816 ago,
2597 3751 2723 3816 qnod
2758 3765 2837 3799 me
2874 3750 2964 3799 tali
3002 3751 3373 3815 argumentum

669 3829 808 3874 tuam
845 3821 1114 3872 amicitiam
1151 3834 1418 3870 convocare
1455 3822 1520 3869 sis
1559 3821 1806 3885 dignatus.
1880 3821 1953 3871 Ex
1988 3821 2108 3872 libro
2143 3822 2216 3871 nil
2254 3821 2415 3872 adhue
2450 3823 2548 3871 vidi
2565 3859 2579 3880 ,
2616 3823 2711 3871 nisi
2747 3823 3102 3885 praefationem
3118 3855 3131 3877 ‚
3172 3835 3230 3869 ex
3268 3835 3373 3884 qua

670 3901 840 3946 tamen
877 3891 1356 3956 quantulumcunque
1393 3899 1530 3941 tuam
1565 3894 1759 3956 percepi
1795 3895 2119 3944 intentionem
2137 3928 2152 3951 ‚
2193 3898 2244 3943 et
2279 3894 2493 3957 profecto
2530 3909 2833 3957 summopere
2870 3892 3087 3958 gratulor
3106 3927 3121 3948 ,
3172 3898 3374 3942 tantum

671 3980 752 4016 me
796 3965 848 4014 in
891 3964 1178 4028 indaganda
1222 3965 1428 4012 veritate
1477 3966 1660 4013 socium
1697 3963 1879 4014 habere
1918 3965 2139 4029 adeoque
2172 3967 2323 4030 ipsius
2359 3967 2578 4016 veritatis
2618 3966 2871 4016 amicum·
2918 3963 3199 4014 Miserabile
3236 3965 3371 4012 enim

673 4043 774 4094 est,
814 4035 938 4086 adeo
975 4049 1110 4084 raros
1148 4049 1254 4084 esse
1293 4036 1511 4084 veritatis
1547 4036 1822 4095 studiosos,
1864 4043 1914 4084 et
1950 4037 2031 4101 qui
2066 4053 2166 4088 non
2201 4052 2478 4102 perversam
2514 4036 2886 4102 philosophandi
2922 4037 3164 4085 rationem
3200 4050 3369 4100 prose·

671 4113 916 4172 quantur:
957 4113 1012 4155 at
1045 4107 1160 4170 quia
1196 4121 1294 4156 non
1331 4106 1617 4170 deplorandi
1652 4109 1804 4156 nostri
1842 4109 2007 4158 seculi.
2026 4109 2249 4160 miserias
2284 4109 2364 4159 hic
2396 4110 2531 4167 locus
2556 4115 2651 4167 eet,
2686 4109 2775 4158 sed
2800 4115 2965 4158 tecum
2990 4106 3371 4172 congratulandi

673 4180 737 4230 de
771 4178 1104 4243 pulcherrimis
1137 4179 1188 4226 in
1225 4179 1443 4228 veritatis
1481 4178 1897 4228 confirmationem
1933 4181 2179 4231 inventis:
2232 4179 2342 4230 ideo
2386 4179 2481 4230 hoc
2525 4186 2719 4230 tantum
2769 4179 2949 4230 addam
2996 4185 3049 4230 et
3080 4177 3364 4243 pollicebar,
3448 4197 3453 4202 ·

674 4267 754 4302 me
791 4265 946 4315 aequo
985 4249 1148 4300 animo
1182 4250 1356 4299 librum
1393 4256 1531 4298 tuum
1567 4250 1894 4314 perlectumm
1932 4266 2054 4314 esse,
2090 4267 2202 4302 cum
2238 4258 2399 4302 certus
2434 4253 2542 4309 sim,
2578 4267 2659 4302 me
2694 4251 3019 4316 pulcherrima
3051 4251 3103 4299 in
3128 4250 3233 4314 ipso
3259 4263 3370 4299 esse

674 4329 993 4387 reperturum.
1066 4319 1124 4370 Id
1162 4328 1328 4370 autem
1366 4336 1422 4370 eo
1457 4320 1686 4372 libentius
1722 4322 1923 4380 faciam,
1962 4324 2091 4388 quod
2124 4325 2175 4373 in
2204 4323 2457 4387 Cepernici
2484 4325 2779 4374 sententiam
2804 4323 2968 4373 multis
3006 4321 3183 4372 abhinc
3222 4322 3369 4371 annis

677 4396 919 4450 venerim,
971 4406 1030 4441 ac
1066 4407 1125 4441 ex
1163 4392 1250 4441 tali
1286 4393 1525 4456 positione
1560 4393 1818 4442 multorum
1858 4395 2008 4444 etiam
2044 4396 2341 4444 naturalium
2380 4395 2649 4445 affectuum
2686 4409 2869 4444 causae
2906 4396 3005 4442 sint
3042 4407 3074 4442 a
3106 4407 3186 4442 me
3226 4393 3367 4442 adin·

678 4470 885 4523 ventae,
941 4476 1067 4529 quae
1105 4463 1248 4514 dubio
1283 4463 1448 4528 procul
1485 4477 1572 4527 per
1607 4479 1911 4515 communem
1948 4466 2240 4529 hypothesin
2276 4467 2639 4530 inexplicabiles
2676 4471 2804 4515 sunt.
2880 4463 3066 4514 Multas
3105 4466 3369 4528 conscripsi

681 4541 734 4587 et
767 4536 982 4586 rationes
1017 4542 1070 4584 et
1093 4541 1488 4600 argumentorum
1520 4536 1572 4584 in
1610 4539 1905 4586 contrarium
1940 4539 2231 4594 eversiones,
2269 4553 2390 4601 quas
2426 4545 2594 4588 tamen
2625 4539 2676 4586 in
2701 4535 2861 4587 lu'cem
2884 4537 3133 4601 hucusque
3158 4536 3369 4600 proferre

680 4621 780 4656 nou
815 4621 919 4655 sum
957 4619 1106 4656 ausus
1127 4641 1142 4664 ,
1186 4607 1384 4656 fortuna
1419 4608 1568 4670 ipsius
1606 4606 1859 4672 Copernici
1894 4611 2224 4673 praeceptoris
2258 4610 2413 4658 nostri
2448 4611 2765 4674 perterritus:
2824 4610 2905 4673 qui
2949 4609 3067 4659 licet
3110 4609 3200 4659 sibi
3237 4607 3371 4672 apud

681 4677 870 4742 aliquos
894 4678 1214 4728 immortalem
1237 4679 1420 4728 famam
1444 4679 1705 4742 paraverit,
1743 4681 1875 4742 apud
1909 4679 2120 4730 infinitos
2156 4688 2323 4732 tamen
2362 4677 2552 4742 (tantus
2578 4682 2709 4730 enim
2734 4687 2811 4731 est
2833 4681 3088 4730 stultorum
3113 4677 3367 4742 numerus)

679 4749 910 4800 ridendus
947 4755 999 4798 et
1035 4749 1360 4811 explodendas
1396 4749 1590 4813 prodiit.
1663 4751 1908 4801 Auderem
1962 4751 2177 4815 profecto
2227 4767 2365 4802 meas
2416 4753 2737 4816 cogitationes
2790 4767 3007 4818 promere
3029 4787 3043 4809 ,
3099 4753 3141 4800 si
3189 4750 3368 4814 plures,

687 4820 844 4886 qualia
878 4826 934 4870 tu
966 4833 1034 4880 es,
1073 4827 1326 4878 extarent3
1366 4828 1419 4871 at
1457 4836 1564 4870 cum
1599 4837 1700 4871 non
1736 4824 1857 4880 sint,
1896 4824 2171 4885 hujusmodi
2204 4825 2402 4888 negotio
2440 4823 2779 4888 supersedebo.
2852 4823 3100 4886 Temporis
3136 4823 3371 4886 angustia

687 4899 741 4944 et
773 4892 932 4942 studio
966 4892 1138 4953 librum
1173 4898 1310 4942 tuum
1344 4893 1541 4958 legendi
1575 4909 1734 4949 vexor,
1774 4909 1924 4960 quare
1960 4895 2073 4947 huic
2110 4895 2257 4946 finem
2292 4897 2545 4958 imponens
2581 4895 2652 4944 tui
2688 4910 2768 4945 me
2806 4895 3190 4952 amantissimum
3216 4900 3366 4960 atque
