3634 5575
1460 440 1778 495 Prooemium.
2681 434 2688 442 ·
2887 436 2965 510 17

272 600 346 662 de
395 600 779 666 latitudinum
821 603 1120 666 varietate
1165 604 1508 685 cogitandi·
1567 606 1725 668 sicut
1769 603 2036 669 videmus
2083 605 2405 669 octaedron
2452 606 2966 671 Mercurio-unius

271 690 740 753 eccentricitatis
786 692 1020 755 modum
1066 694 1549 775 praescripsisse.
1740 713 1746 719 ·

448 779 635 841 Porro
682 782 755 841 de
802 780 1004 844 Luna
1046 782 1276 863 pridem
1321 791 1556 865 tempus
1602 791 1714 859 est,
1765 792 1833 845 ut
1879 782 2101 864 aliquid
2150 766 2364 845 dicam.
2446 782 2607 845 Nam
2651 785 2967 848 concordia

266 867 532 929 Veneris
577 888 710 932 cum
756 871 849 932 sui
894 872 1159 950 corporis
1205 872 1568 943 dimensione
1618 872 1841 951 arguit,
1906 872 2059 935 hanc
2116 872 2541 935 dimensionem
2586 874 2665 935 ad
2710 874 2963 951 Lunam,

267 974 421 1036 quae
469 956 714 1020 Terram
761 958 990 1035 ambit,
1015 960 1097 1022 nil
1141 960 1472 1039 pertinere:
1521 960 1638 1023 nisi
1682 960 1935 1023 velimus
1972 978 2086 1021 non
2118 961 2375 1023 Martem
2404 961 2644 1039 Terrae,
2694 963 2802 1025 sed
2834 982 2965 1025 me-

266 1046 430 1107 diam
477 1046 698 1111 Terrae
744 1048 1096 1111 distantiam
1137 1048 1324 1111 Marti
1386 1050 1630 1131 propius
1696 1049 2051 1124 admovere,
2120 1057 2185 1111 ut
2250 1051 2459 1116 Lunae
2514 1051 2675 1113 cirea
2720 1051 2965 1115 Terram

265 1134 546 1216 utrinque
591 1137 863 1217 aequalis
907 1146 1150 1217 pateret
1193 1138 1352 1200 inter
1392 1138 1808 1243 proportiones
1854 1138 2163 1201 transitus.
2235 1140 2463 1201 Verum
2502 1160 2577 1201 ex
2604 1140 2715 1202 hoc
2740 1160 2962 1223 seque-

265 1230 435 1285 retur
477 1221 695 1286 Martis
744 1233 808 1288 et
847 1226 1021 1297 Jovis
1068 1228 1242 1307 longe
1288 1228 1478 1309 major
1520 1227 1887 1308 par-allartus,
1950 1229 2100 1309 qu‘ae
2144 1228 2276 1307 jam
2321 1236 2503 1291 antea
2545 1230 2965 1311 grandiuscula

268 1319 383 1374 est.
474 1312 772 1377 Mercurio
817 1332 982 1393 veru,
1031 1316 1130 1397 qui
1173 1317 1364 1379 minus
1411 1318 1570 1397 justo
1619 1326 1684 1380 et
1709 1316 1937 1379 Veneri
1984 1334 2135 1398 quae
2182 1316 2333 1379 satis
2380 1318 2662 1388 habebat,
2711 1318 2961 1401 amplius

269 1380 411 1483 quid
457 1402 569 1463 hoc
615 1403 791 1465 modo
839 1404 1192 1468 demeretur.
2968 1400 2979 1411 ’

447 1491 572 1553 Sed
619 1492 762 1573 quid
806 1492 1027 1556 attinet
1071 1494 1280 1557 Lunae
1323 1494 1618 1557 rationem
1665 1494 1905 1569 habere,
1953 1512 2089 1555 cum
2132 1492 2241 1557 illa
2285 1513 2397 1555 non
2447 1495 2526 1557 ad
2573 1496 2775 1561 orbem
2808 1496 2961 1559 Ter-

267 1599 406 1655 rae,
455 1588 522 1642 ut
567 1590 898 1644 ceterorum
941 1584 1316 1663 planetarum
1363 1583 1670 1670 epicyclia‚
1719 1583 1955 1665 proprie
2000 1581 2318 1663 pertineat.

447 1670 692 1757 Terram
742 1672 894 1732 enim
941 1674 1361 1753 φιλαοθρωπος
1407 1681 1644 1735 creator
1689 1673 1831 1735 orbe
1859 1672 2082 1734 Lunari
2119 1672 2328 1733 ultimo
2356 1670 2677 1735 vestivisse
2704 1664 2959 1749 videtu'r,

268 1758 410 1839 quia
470 1778 600 1821 eam
655 1761 900 1824 volebat
944 1761 1138 1823 instar
1183 1760 1344 1827 Solis
1389 1781 1552 1837 esse,
1615 1770 1682 1823 ut
1726 1769 1790 1824 et
1832 1760 1969 1842 ipsa
2014 1760 2357 1823 ambiretur.
2451 1763 2822 1843 Argumento
2868 1770 2966 1825 est

266 1848 574 1929 proportio
621 1850 854 1911 mediae
902 1850 1232 1914 distantiae
1260 1852 1468 1915 Lunae
1515 1872 1552 1913 a
1597 1860 1802 1915 centro
1832 1850 2054 1913 Terrae
2094 1849 2169 1912 ad
2209 1849 2714 1913 semidiametrum
2742 1851 2965 1915 Terrae

268 1938 481 1998 eadem
530 1939 691 2014 fere,
742 1958 891 2020 quae
936 1940 1168 2017 mediae
1205 1940 1540 2003 distantiae
1587 1940 1869 2003 Mercurii
1916 1960 1953 2001 a
1996 1948 2201 2002 centro
2248 1938 2409 2002 Solis
2457 1941 2531 2002 ad
2582 1940 2963 2003 semidiame-

265 2033 428 2087 trum
475 2025 656 2089 Solis.
747 2028 906 2097 Nam
953 2030 1004 2091 si
1049 2029 1380 2091 Mercurius
1429 2028 1506 2090 ad
1553 2028 1758 2093 Solem
1824 2037 1990 2091 esset
2052 2036 2119 2089 ut
2173 2029 2350 2092 Luna
2406 2038 2506 2091 est
2558 2028 2634 2091 ad
2695 2030 2960 2105 Terram,

266 2114 528 2178 distaret
591 2112 721 2180 435
787 2116 1246 2180 semidiametris
1302 2118 1542 2180 Terrae.
1639 2116 2005 2201 Copernicus
2070 2119 2248 2197 paulo
2312 2117 2447 2197 plus
2501 2128 2809 2197 numerat,
2876 2139 2961 2182 sc.

273 2199 518 2288 4517„
569 2206 700 2286 quis
745 2208 880 2280 scit,
930 2226 1106 2288 quam
1151 2207 1338 2269 vere?
1383 2206 1638 2269 Inferius
1685 2216 1953 2269 correcto
1999 2207 2175 2268 modo
2224 2215 2397 2268 erunt
2438 2203 2584 2271 441.

448 2293 658 2375 Neque
705 2314 848 2357 vero
895 2296 1273 2358 metuendum
1320 2304 1431 2370 est,
1481 2316 1555 2357 ne
1602 2296 1877 2359 Lunares
1924 2294 2097 2357 orbes
2146 2316 2183 2356 a
2216 2294 2428 2358 vicinis
2476 2314 2785 2377 corporum
2822 2315 2966 2377 pro-

267 2382 646 2465 portionibus
693 2384 1018 2465 compressi
1065 2384 1382 2448 elidantur.
1475 2384 1636 2447 Nam
1683 2384 2005 2447 absurdum
2036 2392 2097 2446 et
2126 2392 2523 2447 monstrosum
2554 2393 2668 2459 est,
2716 2404 2967 2465 corpora

267 2474 422 2535 haec
468 2472 726 2535 materia
772 2474 1029 2555 quadam
1074 2474 1338 2543 vestita,
1383 2492 1556 2555 ,quae
1605 2472 1798 2537 alieno
1846 2473 2076 2553 corpori
2125 2475 2445 2536 transitum
2490 2493 2606 2535 non
2651 2471 2959 2555 praebeat,

267 2562 329 2623 in
378 2564 609 2625 coelum
655 2564 970 2627 collocare.
1049 2560 1176 2626 Sed
1219 2582 1410 2644 neque
1459 2564 1532 2625 de
1571 2563 1850 2625 crassitie
1880 2562 2041 2625 orbis
2072 2561 2316 2625 Terreni
2343 2563 2743 2644 cogitandum,
2792 2564 2965 2644 quasi

179 2723 190 2735 ⁶
266 2659 448 2713 tanta
491 2670 626 2713 esse
675 2652 911 2728 debeat,
960 2659 1025 2715 ut
1068 2652 1367 2732 integram
1404 2654 1612 2715 Lunae
1659 2652 1979 2733 sphaeram
2026 2651 2310 2728 includat,
2360 2671 2432 2715 ac
2475 2653 2724 2733 proinde
2753 2652 2961 2715 Lunae

268 2759 503 2823 quoque
553 2762 590 2802 a
637 2740 826 2805 Terra
879 2742 1172 2805 distantia
1215 2742 1274 2805 in
1321 2741 1764 2823 proportionem
1826 2741 1983 2804 hanc
2040 2742 2255 2804 cadere
2312 2741 2551 2806 debeat.
2640 2742 2801 2806 Nam
2846 2742 2963 2804 etsi

273 2829 572 2892 orbiculus
618 2831 827 2893 Lunae
875 2851 1056 2912 supra
1101 2832 1354 2894 Telluris
1402 2833 1606 2894 orbem
1651 2833 1943 2906 emineat,
1996 2831 2136 2912 quid
2178 2831 2344 2894 illum
2385 2831 2753 2911 prohibebit,
2810 2849 2961 2913 quo-

267 2919 462 2981 minus
509 2919 870 2982 moveatur?
936 2919 1087 2992 Quis
1134 2938 1275 2984 vero
1324 2921 1553 2998 didicit,
1602 2942 1678 2983 an
1727 2921 1965 2983 omnino
2010 2919 2095 2982 ibi
2140 2920 2263 2982 sint
2307 2912 2529 2984 cibes?
2574 2919 2661 2982 Et
2704 2921 2763 2982 in
2793 2921 2960 2982 Mer-

266 3009 432 3071 curio
469 3009 598 3088 jam
646 3017 826 3070 antea
869 3008 1156 3085 vidimus,
1215 3029 1329 3091 quo
1383 3019 1562 3089 pacto
1610 3011 1739 3091 ejus
1788 3010 1949 3072 orbis
1996 3010 2231 3090 quidem
2274 3017 2477 3072 servet
2520 3010 2961 3092 proportionem

266 3098 559 3168 octaedri,
608 3097 737 3178 ipse
784 3118 926 3160 vero
973 3118 1159 3180 usque
1205 3100 1283 3161 ad
1330 3100 1606 3180 quadrati
1636 3100 2015 3162 altitudinem
2055 3118 2237 3180 supra
2280 3117 2451 3161 suum
2496 3099 2697 3162 orbem
2744 3117 2961 3161 ascen-

266 3187 392 3251 dat.
487 3185 670 3268 (Gap.
717 3185 926 3262 XVI.)

449 3273 574 3338 Sed
620 3284 689 3339 ut
734 3276 987 3358 denique
1035 3295 1325 3339 summam
1370 3276 1507 3340 huic
1553 3276 1794 3356 negotio
1841 3273 2077 3338 manum
2124 3275 2455 3358 imponam,
2482 3284 2701 3357 utque
2759 3293 2963 3358 omnes

264 3365 535 3440 videant,
585 3365 732 3428 nihil
777 3374 884 3428 aut
927 3385 1136 3447 parum
1179 3367 1239 3440 in
1286 3365 1696 3446 parallaxibus
1743 3365 1982 3446 mutari,
2030 3375 2257 3427 struam
2306 3383 2521 3427 novum
2556 3365 2857 3442 mundum,
2904 3372 2969 3426 et

267 3454 561 3536 incipiens
608 3477 648 3517 a
693 3473 922 3518 summa
969 3454 1259 3517 distantia
1296 3475 1548 3530 sursum,
1580 3454 1677 3525 ,ab
1714 3454 1835 3514 ima
1872 3455 2147 3516 deorsum
2181 3455 2550 3536 progrediar.
2640 3454 2967 3516 Assumam

268 3552 474 3606 autem
519 3545 675 3606 hanc
723 3544 1102 3626 hypothesin,
1155 3543 1322 3624 quasi
1368 3543 1676 3624 proportio
1725 3543 2237 3606 eccentricitatum
2286 3543 2363 3605 ad
2410 3537 2586 3606 orbes
2632 3552 2800 3606 certa
2846 3544 2965 3604 sit:

270 3641 334 3695 et
379 3633 436 3697 si
473 3634 626 3716 quid·
661 3635 719 3695 in
758 3653 988 3695 summa
1024 3633 1119 3695 vel
1164 3633 1284 3695 ima
1329 3633 1623 3708 distantia
1669 3632 1922 3716 alicujus
1969 3632 2129 3695 orbis
2176 3632 2293 3694 erit
2333 3632 2734 3708 immutatum,
2776 3631 2967 3694 corri-

153 3717 160 3724 ’
269 3741 411 3802 gam
457 3723 644 3785 etiam
689 3723 1204 3785 eccentricitatem
1247 3721 1804 3803 proportionaliter:
1857 3721 2014 3803 quod
2060 3740 2135 3782 an
2183 3729 2345 3784 recte
2395 3721 2636 3797 faciam,
2686 3720 2967 3788 conside-

273 3821 412 3873 rent
458 3812 740 3874 artifices.
833 3811 964 3874 Hoc
1010 3811 1186 3874 modo
1235 3811 1598 3875 constitutas
1646 3811 1971 3873 distantias
2018 3811 2098 3873 ad
2142 3811 2397 3872 mediam
2427 3810 2682 3873 Telluris
2730 3810 2967 3872 distan-

267 3899 417 3963 tiam
465 3922 503 3962 a
549 3909 753 3964 centro
802 3901 1077 3973 referam,
1124 3900 1300 3981 idque
1359 3899 1524 3976 ideo,
1591 3896 1732 3982 quia
1793 3899 2159 3982 Copernicus
2226 3919 2429 3962 omnes
2494 3902 2837 3982 parallaxes
2891 3897 2969 3960 ad

267 3989 462 4052 locum
511 3989 672 4053 Solis
720 3990 976 4052 medium
1022 3989 1514 4052 accommodavit.
1611 3987 1796 4082 (Cap.
1838 3989 2016 4064 XV.)

446 4079 550 4144 Sic
596 4080 780 4160 igitur
826 4097 892 4140 se
940 4079 1168 4140 habent
1214 4078 1536 4142 distantiae
1586 4084 1651 4140 et
1691 4073 2181 4142 eccentricitates
2214 4075 2559 4159 Corpernici
2606 4077 2684 4140 ad
2728 4095 2968 4141 correc-

269 4175 372 4231 tas
422 4169 583 4232 dicto
629 4168 826 4231 modo.

413 4273 723 4340 (Sequuntur
754 4275 962 4334 numeri,
999 4288 1118 4340 quos
1157 4271 1352 4324 exhibet
1387 4271 1588 4323 tabulae
1624 4273 1714 4323 sub
1749 4272 1899 4323 finem
1924 4271 2046 4337 Cap.
2072 4271 2167 4324 XV
2203 4272 2319 4323 ordo
2342 4273 2539 4337 primus,
2580 4272 2759 4324 additis
2794 4285 2969 4323 eccen-

265 4348 566 4398 tricitatibus
604 4343 691 4410 (1ο
727 4345 778 4396 2¹
816 4343 924 4396 24¹¹
943 4343 1084 4404 ,⁴22
1121 4341 1255 4402 40⁰,
1299 4341 1380 4392 17‘
1417 4340 1548 4406 30”,
1588 4341 1664 4402 5,
1707 4343 1789 4393 11’
1829 4340 1989 4408 22⁴1),
2038 4346 2223 4409 pariter
2266 4346 2457 4396 numeri
2500 4345 2679 4398 ordinis
2713 4344 2845 4394 tertii
2881 4343 2969 4395 ali-

265 4421 507 4484 quantam:
543 4414 926 4484 discrepantes.)

411 4558 546 4612 Dein
578 4563 742 4628 pergit
774 4560 1054 4626 Keplem.

445 4667 578 4729 Hae
625 4665 948 4731 distantiae
995 4657 1378 4728 convenienti
1425 4664 1598 4726 modo
1645 4665 1706 4727 in
1753 4664 1917 4727 sinus
1980 4684 2305 4728 conversae
2362 4663 2627 4726 efficiunt
2679 4662 2969 4726 maximas

265 4756 616 4838 parallaxes
679 4757 744 4819 in
809 4755 1210 4838 superioribus
1277 4765 1580 4834 apogaeas
1601 4800 1617 4827 ,
1687 4753 1747 4820 in
1814 4753 2190 4816 inferioribus
2256 4753 2667 4832 elongationes
2714 4753 2969 4815 omnium

268 4847 564 4908 maximas
635 4865 848 4930 parum
907 4845 1226 4909 admodum
1290 4844 1712 4924 discrepantes
1743 4892 1760 4919 ,
1844 4863 1953 4906 nec
2007 4842 2125 4904 nisi
2188 4843 2247 4903 in
2310 4841 2509 4906 Marte
2568 4842 2971 4917 .n0tabiliter;

269 4935 540 5000 scilicet:
765 5011 777 5023 .
951 4983 958 4990 .

375 5036 556 5090 &pleri
584 5041 724 5091 090²·
747 5043 783 5086 1.
1725 5104 1732 5112 1
2518 5036 2553 5088 2
