3634 5575
677 383 810 454 220
1083 386 1096 408 '
1876 385 2203 438 Prooemium.

671 547 836 598 ferret.
910 546 982 597 At
1017 559 1166 612 quam
1203 553 1552 611 competenter
1589 548 1741 598 etiam
1775 547 2016 598 ulteriora
2050 559 2287 602 excusas,
2326 546 2455 610 quod
2488 545 2953 600 mathematicorum
2988 560 3089 596 non
3126 545 3202 594 sit
3235 559 3401 610 garru-

669 619 816 678 litas,
865 621 1060 680 nescio,
1115 633 1182 669 an
1230 619 1334 670 tale
1381 617 1498 682 qnid
1535 624 1654 668 tunc
1691 618 1825 682 apud
1860 623 1912 670 te
1948 619 2105 668 tacite
2140 618 2381 676 senseris,
2426 618 2577 683 genio
2614 619 2687 669 sic
2722 623 3043 684 suggerente.
3110 616 3402 676 Praeterea.

671 689 802 756 quod
838 705 1008 740 omnes
1045 690 1177 740 docti
1213 691 1384 756 magui
1421 691 1581 754 ipsum
1619 690 1829 748 faciant,
1870 705 1982 740 eum
2020 695 2391 753 praeceptorem
2423 689 2664 753 appellas,
2701 689 3034 756 hypotheses
3032 701 3179 739 mea-s
3216 687 3291 736 illi
3324 689 3405 736 tri·

670 761 807 819 buis,
860 766 912 810 et
956 762 1160 812 tandem
1197 761 1480 819 concludis,
1526 765 1582 812 ut
1626 761 1865 811 sideribus
1916 757 2143 824 (quornm
2182 760 2517 829 permodicam
2557 760 2713 811 habet
2748 757 3001 820 notitiam)
3049 763 3103 809 et
3140 760 3402 819 scientiae,

671 845 821 896 quam
855 831 949 881 sibi
983 832 1099 882 hinc
1135 831 1251 882 inde
1291 828 1355 893 (si
1393 845 1494 896 qua
1530 829 1629 892 est)
1682 832 1898 882 corradit
1947 837 1999 881 et
2035 831 2333 888 suffuratur,
2386 839 2628 895 tanquam
2675 831 2828 881 decus
2866 831 3173 881 Germaniae
3214 829 3404 878 valeat:

670 903 799 953 talia
854 903 914 952 de
969 905 1141 968 ignoto
1188 903 1552 952 inconsiderate
1597 904 1851 966 scripsisse
1896 903 2101 952 videris:
2156 917 2285 966 quae
2338 917 2430 967 ego
2478 903 2676 986 quidem
2719 903 3008 952 nullatenus
3054 915 3259 950 moror.
3314 901 3402 950 ime

670 973 896 1032 mallem,
944 988 1062 1024 vera
1099 988 1208 1024 esse
1223 1007 1238 1032 ,
1289 972 1366 1023 vel
1405 974 1616 1038 aliquem
1655 973 1956 1035 ejuscemodi
1992 974 2125 1032 dari,
2182 975 2261 1030 cui
2298 978 2448 1024 tanta
2480 974 2531 1022 in
2570 975 2911 1024 astronomicis
2946 978 3001 1022 et
3034 972 3405 1022 mathematicis

672 1051 1011 1110 competerent
1045 1045 1240 1110 elogia3
1288 1059 1382 1109 ego
1418 1060 1515 1094 non
1553 1045 1753 1094 ultimus
1791 1060 1979 1102 essem,
2019 1045 2101 1110 qui
2138 1047 2243 1108 ejus
2282 1045 2557 1094 celebraret
2592 1044 2817 1110 gloriam.
2891 1043 3005 1094 Non
3042 1049 3227 1092 tamen
3265 1058 3406 1106 supra

670 1116 1012 1168 Ptolemaeum
1051 1121 1139 1166 aut
1177 1113 1502 1178 Copornicum
1539 1115 1782 1178 aliosque,
1803 1117 2005 1165 eximios
2058 1117 2185 1166 viros
2200 1149 2213 1172 ,
2264 1117 2424 1180 qualis
2471 1115 2525 1165 in
2563 1116 2835 1166 Germania
2868 1113 3173 1165 Maestlinus
3188 1150 3203 1170 ,
3257 1117 3404 1163 verior

669 1187 752 1236 ille
789 1193 904 1236 tuns
938 1191 1257 1251 praeceptor,
1306 1200 1441 1236 nunc
1479 1192 1584 1244 est,
1635 1184 1888 1245 efferrem,
1940 1187 2033 1236 nisi
2072 1187 2274 1252 dignum
2312 1187 2413 1236 fore
2452 1187 2574 1236 satis
2597 1192 2932 1254 ,perspectum
2970 1186 3237 1236 haberem.
3312 1183 3404 1234 Sed

670 1259 771 1308 sint
804 1258 932 1308 haec
970 1258 1332 1322 qualiacunque
1369 1257 1524 1307 velint
1539 1292 1552 1314 ,
1591 1258 1644 1308 id
1678 1259 1906 1322 equidem
1942 1273 2041 1307 ιιοιι
2081 1258 2290 1316 arridet,
2329 1257 2458 1321 quod
2494 1263 2586 1307 tua
2621 1259 2692 1308 sic
2725 1259 2778 1306 in
2815 1257 2938 1307 libro
2974 1259 3072 1306 isto
3112 1261 3300 1306 contra
3330 1270 3403 1306 me

669 1329 912 1380 maledico
950 1330 1186 1379 abutatur
1222 1329 1449 1393 epistola,
1487 1334 1544 1378 ut
1577 1329 1676 1379 hac
1711 1331 1853 1394 quasi
1890 1343 1945 1378 se
1980 1343 2211 1394 purgare,
2254 1335 2403 1392 atque
2440 1333 2655 1392 quantus
2692 1329 2757 1377 sit
2780 1343 3026 1393 quamque
3061 1327 3285 1377 multum
3316 1328 3401 1390 ipsi

669 1400 983 1450 tribuendum
1021 1397 1088 1462 (si
1125 1399 1234 1448 Diis
1271 1397 1458 1463 placet)
1497 1400 1704 1463 probare
1743 1401 1874 1461 velit,
1916 1415 1969 1450 se
2008 1401 2171 1463 ipsum
2204 1401 2281 1450 ita
2303 1401 2507 1449 nimium
2535 1399 2812 1450 extollendo
2838 1407 2891 1448 et
2926 1401 3126 1449 sibimet
3164 1397 3403 1462 placendo

670 1477 820 1534 atque
859 1471 970 1521 aliis
1005 1471 1164 1521 tacite
1201 1470 1526 1521 detrahendo.
1602 1472 1671 1520 At
1707 1472 1939 1536 quoniam
1974 1472 2027 1519 in
2072 1474 2334 1534 juventute
2382 1484 2447 1520 ea
2491 1485 2578 1533 per
2624 1471 2957 1536 ignorantiam
2993 1471 3267 1533 scripsisti,
3316 1483 3403 1519 nec

670 1542 798 1592 forte
837 1543 1165 1598 existimares,
1205 1556 1318 1591 enm
1353 1555 1572 1605 unquam
1607 1541 1777 1592 literas
1813 1542 1923 1592 illas
1956 1542 2337 1605 publicaturum,
2376 1543 2561 1592 nedum
2596 1547 2653 1590 ut
2686 1543 2747 1591 iis
2782 1541 2835 1590 in
2872 1541 3078 1591 aliorum
3118 1541 3403 1604 despectum

669 1618 724 1662 et
761 1613 1112 1664 contumeliam
1147 1626 1366 1676 unquam
1402 1612 1642 1662 abusurus
1678 1614 1823 1670 foret,
1860 1613 2043 1664 ideirco
2070 1620 2163 1671 est,
2205 1627 2293 1663 cnr
2316 1613 2443 1663 haec
2469 1613 2709 1675 placidius
2734 1613 2907 1662 feram.
2956 1612 3211 1675 Cuperem
3234 1611 3401 1660 nihilo-

668 1684 856 1741 minus,
893 1690 952 1733 ut
985 1683 1141 1748 primo
1178 1697 1369 1748 quoque
1406 1689 1626 1746 tempore
1665 1684 1798 1747 apud
1835 1698 1917 1734 me
1950 1684 2262 1744 declaratum
2296 1683 2597 1748 relinqueres
2612 1719 2627 1742 ,
2680 1697 2745 1733 an
2783 1684 2873 1732 tibi
2908 1689 3111 1748 gratnm
3148 1683 3247 1742 sit,
3286 1681 3405 1746 qnod

669 1755 742 1804 sic
776 1755 952 1804 fecerit
989 1761 1042 1804 et
1075 1753 1191 1818 quid
1229 1754 1291 1804 de
1327 1755 1509 1818 scripto
1547 1755 1644 1804 isto
1681 1755 1923 1804 virulento
1960 1757 2179 1804 sentias:
2214 1761 2321 1805 tum
2345 1769 2537 1819 quoqne
2564 1755 2647 1804 alii
2674 1754 2872 1810 eruditi,
2910 1755 2976 1804 ad
2998 1769 3213 1818 quorum
3238 1767 3404 1802 manus

669 1826 802 1876 istud
836 1827 1077 1889 pervenit.
1139 1823 1313 1890 Neque
1352 1826 1484 1874 enim
1523 1825 1711 1884 dubito,
1753 1823 1916 1875 isthuc
1953 1827 2214 1890 perlatum,
2252 1825 2491 1891 siquidem
2515 1826 2711 1891 Pragae
2750 1840 2985 1876 excusum
3020 1827 3103 1880 sit,
3148 1837 3404 1888 suppresso

670 1901 842 1946 tamen
880 1895 1172 1961 typographi
1210 1897 1428 1950 nomine,
1464 1897 1538 1944 nti
1575 1897 1634 1945 fit
1667 1899 1720 1945 in
1760 1896 1961 1946 famosis
1997 1897 2189 1947 libellis.
2244 1897 2397 1946 Plura
2421 1897 2483 1946 de
2506 1897 2583 1946 his
2608 1911 2707 1946 non
2736 1897 2881 1946 addo.
2934 1895 3043 1947 Nec
3079 1896 3223 1946 enim
3262 1896 3405 1960 digna

669 1972 788 2016 sunt
821 1973 880 2017 ut
913 1967 1081 2016 multis
1117 1973 1424 2017 revocentur.
1498 1967 1660 2016 Tuum
1697 1975 1808 2024 est,
1868 1968 1998 2018 haec
2032 1969 2145 2032 ipsa
2180 1968 2340 2017 obiter
2388 1967 2655 2031 subjuncta
2702 1967 2915 2017 candide
2960 1967 3317 2030 interpretari.
3359 1972 3407 2015 et

667 2038 904 2090 schedam
939 2038 1074 2088 hanc
1099 2038 1329 2090 Vulcano
1353 2038 1568 2088 tradere.
1625 2038 1837 2104 Jamque
1875 2039 2055 2089 iterum
2091 2046 2143 2088 et
2180 2040 2379 2103 saepius
2416 2039 2545 2089 vale.
2614 2037 2944 2102 (Postscripta
2976 2044 3095 2088 sunt
3130 2038 3268 2088 haec
3302 2037 3403 2086 lite-

667 2111 752 2164 ris,
787 2123 912 2176 quas
947 2124 1063 2175 pag.
1101 2105 1168 2159 4³
1207 2125 1280 2174 sq.
1317 2105 1702 2173 proposuimus.)

813 2233 1061 2299 Keplerus
1097 2233 1172 2284 his
1210 2232 1458 2296 Tychonis
1491 2235 1648 2284 literis
1686 2239 1848 2283 motus
1886 2233 2147 2299 epistolam
2186 2234 2232 2283 ei
2287 2234 2423 2284 misit
2472 2235 2832 2285 excusatoriam
2846 2269 2861 2292 ,
2912 2248 3061 2299 quam
3108 2233 3403 2297 descriptam

587 2325 605 2332 ·
668 2306 821 2357 etiam
857 2305 1126 2356 Maestlino
1165 2305 1301 2354 dedit
1335 2305 1412 2354 his
1451 2305 1634 2356 additis
1672 2305 1867 2356 verbis:

845 2393 1006 2478 Quid
1065 2393 1334 2476 Tychoni
1392 2394 1806 2475 responderim
1868 2392 2133 2472 (quando
2182 2398 2243 2452 te
2290 2392 2352 2454 id
2408 2400 2688 2472 satagere
2746 2393 2972 2468 video),
3030 2411 3105 2454 ex
3170 2392 3401 2471 adjecto

667 2482 998 2564 exemplari
1045 2501 1393 2560 cognosces.
1486 2483 1692 2544 Velim
1741 2489 1944 2544 autem
1994 2480 2332 2557 existimes,
2390 2501 2539 2543 vera
2582 2501 2678 2544 me
2714 2490 2791 2558 ,et
2836 2501 2914 2544 ex
2958 2483 3159 2543 animo
3210 2480 3401 2542 omnia

667 2571 1006 2653 scripsisse,
1058 2571 1200 2652 quia
1246 2573 1477 2633 veritas
1523 2590 1632 2651 per
1679 2592 1745 2632 se
1795 2572 1933 2650 ipsa
1980 2577 2080 2631 sat
2128 2577 2263 2631 tuta
2308 2577 2423 2632 est.
2519 2569 2695 2640 Quod
2744 2579 2946 2634 autem
2990 2571 3402 2632 vehementior

667 2661 727 2725 in
773 2661 968 2741 ipsum
1017 2660 1240 2723 Ursum
1287 2679 1404 2722 non
1465 2680 1632 2736 sum,
1700 2660 1924 2739 partim
1979 2659 2207 2739 pudore
2262 2661 2365 2733 fit,
2426 2659 2649 2739 partim
2703 2667 2887 2722 metu.
2982 2659 3181 2730 Quem
3230 2659 3395 2732 enim,

666 2751 818 2831 proh
866 2744 1066 2826 dolor,
1127 2755 1446 2830 tantopere
1504 2749 1776 2825 laudavi,
1840 2767 1955 2811 non
2013 2766 2259 2828 possum
2320 2748 2449 2811 sine
2498 2749 2941 2812 inconstantiae
2988 2749 3233 2811 macula
3278 2748 3396 2827 jam

669 2838 877 2901 statim
921 2838 1268 2921 turpissime
1331 2840 1666 2912 traducere.
1764 2837 1941 2908 Quod
2002 2837 2056 2898 si
2114 2837 2435 2915 epistolam
2502 2839 2685 2900 etiam
2741 2850 2966 2900 meam*
2983 2838 3195 2919 Tycbo
3246 2837 3393 2917 typis

665 2929 952 2989 mandare
1001 2927 1180 3001 velit,
1239 2928 1561 2989 verendum
1612 2928 1855 3001 fuisset,
1916 2945 1988 2987 ne
2055 2926 2116 2986 in
2164 2926 2452 3006 majorem
2500 2946 2694 2989 meam
2742 2927 3163 3001 contumeliam
3212 2928 3393 2989 Ursus

593 3073 600 3079 .
663 3017 817 3078 alias
862 3036 1030 3079 meas
1080 3016 1448 3095 publicaret,
1499 3026 1562 3079 et
1610 3036 1726 3097 qua
1772 3024 1945 3098 parte
1994 3015 2397 3077 modestiores
2456 3023 2600 3078 sunt
2654 3018 3057 3090 adulteraret,
3122 3025 3236 3077 aut
3281 3015 3393 3077 alia

661 3105 764 3167 via
809 3106 952 3167 mihl
997 3105 1405 3167 lusidiaretur.
2028 3118 2134 3182 (Ex
2171 3136 2247 3185 ep.
2290 3122 2355 3171 ad
2392 3120 2463 3172 M.
2504 3122 2551 3172 d.
2592 3124 2640 3173 d.
2682 3120 2768 3171 26.
2809 3122 2949 3173 Febr.
2996 3118 3179 3182 1599.)

802 3244 1006 3309 Kepleri
1044 3249 1214 3296 autern
1249 3245 1398 3295 verba
1433 3245 1562 3297 haec
1598 3252 1745 3297 sunt:

662 3352 1020 3437 Bvevnplar
1054 3352 1464 3437 puryationis
1508 3373 1686 3416 meae

912 3442 1002 3507 ad
1052 3442 1438 3525 Tycho‘nem.
1872 3527 1938 3591 S·
1990 3530 2058 3591 P.
2116 3529 2197 3590 D·
2246 3456 2251 3461 ’

839 3632 992 3699 Cum
1059 3635 1498 3699 intellexissem
1556 3654 1630 3697 ex
1676 3634 1991 3696 Maestlini
2058 3634 2290 3709 literiS,
2356 3654 2505 3715 quas
2575 3636 2652 3697 ad
2718 3655 2813 3697 me
2880 3636 3050 3698 dedit
3104 3632 3383 3715 superiori

660 3726 962 3804 Augusto,
1015 3727 1402 3806 respondisse
1449 3734 1512 3788 te
1562 3725 1639 3786 ad
1686 3724 2026 3803 epistolium
2070 3742 2283 3797 meum,
2334 3725 2583 3804 ejusque
2630 3724 3037 3804 responsionis
3088 3724 3383 3802 exemplar

659 3814 818 3892 apud
848 3814 1243 3877 Maestlinum
1289 3834 1458 3877 esse:
1508 3814 1784 3893 proxima
1832 3813 2147 3874 occasione
2198 3814 2355 3891 apud
2403 3813 2569 3874 illum
2607 3814 2838 3887 institi,⁴
2874 3822 2941 3875 ut
2986 3814 3045 3874 id
3088 3812 3383 3893 exemplar

661 3902 739 3963 ad
784 3920 878 3963 me
927 3903 1216 3973 mitteret,
1269 3902 1504 3984 quando
1554 3902 1766 3963 literae
1811 3911 1953 3963 tuae
1994 3901 2136 3962 mihi
2176 3921 2291 3962 non
2333 3902 2745 3964 redderentur.
2816 3902 2917 3965 Sic
2959 3921 3103 3964 casu
3152 3910 3216 3962 et
3254 3901 3379 3961 dili-

659 3990 868 4071 gentia
913 3998 1020 4052 tua
1067 3992 1311 4067 factum,
1363 4000 1431 4054 ut
1477 3990 1754 4073 quamvis
1784 3990 2201 4070 „pereuntibus
2247 3989 2367 4052 tuis
2418 3990 2629 4063 literis,
2670 4002 2872 4053 tamen
2922 3990 3063 4071 quid
3101 4010 3193 4052 me
3243 3989 3379 4051 scire

658 4079 850 4142 velles
877 4086 1022 4158 post
1051 4080 1342 4142 decimum
1373 4099 1638 4143 mensem
1685 4079 2109 4141 intellexerim.
2203 4079 2429 4141 Horum
2471 4079 2639 4141 initio
2684 4088 2745 4141 te
2785 4082 3103 4141 certiorem
3142 4076 3379 4150 reddidi,

659 4168 804 4249 quia
847 4168 906 4230 in
954 4168 1062 4229 illa
1107 4171 1354 4249 querela
1397 4179 1540 4245 tua,
1591 4187 1684 4230 me
1733 4166 2009 4230 Christe!
2080 4185 2259 4247 quam
2307 4168 2652 4246 justissima
2707 4170 3012 4248 postulaS,
3094 4176 3161 4229 nt
3204 4168 3377 4247 primo

659 4276 893 4338 quoque
941 4265 1212 4336 tempore
1258 4277 1454 4320 meam
1503 4258 1614 4320 tibi
1663 4256 2028 4319 sententiam
2076 4256 2374 4335 aperiam:
2428 4276 2499 4317 ne
2552 4278 2628 4318 ex
2683 4258 2795 4319 hac
2836 4258 3183 4319 decimestri
3229 4273 3379 4317 mora

661 4346 850 4426 major
895 4345 1007 4407 tibi
1054 4347 1130 4408 de
1176 4365 1269 4408 me
1318 4348 1579 4425 suspicio
1627 4346 1841 4423 culpae
1888 4344 2277 4421 suboriretur.
2367 4343 2679 4414 Quantum
2727 4346 2914 4425 igitur
2962 4346 3185 4408 attinet
3230 4363 3379 4405 meas

661 4434 741 4495 ad
786 4434 1009 4497 Ursum
1057 4434 1303 4510 literas,
1375 4455 1450 4495 ex
1495 4435 1599 4508 iis,
1670 4452 1824 4514 quae
1874 4433 2270 4511 excerpsisti,
2322 4434 2520 4495 verbis
2575 4435 2861 4514 pleraque
2910 4455 3046 4497 mea
3110 4450 3375 4514 agnosco.

659 4522 757 4584 Ex
803 4541 874 4584 eo
919 4524 1007 4596 fit,
1057 4532 1125 4585 ut
1171 4524 1447 4605 quamvis
1493 4524 1572 4609 ad
1620 4523 1845 4602 aliqua,
1896 4523 1973 4583 de
2026 4521 2241 4601 quibus
2290 4523 2515 4593 dubito,
2564 4542 2715 4602 pene
2755 4524 3208 4585 cohorrescam:
3256 4520 3375 4583 nul-

663 4610 783 4672 lum
829 4618 1030 4673 tamen
1081 4632 1304 4693 negare
1353 4612 1602 4693 possim.
1703 4612 1770 4673 In
1822 4612 1937 4673 hac
1984 4611 2189 4689 itaque
2236 4620 2410 4690 parte
2470 4613 2693 4673 nullum
2743 4612 2937 4673 adhuc
2984 4611 3127 4675 Ursi
3174 4612 3373 4674 crimen

662 4706 777 4773 est,
829 4702 984 4779 quod
1035 4700 1282 4781 liqueat.
1363 4703 1580 4765 Utrum
1619 4708 1823 4763 autem
1864 4700 2168 4781 integram
2199 4700 2518 4780 epistolam
2545 4700 2963 4780 publicaverit,
3012 4702 3202 4782 major
3237 4696 3376 4778 apud

662 4806 756 4851 me
805 4788 1136 4852 dubitatio:
1201 4810 1351 4872 quae
1403 4790 1582 4853 facile
1632 4790 2073 4863 discuteretur,
2133 4788 2188 4850 si
2232 4788 2375 4850 mihi
2425 4789 2732 4869 exemplar
2780 4790 2907 4871 typi
2957 4801 3143 4853 esset.
3232 4789 3373 4851 Nam

661 4877 722 4939 in
771 4876 984 4939 iisdem
1031 4876 1224 4943 literis
1271 4878 1642 4943 desiderium
1667 4896 1869 4943 meum
1897 4886 2138 4941 tuorum
2166 4896 2411 4960 operum
2440 4878 2827 4960 legendorum
2867 4878 3159 4961 expressi,
3204 4890 3372 4955 eaque
