3634 5575
1545 385 1716 450 ouva
1750 385 1887 438 m.
2506 351 2510 356 '
2956 388 3083 458 159

355 543 646 607 atriensis
679 545 902 626 aliquis
929 543 1096 607 circa
1119 545 1348 619 berum,
1397 551 1506 606 aut
1537 545 1720 608 veluti
1751 545 1941 625 quiin
1989 545 2133 608 navi
2176 545 2589 622 obambulant,
2636 566 2829 628 neque
2876 558 3081 613 tamen

356 651 496 695 sese
543 633 860 712 fatigando
905 633 1224 712 proficiunt
1269 634 1329 695 in
1377 631 1618 707 itinere,
1679 633 1796 694 nisi
1843 652 2065 714 magna
2109 633 2203 695 vis
2252 653 2539 716 aquarum
2586 637 2851 698 incertos
2897 657 3082 717 quor-

355 739 488 784 sum
534 729 680 783 eant
726 730 791 783 et
834 722 936 783 vel
985 723 1222 802 quietos
1267 729 1644 800 promoveat.
1721 719 1927 802 Atque
1972 731 2041 783 ut
2087 722 2347 801 spatium
2394 723 2567 786 Luna
2612 741 2690 785 ex
2734 723 2879 786 orbe
2927 726 3082 788 Ter-

355 825 500 870 reno
547 818 894 890 motumque
942 809 1166 872 sortita
1209 813 1326 884 cst,
1377 809 1464 871 sic
1493 817 1558 870 et
1587 809 1810 872 multas
1840 810 2217 872 conditiones
2248 811 2410 889 globi
2440 811 2687 874 Terreni
2719 813 3081 892 adeptamf)

353 903 502 978 puta
557 897 966 973 continentes,
1025 895 1243 973 maria,
1303 905 1569 971 montes,
1628 893 1863 972 aerem,
1927 898 2025 959 vel
2081 898 2177 961 his
2240 899 2443 978 aliqua
2501 918 2849 980 quocunque
2905 903 3083 964 modo

358 985 914 1068 correspondentia,
965 986 1168 1048 multis
1209 985 1572 1066 conjecturis
1603 987 1965 1048 Maestlinus
1991 986 2231 1065 probat,
2281 1006 2391 1048 nec
2438 987 2635 1050 nullas
2686 1008 2833 1070 ego
2804 989 3081 1065 habe03

357 1081 426 1136 ut
469 1074 568 1136 vel
619 1075 696 1136 ob
745 1075 858 1137 hoc
905 1075 1102 1136 solum
1146 1073 1528 1136 verisimilior
1573 1073 1656 1136 sit
1703 1071 2107 1156 Copernicus,
2158 1075 2255 1156 qui
2304 1077 2556 1138 eandem
2602 1077 2717 1158 loci
2764 1087 3081 1163 motusque

249 1199 266 1207 ·
353 1161 830 1227 communionem
877 1162 1110 1225 duobus
1157 1163 1324 1224 hisce
1365 1162 1716 1242 corporibus
1755 1161 2031 1242 largitur.
2096 1164 2195 1226 Ac
2231 1170 2394 1226 certe
2425 1167 2853 1246 φιλαγθρωπος
2883 1164 3081 1230 Crea-

357 1257 456 1313 tor
511 1250 720 1312 ultimo
781 1251 1108 1314 vestivisse
1162 1250 1402 1314 videtur
1449 1249 1754 1314 Tellurem
1805 1251 1921 1314 boc
1976 1251 2120 1312 orbe
2165 1250 2434 1314 Lunari:
2501 1253 2643 1333 quia
2704 1255 2960 1321 similem
3025 1255 3081 1318 ei

355 1339 536 1404 situm
575 1337 906 1402 attribuere
941 1339 1137 1402 voluit
1169 1337 1315 1400 situi
1345 1337 1538 1400 Solis:
1587 1347 1654 1400 ut
1699 1339 1752 1401 si
1801 1347 1867 1401 et
1910 1339 2047 1419 ipsa
2092 1339 2257 1402 orbis
2302 1339 2555 1420 alicujus
2603 1350 2871 1406 centrum
2916 1355 3085 1406 esset

357 1429 456 1498 (ut
495 1425 604 1489 Sol
651 1436 748 1490 est
794 1435 1068 1490 centrum
1115 1428 1406 1500 omnium)
1453 1426 1644 1488 instar
1691 1427 1858 1490 Solis
1904 1428 2217 1506 cujusdam
2266 1428 2471 1490 baberi
2518 1439 2749 1509 posset,
2798 1432 2875 1494 ob
2924 1433 3081 1512 quod

355 1517 492 1594 ipsa
537 1517 728 1577 totius
775 1515 1039 1578 universi
1087 1533 1398 1576 commune
1445 1525 1718 1576 centrum
1766 1515 2158 1578 communiter
2204 1517 2375 1598 quasi
2424 1517 2635 1580 habita
2678 1511 2813 1582 fuit.

529 1603 650 1666 Est
693 1603 970 1676 omnino,
1031 1615 1100 1663 ut
1156 1605 1348 1664 denuo
1407 1603 1608 1664 ludam
1665 1603 1995 1684 allegoria,
2056 1605 2231 1665 bomo
2286 1604 2531 1683 quidam
2576 1607 2749 1688 quasi
2798 1607 2967 1668 Dens
3014 1607 3073 1668 in

357 1671 594 1768 mundo,
643 1700 710 1753 et
753 1691 888 1772 eJus
935 1691 1298 1754 domicilium
1347 1690 1592 1765 Tellus;
1641 1691 1800 1753 sicut
1824 1691 1959 1766 Dei,
2011 1692 2063 1752 si
2110 1693 2293 1754 ullum
2338 1709 2707 1773 corporeum,
2758 1703 2921 1757 certe
2968 1694 3080 1757 Sel

355 1780 462 1840 illa
507 1781 609 1845 lux
654 1780 989 1841 inaccessa.
1082 1779 1170 1851 Ut
1215 1777 1400 1858 igitur
1447 1779 1621 1840 homo
1669 1778 1821 1855 Deo,
1868 1779 1957 1844 sic
2004 1779 2209 1842 Tellus
2256 1780 2387 1842 Soli
2434 1783 2799 1861 respondere
2849 1782 3077 1844 debuit.

354 1867 732 1947 Argumento
798 1877 895 1930 est
960 1868 1133 1948 hujus
1197 1868 1288 1928 rei
1348 1866 1558 1928 eadem
1629 1867 1754 1929 fere
1821 1870 2125 1949 proportio
2192 1869 2355 1949 globi
2414 1869 2673 1933 Telluris
2738 1872 2817 1933 ad
2878 1871 3082 1933 orbem

353 1956 583 2030 Lunae,
634 1975 786 2036 quae
833 1955 997 2036 globi
1047 1955 1286 2018 Solaris
1333 1956 1411 2016 ad
1459 1955 1717 2018 mediam
1761 1952 2046 2018 Mercurii
2096 1957 2532 2060 digressionem
2582 1979 2621 2020 a
2666 1957 2831 2021 Sole.
2864 1959 2920 2033 ⁴¹)

529 2045 740 2124 Neque
787 2063 931 2106 vero
981 2044 1362 2106 metuendum
1411 2052 1526 2118 est,
1577 2063 1650 2104 ne
1679 2041 1955 2106 Lunares
2004 2046 2179 2108 orbes
2227 2066 2266 2106 a
2312 2045 2526 2107 vicinis
2575 2066 2889 2127 corporum
2933 2065 3079 2127 pro-

351 2132 728 2212 portionibus
775 2132 1102 2212 compressi
1149 2132 1486 2206 elidautur,
1545 2132 1603 2192 si
1658 2151 1773 2194 non
1832 2133 1959 2195 sint
2012 2133 2073 2194 iu
2129 2134 2273 2195 orbe
2321 2133 2452 2214 ipso
2510 2135 2850 2198 absconditi
2898 2143 3081 2216 atque

353 2221 588 2284 inclusi.
682 2221 840 2282 Nam
885 2221 1210 2283 absurdum
1263 2229 1326 2282 et
1371 2228 1775 2282 monstrosum
1824 2229 1949 2294 est,
2006 2239 2263 2301 corpora
2319 2222 2469 2284 haec
2514 2223 2780 2286 materia.⁴
2820 2223 3081 2304 quadam

351 2308 616 2384 vestita,
667 2328 820 2390 quae
869 2309 1066 2373 alieno
1113 2309 1352 2388 corpori
1397 2309 1720 2370 transitum
1767 2327 1883 2370 non
1932 2311 2263 2388 praebeant
2285 2356 2302 2385 ,
2363 2309 2421 2372 in
2479 2312 2713 2374 coelum
2758 2313 3079 2381 collocare.

353 2393 538 2458 Certe
586 2397 758 2459 multi
807 2405 1252 2478 uon-verentur
1300 2395 1606 2472 dubitare,
1670 2415 1747 2456 au
1796 2397 2035 2458 omnino
2085 2397 2213 2458 sint
2254 2395 2313 2458 in
2364 2399 2534 2460 coelo
2580 2399 2877 2478 ejusmodi
2924 2401 3079 2462 ada·-

351 2485 603 2547 mautini
649 2485 869 2559 orbes3
927 2503 1004 2546 an
1053 2485 1258 2546 divina
1305 2485 1564 2564 quadam
1612 2483 1869 2559 virtute,
1918 2486 2271 2547 moderante
2316 2503 2529 2548 cursus
2574 2487 2887 2550 intellectu
2931 2505 3077 2568 pro·

351 2569 693 2652 portionum
749 2573 1248 2652 geometr-icarum
1267 2620 1284 2646 ‚
1347 2572 1564 2634 stellae
1624 2589 1734 2650 per
1789 2591 2034 2653 campos
2094 2581 2159 2634 et
2205 2592 2412 2636 auram
2459 2576 2808 2638 aetheream
2854 2575 3079 2638 liberae

351 2661 488 2723 istis
533 2661 767 2723 orbium
817 2662 1204 2740 compedibus
1253 2669 1764 2739 transportentur.
1790 2665 1847 2735 ⁰)
1939 2661 2185 2723 Nullum
2242 2661 2517 2743 equidem
2572 2663 2805 2743 pondus
2865 2663 3078 2728 dubios

351 2759 416 2813 et
461 2749 800 2813 titubantes
847 2748 1067 2812 motori
1114 2767 1364 2830 gressus
1411 2749 1652 2823 efficiet,
1705 2767 1821 2830 quo
1868 2749 2195 2832 aliquando
2243 2771 2281 2811 a
2326 2750 2550 2813 circulo
2598 2771 2705 2813 suo
2752 2751 3076 2816 exorbitet.

349 2839 597 2902 Nullum
646 2840 804 2901 enim
847 2847 1164 2919 punctum,
1227 2838 1452 2899 nullum
1509 2846 1779 2899 centrum
1836 2856 2022 2919 grave
2069 2848 2181 2902 est.
2210 2836 2261 2913 ἵ)
2354 2837 2644 2903 Centrum
2690 2860 2834 2904 vero
2882 2842 3083 2905 omnia

349 2927 623 3007 ejusdem
679 2946 813 2989 cum
869 2946 1118 3006 corpore
1175 2934 1428 2987 naturae
1485 2935 1834 3006 sequuntur.
1926 2926 2057 2991 Nec
2103 2924 2336 3007 pondus
2385 2947 2463 2989 ex
2507 2948 2579 2990 eo
2628 2930 2887 3010 acquirit
2930 2949 3076 2993 ceu-

255 3052 264 3057 ·
353 3024 510 3079 trum
529 3062 546 3089 ‚
617 3017 776 3097 quod
831 3023 1039 3077 cetera
1097 3016 1176 3077 ad
1221 3035 1290 3075 se
1339 3014 1532 3077 allicit
1577 3023 1683 3075 aut
1731 3015 1808 3077 ab
1864 3015 1990 3078 illis
2042 3015 2391 3096 appetitur:
2454 3036 2577 3079 nou
2634 3018 2832 3099 magis
2896 3026 3079 3099 atque

347 3120 602 3184 magnes
621 3152 640 3180 ,
697 3106 839 3167 dum
895 3107 1038 3165 aotu
1083 3104 1307 3166 ferrum
1365 3103 1554 3165 trahit
1573 3149 1589 3177 ,
1651 3103 2045 3183 ingravescit.
2074 3108 2132 3178 ⁸)
2223 3104 2345 3167 Vel
2390 3105 2543 3169 haec
2590 3106 2797 3169 Tellus
2818 3154 2837 3179 ,
2896 3124 3078 3188 quam

349 3193 588 3253 omnino
633 3210 769 3254 cum
817 3190 1154 3271 Cepernico
1201 3190 1340 3253 vehi
1385 3191 1730 3267 statuimus,
1777 3192 1998 3272 quibus
2040 3192 2345 3268 vectibus,
2396 3194 2608 3274 quibus
2656 3196 2912 3269 catenis,
2960 3214 3077 3276 quo

349 3280 678 3341 adamante
727 3280 978 3343 coelesti
1027 3280 1086 3341 in
1135 3281 1341 3343 orbem
1387 3298 1560 3341 suum
1599 3280 1835 3342 inserta
1880 3281 2022 3343 est?
2082 3279 2179 3343 Eo
2224 3298 2437 3361 nempe
2476 3301 2652 3362 quem
2696 3300 2907 3345 omnes
2952 3284 3079 3345 cir·

349 3368 648 3431 cumcirca
691 3369 752 3431 in
801 3368 1116 3447 superficie
1161 3367 1422 3430 Telluris
1469 3368 1738 3429 hemines
1794 3368 2099 3431 haurimus
2157 3369 2617 3443 (fermentatum
2670 3380 2736 3433 et
2780 3372 3076 3435 commix-

349 3466 479 3518 tum
524 3458 882 3537 vaporibus)
933 3462 1171 3519 adrem:
1221 3474 1396 3536 quem
1433 3474 1632 3530 manu,
1681 3474 1857 3535 quem
1892 3475 2141 3536 corpore
2178 3465 2585 3537 penetramus,
2634 3474 2825 3540 neque
2871 3470 3076 3523 tamen

349 3542 744 3608 discindimus
789 3552 896 3607 aut
943 3562 1341 3619 semovemus,
1392 3562 1525 3605 cum
1573 3544 1655 3605 sit
1697 3543 2025 3607 inflnxnum
2068 3544 2425 3607 coelestium
2473 3546 2533 3607 in
2580 3547 2781 3609 media
2824 3566 3079 3629 corpora

349 3633 707 3695 vehiculum.
727 3632 787 3708 ¹¹)
863 3632 993 3694 Hoc
1041 3633 1200 3695 enim
1249 3632 1480 3694 coelum
1528 3640 1640 3706 est,
1689 3631 1750 3693 in
1783 3652 1898 3712 quo
1930 3632 2205 3708 vivimus,
2254 3652 2562 3695 movemur
2606 3643 2672 3696 et
2718 3656 2921 3699 sumus
2968 3656 3079 3699 nos

349 3728 416 3783 et
443 3722 644 3783 omnia
672 3723 972 3784 mundana
1001 3740 1274 3800 corpora.
1351 3718 1648 3789 Quamvis
1697 3720 1839 3800 quid
1885 3740 2035 3801 opus
2083 3730 2177 3783 tot
2220 3721 2475 3783 verbis?
2538 3722 2698 3786 Nam
2744 3723 2866 3787 etsi
2909 3725 3077 3787 orbi-

351 3812 524 3873 culus
562 3811 771 3872 Lunae
819 3829 1004 3889 supra
1031 3808 1290 3871 Telluris
1339 3810 1544 3871 orbem
1591 3808 1874 3885 emineat,
1924 3810 2063 3891 quid
2112 3818 2209 3872 est
2254 3811 2329 3873 de
2376 3811 2757 3874 dodecacdro
2803 3812 2901 3877 vel
2947 3812 3077 3877 ico·

337 3898 610 3977 ειδᾶιο,
675 3899 834 3979 quod
897 3898 1064 3959 illum
1131 3897 1396 3959 transitu
1462 3896 1832 3977 prohibeat?
1924 3898 2157 3961 Vidisti
2212 3918 2399 3990 supra
2451 3898 2712 3980 cap.11
2782 3920 2899 3981 quo
2946 3902 3079 3963 loco

349 3987 586 4049 zodiaci
629 3988 878 4066 planum
923 3986 1078 4049 haec
1123 3986 1242 4047 duo
1287 4002 1545 4066 corpora
1587 3996 1780 4061 secat,
1830 3987 2055 4049 nullum
2102 3978 2404 4067 angulum,
2452 3989 2681 4051 nullum
2716 3989 2897 4052 faciei
2930 4008 3081 4051 cen·-

349 4082 509 4137 trum
552 4092 908 4148 occurrere,
973 4074 1082 4136 sed
1129 4072 1392 4135 existere
1440 4092 1516 4135 ex
1563 4073 1835 4137 sectione
1882 4075 2277 4155 decsngulum
2332 4076 2646 4157 utrinque,
2708 4079 2881 4159 qu'us
2924 4096 3079 4159 quae

349 4180 426 4223 ex
471 4172 680 4225 centro
737 4164 820 4224 ad
881 4163 1042 4224 latus
1100 4161 1622 4241 perpendicularis
1675 4162 1877 4235 cadit,
1942 4164 2123 4243 louge
2182 4165 2373 4243 major
2428 4173 2525 4227 est
2579 4166 2639 4227 in
2697 4167 3076 4229 dodecaedro

349 4252 524 4311 radio
565 4250 863 4331 inscripti,
913 4252 1090 4330 longe
1137 4249 1378 4311 brevior
1421 4250 1479 4311 in
1525 4250 1843 4312 icosaedro
1880 4252 2049 4313 radio
2084 4252 2535 4335 circumscripti,
2588 4262 2653 4316 et
2697 4255 2850 4317 adeo
2898 4255 3079 4333 longa

350 4339 610 4419 quidem,
660 4348 730 4400 ut
777 4356 894 4401 non
941 4338 1236 4400 coelulum
1271 4337 1422 4399 illud
1449 4338 1659 4400 Lunae
1696 4347 1954 4416 tantum,
2002 4342 2109 4402 sed
2158 4336 2337 4421 longe
2382 4343 2574 4423 majus
2623 4342 2847 4422 aliquid
2896 4360 3079 4425 supra

350 4425 556 4489 orbem
599 4433 852 4489 exstans
899 4444 1008 4507 per
1043 4425 1303 4489 mediam
1332 4426 1500 4488 illam
1527 4426 1688 4487 viam
1724 4428 1999 4509 interque
2038 4428 2145 4490 illa
2179 4429 2515 4511 decangula
2550 4430 2809 4495 transire
2843 4440 3075 4511 posset.

350 4512 479 4578 Sed
522 4514 676 4577 haec
725 4515 928 4578 omnia
974 4514 1246 4595 quamvis
1293 4532 1402 4575 suo
1459 4514 1590 4577 loco
1637 4516 2081 4597 relinquantur,
2139 4517 2325 4580 nihilo
2380 4518 2555 4598 pejus
2611 4538 2679 4580 se
2724 4537 2823 4581 res
2868 4518 3075 4585 babet.

352 4596 552 4667 Vides
581 4603 740 4666 enim
769 4621 878 4685 per
905 4602 1426 4705 interpositionem
1449 4602 1682 4677 Lunae,
1730 4613 2155 4685 praeterquam
2192 4606 2253 4667 in
2284 4606 2547 4683 Venere,
2594 4626 2771 4688 quam
2805 4610 3077 4689 proxime

354 4692 569 4755 accedi
612 4694 694 4755 ad
735 4692 1019 4774 proditos
1055 4710 1168 4773 per
1211 4691 1380 4753 sinus
1427 4688 1746 4773 Copemici
1791 4711 2069 4757 numeros
2114 4713 2379 4762 arcuum.
