3634 5575
1057 267 1066 277 ο
1151 302 1214 354 In
1249 301 1542 366 Myrterlum
1577 303 2047 370 Gomographicum
2084 304 2251 357 Notae
2290 306 2531 357 Auctoris.
3084 306 3209 372 189

623 457 680 521 6)
727 474 778 525 p.
819 458 903 511 19.
991 462 1250 513 Tumultus
1299 465 1590 513 rusticorum
1643 465 1704 513 ob
1757 479 1837 513 res
1894 464 1961 513 ad
2013 463 2165 514 iidem
2216 466 2523 528 pertinentes
2575 466 2729 515 exorti
2778 478 2912 515 anno
2968 465 3105 517 1594
3156 471 3209 518 1ιι

478 531 712 581 Austriae
747 534 1010 597 superioris
1043 542 1206 598 parte,
1241 548 1392 599 quam
1415 536 1588 585 dieunt
1616 534 1995 593 „Muhlviertel“
2036 542 2090 585 et
2116 534 2639 593 „Hausruckviertel“,
2677 542 2729 585 et
2753 538 3209 600 supervenientibus

475 603 818 653 vexationibus
861 605 915 653 in
960 606 1214 670 exigendis
1265 606 1460 655 tributis
1509 620 1598 669 per
1633 612 1792 655 totam
1838 606 1943 656 fere
1979 606 2233 655 Austriam
2271 605 2693 670 Superanisanam
2731 606 2912 656 diffusi.
2989 608 3208 659 Extincti

477 682 594 723 sunt
627 674 679 723 hi
713 674 952 726 tumultus
976 690 1108 727 anno
1135 676 1331 727 demum
1360 674 1516 733 1597,
1551 678 1734 741 partim
1773 678 1938 735 armis,
1976 678 2157 741 partim
2193 678 2441 729 concessis
2471 678 2781 742 quibusdam,
2820 692 2947 744 quae
2984 680 3203 744 postula·

479 745 600 794 bant
634 746 822 795 rustici.

567 910 573 918 .
619 865 676 930 7)
713 885 762 933 Ρ.
804 867 888 919 2⁰.
965 871 1292 921 Sebastianus
1327 869 1688 921 Munsterus
1735 868 2054 936 (Ingelhemii
2098 878 2205 921 nat.
2254 885 2386 921 anno
2426 868 2595 929 1488,
2644 870 2925 937 theologiae
2962 873 3207 937 professor

476 938 864 1006 Heidelb0rgae,
901 948 1046 992 mort.
1088 942 1244 991 Basil.
1286 939 1446 1002 1552)
1491 942 1544 991 in
1583 942 1881 993 Germaniae
1918 942 2277 1005 descriptione,
2330 957 2427 992 nec
2470 957 2571 991 non
2622 943 2671 992 in
2722 943 2885 993 libello
2934 946 3203 1009 inscripto:

475 1010 756 1077 Erklarung
791 1012 880 1063 des
915 1027 1092 1063 neven
1127 1012 1457 1063 Instrument-
1495 1012 1582 1063 der
1617 1012 1824 1063 Sunnen
1860 1011 1951 1063 dte.
1992 1011 2215 1077 Oppenh.
2258 1010 2415 1063 1528.

615 1131 674 1196 8)
710 1151 761 1199 p.
801 1134 888 1183 20.
965 1134 1108 1196 Quae
1145 1137 1330 1199 passim
1365 1138 1418 1185 in
1463 1135 1597 1185 libris
1634 1136 1842 1200 Kepleri
1891 1138 2201 1200 omniumque
2250 1136 2441 1185 illorum
2492 1144 2765 1200 temporum
2813 1144 3199 1189 astronomorum

475 1204 699 1268 operibus
735 1213 998 1257 occurrunt
1033 1206 1336 1257 Tabulae
1373 1208 1821 1265 Prutenicae,
1860 1222 1917 1257 eo
1957 1208 2155 1257 nomine
2189 1208 2457 1270 inscriptae
2482 1215 2599 1256 sunt
2622 1208 2687 1257 ab
2725 1214 2927 1258 auctore
2952 1208 3199 1259 Erasmo

475 1275 826 1327 Reinholdo
848 1280 902 1327 in
919 1278 1154 1327 honorem
1175 1279 1364 1328 Alberti
1391 1277 1694 1329 Marehionis
1719 1278 2231 1343 Brandenburgensis,
2253 1275 2516 1328 Borussiae
2533 1276 2709 1340 Ducis,
2742 1280 2821 1328 cui
2842 1279 2925 1329 ille
2952 1279 3201 1329 dedicavit

475 1361 594 1410 opus
631 1362 804 1405 suum,
855 1355 944 1407 „ut
979 1350 1129 1399 sciret
1163 1350 1460 1414 posteritas,
1501 1358 1592 1399 tua
1627 1349 1933 1399 liberalitato
1968 1364 2058 1399 nos
2098 1348 2293 1411 adjutos
2331 1350 2473 1399 esse“
2512 1351 2563 1399 in
2601 1349 2871 1400 condendis
2906 1349 2982 1399 his
3018 1351 3200 1401 tabulis

471 1432 561 1480 per
593 1426 784 1482 septem
823 1433 980 1469 annos
1015 1420 1248 1484 impensis
1289 1420 1601 1477 „immensis“
1639 1420 1905 1470 laboribus.
1964 1419 2185 1469 Tabulas
2208 1420 2302 1469 has
2326 1421 2577 1471 substituit
2600 1419 2905 1471 Reinholdus
2940 1422 2993 1471 in
3030 1420 3196 1471 locum

473 1490 685 1552 priorum
720 1490 1004 1541 tabularum
1040 1488 1536 1554 (Alphonsinarum)‚
1589 1506 1702 1541 cum
1740 1490 1871 1553 „hae
1910 1506 2021 1541 cum
2056 1491 2411 1555 phaenomenis
2448 1506 2547 1540 non
2586 1491 2795 1553 amplius
2832 1499 3109 1556 cong-ruant
3146 1500 3198 1542 et

473 1561 754 1610 emendatio
789 1564 1077 1612 necessaria
1110 1562 1224 1611 sit-'⁵
1292 1562 1512 1612 Primum
1544 1564 1674 1625 typis
1711 1576 1927 1613 excusae
1963 1570 2081 1612 sunt
2117 1560 2377 1627 Tubingae
2416 1564 2557 1612 ann6
2590 1560 2715 1611 1551
2764 1559 3035 1624 (dedicatio
3074 1564 3196 1613 data

473 1637 550 1679 est
585 1634 632 1681 d.
679 1630 757 1682 18.
797 1630 974 1693 Julii),
1013 1648 1316 1697 recusaeque
1356 1631 1692 1691 1562,1571
1737 1634 1882 1690 ibid„
1924 1631 2061 1681 1585
2098 1632 2441 1701 Vittebergae.

611 1702 692 1753 De
727 1702 1107 1753 Reinholdo
1143 1704 1270 1754 haec
1305 1715 1663 1764 memoramus:
1700 1712 1851 1755 natus
1888 1718 2019 1754 anno
2059 1692 2189 1751 1511
2236 1702 2523 1763 Salfeldiae,
2563 1703 2891 1769 Vittebergae
2927 1704 3102 1754 studiis
3138 1718 3193 1755 se

473 1772 608 1822 dedit
640 1774 1025 1832 mathematicis,
1065 1775 1315 1838 ediditque
1357 1775 1654 1834 „Theoricas
1691 1790 1844 1825 novas
1873 1774 2187 1838 planetarum
2214 1776 2275 1824 G.
2301 1774 2343 1824 P
2355 1775 2645 1824 urbachu
2682 1789 2815 1825 anno
2846 1774 3013 1831 1542;
3055 1772 3193 1824 15411

467 1842 644 1893 librum
677 1844 714 1893 1
744 1844 1000 1910 „Magnae
1037 1848 1414 1895 constructionis
1451 1847 1778 1905 Ptolemaei“,
1817 1852 2077 1909 utrumque
2124 1860 2245 1909 opus
2296 1845 2491 1895 scholiis
2526 1846 2796 1896 illustrans.
2864 1845 3194 1896 Praematura

468 1924 626 1965 morte
662 1916 894 1979 abreptus
933 1913 1122 1978 (1553)
1159 1920 1314 1969 varia.
1353 1931 1480 1980 quae
1517 1918 1732 1981 incepit,
1772 1931 1925 1981 opera
1958 1918 2251 1981 imperfecta
2284 1916 2497 1980 reliquit,
2536 1924 2743 1981 excepto
2780 1917 2901 1967 libro
2939 1916 3186 1975 „Tabula-

467 2002 576 2037 rum
601 1986 994 2045 Directionumfi
1033 1989 1116 2052 qui
1153 1988 1410 2053 Tubingae
1445 1988 1626 2051 prodiit
1662 2002 1792 2037 anno
1824 1985 1979 2045 1554,
2017 2002 2111 2051 quo
2144 1987 2389 2050 supplevit
2408 1986 2795 2053 Regiomontani
2832 2002 2953 2051 opus
2990 1988 3184 2038 celebre

471 2058 657 2121 pariter
689 2058 994 2121 inscriptum.

609 2128 918 2191 Keplerns
957 2126 1177 2191 (praef-⁸
1162 2145 1214 2178 m
1241 2128 1364 2178 Tab.
1390 2126 1550 2191 Rud.)
1585 2130 1742 2179 virum
1774 2129 1897 2179 dicit
1919 2128 2250 2179 Reinholdum
2290 2142 2433 2187 „cum
2470 2130 2601 2179 omni
2639 2142 2821 2193 genere
2858 2128 3189 2179 doctrinarum

467 2200 876 2255 exculfissimum,
927 2206 1033 2249 tum
1081 2199 1300 2263 inprimis
1337 2200 1402 2249 ad
1439 2200 1823 2250 mathematicas
1859 2207 1991 2251 tutes
2030 2214 2063 2249 a
2097 2206 2281 2249 natura
2314 2199 2532 2257 factum,
2584 2200 2645 2248 ob
2694 2200 3098 2263 perspicuitatem
3136 2206 3190 2250 et

466 2271 762 2321 facilitatem
796 2271 847 2319 in
881 2271 1028 2320 rebus
1077 2270 1314 2319 abstrusis
1359 2270 1752 2323 admirabilem.“
1828 2268 2024 2334 (comp.
2062 2269 2271 2321 Peuceri
2313 2272 2674 2334 praefationem
2716 2271 2770 2321 in
2810 2270 3186 2335 „Hypotyposes

466 2340 868 2392 Astronomicas“
905 2340 1109 2391 Witteb.
1150 2337 1333 2403 1571.)

607 2479 664 2543 9)
702 2497 750 2545 Ρ.
791 2480 875 2530 22.
952 2481 1031 2534 De
1066 2485 1160 2534 hoc
1199 2498 1346 2548 opere
1383 2500 1494 2535 cnm
1531 2499 1646 2549 pag.
1688 2480 1754 2533 73
1791 2498 1863 2548 sq.
1901 2482 2119 2547 pluribus
2156 2486 2351 2548 agatur,
2388 2480 2483 2532 hoc
2518 2487 2717 2533 mutum
2751 2488 2999 2541 notamus,
3035 2482 3181 2549 Kep-

463 2553 614 2603 lerum
654 2554 767 2604 duci
803 2554 1227 2621 wurtembergico
1263 2556 1371 2605 Fri
1387 2556 1460 2605 de
1477 2557 1612 2605 rico
1662 2556 1995 2604 inventionem
2040 2568 2183 2603 suam
2230 2554 2289 2603 de
2336 2552 2617 2616 corporibus
2662 2553 2971 2619 regularibus
3006 2568 3181 2619 propo-

463 2627 618 2675 suisse
633 2660 648 2683 ,
689 2638 898 2691 eamque
934 2626 1000 2675 ad
1035 2628 1236 2676 modum
1269 2627 1534 2690 planetarii
1572 2628 1797 2693 argentei
1834 2633 2209 2689 repraesentare
2246 2624 2473 2674 voluisse.

606 2764 694 2831 10)
739 2782 788 2831 p.
829 2764 916 2817 23.
988 2766 1548 2829 Hafenrefferus,
1599 2774 1762 2818 rector
1805 2768 1912 2818 tum
1961 2768 2193 2832 temporis
2243 2764 2536 2819 academiae
2581 2743 2937 2833 Tubingensis,
2982 2765 3186 2818 celeber

459 2839 742 2905 theologiae
777 2839 1048 2903 professor,
1099 2853 1231 2890 anno
1270 2838 1408 2890 1617
1446 2840 1798 2896 cancellarius,
1852 2839 2061 2890 multum
2078 2875 2092 2896 ‚
2144 2847 2203 2887 ut
2248 2854 2276 2888 e
2326 2837 2642 2902 sednentibus
2692 2845 2930 2903 apparet,
2977 2837 3184 2904 Kepleri

461 2911 709 3034 30:³33
744 2910 1080 3042 ἳὶὸῗὶἑιιιξοῗί
1095 2910 1318 3031 ‘’igi-&emo
1353 2913 1548 2968 tribuit,
1587 2925 1875 2975 semperque
1912 2911 2029 2961 dum
2053 2911 2237 2960 viveret
2270 2909 2341 2958 illi
2378 2911 2591 2960 amicum
2625 2923 2681 2959 se
2716 2909 2960 2974 praebuit.
3027 2908 3179 2959 Mori·

607 3119 695 3185 11)
731 3137 780 3188 p.
825 3119 908 3170 31.
984 3122 1172 3174 Contra
1218 3123 1526 3180 Clarium,
1581 3123 1694 3172 nori
1748 3122 2032 3172 Calendsrii
2082 3121 2405 3172 defensorem.
2479 3119 2777 3172 Haestlinns
2826 3123 2970 3172 annis
3026 3117 3178 3180 1583,

465 3191 602 3243 1586
641 3203 694 3244 et
732 3191 874 3244 1588
908 3195 960 3244 in
996 3196 1158 3245 aciem
1193 3195 1442 3259 prodierat
1480 3201 1653 3244 contra
1691 3193 2043 3244 Calendarium
2076 3208 2257 3243 novum
2296 3192 2651 3258 Gregorianum
2668 3229 2683 3250 ‚
2736 3195 2879 3258 eique
2928 3193 3182 3256 respondit

460 3263 832 3329 christophorus
870 3263 1068 3316 Clarius
1106 3265 1155 3316 S.
1194 3266 1244 3317 J.
1285 3279 1416 3316 anno
1457 3263 1609 3313 1588.
1687 3264 1788 3326 Qui
1823 3280 1972 3330 quum
2009 3263 2267 3314 immodice
2304 3265 2356 3314 in
2393 3265 2553 3328 ipsum
2598 3263 2939 3323 inveheretur,
2985 3263 3175 3316 Maest-

457 3337 588 3386 linus
611 3337 950 3387 defensionem
975 3343 1152 3388 contra
1175 3336 1330 3387 Clarii
1359 3336 1729 3400 objurgationes
1766 3337 1969 3400 incepit,
2006 3349 2167 3400 neque
2202 3350 2317 3385 vero
2356 3335 2635 3385 absolutam
2670 3335 2850 3400 publici
2881 3337 3005 3401 juris
3041 3336 3176 3387 fecit.

600 3459 690 3521 12)
725 3476 774 3524 p.
813 3459 900 3510 41.
960 3459 1234 3524 inscriptae
1267 3464 1386 3509 sunt
1421 3459 1518 3508 hae
1539 3457 1752 3508 Galilaei
1785 3457 1989 3509 literae:
2042 3457 2308 3521 „Keplero,
2344 3458 2574 3507 sereniss.
2610 3459 2843 3522 principis
2881 3459 3177 3510 Graecensls

453 3531 808 3583 mathematico
824 3533 874 3590 ,“
912 3533 1184 3582 immutatis
1221 3529 1420 3594 styriae
1457 3529 1835 3593 provincialibus
1871 3530 1921 3578 in
1958 3528 2229 3592 principem
2268 3527 2616 3578 Graecensem.

598 3671 689 3736 13)
726 3689 775 3738 Ρ.
815 3670 903 3723 44.
977 3673 1181 3738 Kepleri
1217 3673 1568 3722 annotationes
1606 3671 1672 3720 ad
1707 3669 1801 3720 has
1839 3669 2083 3732 Tychonis
2119 3669 2292 3720 literas
2328 3669 2425 3719 hae
2462 3675 2609 3718 sunt:

543 3757 606 3832 a)
663 3764 818 3828 Quod
847 3783 954 3836 ego
984 3764 1220 3818 sollicite
1248 3778 1646 3817 excusaveram
1675 3761 1731 3815 in
1759 3763 1881 3831 ipso
1910 3761 2122 3816 libello.

537 3839 600 3913 b)
658 3845 865 3900 Contra
891 3852 1062 3913 caput
1086 3843 1448 3913 penultimum
1487 3841 1594 3896 mei
1633 3842 1837 3906 libelli,
1886 3841 1943 3895 in
1975 3857 2083 3912 quo
2109 3841 2249 3895 nihil
2277 3839 2638 3908 affirmative,
2689 3838 2871 3894 omnia
2915 3839 3171 3895 monendi

544 4000 595 4069 c)
651 3931 1461 4066 ἔέεῗοέιξξέοὲωὴιιιαειιιιι,
1503 3991 1890 4072 Copernicum,
1934 4008 1995 4054 et
2028 4000 2075 4054 si
2113 3999 2232 4070 quis
2272 3997 2415 4054 alius
2440 4013 2685 4069 unquam
2712 3997 2919 4052 artifex
2947 3997 3164 4052 claruit.

538 4081 594 4149 d)
651 4083 798 4138 Hinc
836 4083 1052 4139 discant
1091 4084 1282 4139 summi
1322 4083 1579 4138 artifices.

536 4159 592 4228 e)
651 4163 1083 4236 Quadringentis
1111 4164 1503 4217 Alexandreae
1533 4160 1895 4216 liberalitatis
1925 4160 2155 4214 talentis
2182 4159 2533 4214 redimendae
2568 4175 2689 4212 meo
2721 4134 2949 4226 judicio,
2990 4163 3057 4211 ut
3092 4157 3165 4212 ab

655 4243 883 4298 interitu
911 4243 1253 4298 vindicentur
1279 4250 1340 4297 et
1364 4242 1422 4295 in
1447 4242 1731 4311 publicum
1759 4248 1988 4296 exeant.

545 4323 596 4389 f)
651 4323 880 4380 Matura
905 4323 1198 4378 editionem
1225 4323 1668 4377 lucubrationum
1697 4329 1947 4376 tuarum:
1992 4319 2214 4374 dabitur
2242 4335 2415 4388 opera
2440 4317 2829 4372 conciliationi.

531 4398 600 4476 g)
659 4405 816 4458 Haec
841 4419 944 4473 pro
974 4420 1059 4457 me
1089 4411 1234 4458 sunt.

531 4481 593 4548 h)
652 4483 802 4538 Idem
830 4484 996 4537 etiam
1025 4500 1127 4553 per
1153 4499 1238 4537 me
1268 4481 1402 4536 licet
1429 4489 1488 4535 et
1517 4498 1619 4552 per
1644 4480 1897 4536 libellum
1926 4495 2121 4535 meum.

543 4559 590 4632 1)
646 4562 862 4632 Tycho,
908 4570 973 4616 ut
999 4563 1220 4616 Terrae
1235 4562 1474 4633 quietem
1500 4561 1808 4648 relinquat,
1854 4561 2121 4632 exig-nam
2148 4558 2553 4629 hypothesibus
2582 4556 2871 4627 Copernici
2900 4555 3159 4612 mutatio·

647 4658 776 4696 nem
817 4643 1026 4698 attulit.

525 4719 590 4789 k)
650 4722 904 4785 Quietem
931 4721 1094 4787 Solis,
1123 4727 1328 4778 motum
1357 4722 1562 4776 Terrae
1590 4721 1885 4791 impugnat
1914 4719 2177 4792 physice3
2220 4717 2360 4772 nihil
2386 4716 2578 4783 habet,
2620 4715 2767 4794 quod
2795 4714 3161 4772 astronomice

645 4801 894 4874 objiciat.
