3634 5575
594 353 725 420 218
1791 357 2118 408 Prooemium.

592 515 691 597 agi
737 523 1016 596 coeptum
1063 517 1291 592 fuerat,
1351 517 1466 580 nisi
1515 535 1678 579 mors
1747 519 1937 580 feram
1992 517 2155 580 illam
2228 516 2517 597 singulari
2572 517 2861 579 beneficio
2908 517 3219 580 affecisset
3266 523 3343 578 et

593 625 823 686 poenae
872 606 1262 668 subduxisset
1308 605 1804 670 meritissimae.“

769 695 962 758 Ursus
1019 695 1319 776 Tychonis
1386 697 1712 757 adventum
1773 696 1833 756 in
1893 695 2093 755 aulam
2152 693 2530 772 Pragensem
2596 694 2787 756 noluit
2852 693 3145 775 opperiri,
3216 694 3334 755 sed

594 792 756 846 metu
813 783 1068 846 actionis
1145 783 1438 845 adversus
1505 803 1570 844 se
1635 783 1892 845 forensis
1970 801 2417 862 poenarumque
2482 781 2915 845 imminentium
2968 784 3174 862 Praga
3234 803 3329 856 se,

593 873 822 952 aliquot
869 881 1196 952 antequam
1243 871 1624 935 adversarius
1674 873 1830 935 hanc
1879 872 2296 951 ingrederetur
2357 870 2741 950 septimanis,
2805 873 2961 936 clam
3001 872 3123 934 alio
3170 873 3331 934 sub-

591 961 781 1022 duxit.
896 961 1078 1022 Teste
1143 961 1424 1022 Jessenio
1489 961 1808 1041 profugum
1874 961 2097 1023 Ursum
2162 960 2343 1039 paulo
2404 963 2579 1039 'post
2650 962 2863 1023 eodem
2924 980 3079 1024 anno
3151 957 3331 1024 1599

591 1049 880 1112 incertum
927 1067 1041 1128 quo
1089 1049 1147 1110 in
1201 1050 1332 1111 loco
1380 1069 1540 1112 mors
1589 1051 1894 1129 oppressit
1942 1049 2217 1129 vivisque
2266 1048 2507 1111 exemit.

766 1140 1000 1201 Ansam
1062 1138 1471 1200 simultatibus
1525 1137 1682 1200 inter
1739 1158 1875 1201 eum
1934 1145 1999 1198 et
2045 1137 2390 1218 Tychonem
2456 1137 2731 1217 praebuit
2794 1145 3093 1217 systema,
3162 1138 3326 1218 quod

589 1227 784 1289 Ursus
848 1227 1154 1289 inventum
1211 1248 1248 1289 a
1293 1247 1359 1288 se
1423 1246 1558 1288 esse
1607 1227 1926 1307 jactabat,
1994 1226 2198 1308 Tycho
2256 1233 2459 1288 autem
2506 1225 2619 1287 sibi
2682 1225 2758 1286 ab
2814 1226 2918 1288 illo
2980 1234 3327 1307 surreptum

591 1315 997 1392 contendebat
1053 1316 1548 1390 astronomicum,
1615 1317 1678 1378 in
1731 1316 2189 1391 „Fundamenta
2256 1314 2699 1377 astrenomico“
2750 1336 2808 1375 a.
2866 1313 3034 1379 1588
3082 1316 3322 1377 descri-

589 1405 786 1483 ptum,
843 1404 902 1465 in
976 1404 1449 1486 „hypothesibus
1518 1405 1979 1466 astronomicis“
2052 1421 2207 1464 anno
2274 1401 2441 1466 1597
2512 1403 2775 1464 dictione
2841 1403 3026 1466 ferme
3061 1404 3323 1466 “scurrili

589 1493 920 1555 defensum.
1015 1493 1146 1554 Hoc
1193 1493 1254 1568 in
1303 1493 1590 1555 extremis
1619 1493 2015 1556 Pomeraniae
2060 1492 2275 1554 finibus
2312 1492 2456 1552 Kal.
2491 1489 2629 1553 Oct.
2678 1489 2866 1564 1585,
2915 1511 3049 1554 cum
3080 1491 3321 1573 Coper-

588 1581 702 1642 nici
749 1581 1214 1644 Revolutionum
1268 1583 1453 1645 libros
1518 1583 1867 1662 diligentius
1925 1581 2285 1655 evolvisset,
2354 1589 2677 1661 ternasque
2727 1580 3097 1656 Ptolemaei,
3160 1581 3315 1644 Ari-

589 1670 819 1732 starchi
867 1677 932 1730 et
977 1669 1287 1748 Apollonii
1333 1671 1589 1750 Pergaei
1637 1672 2008 1753 hypotheses
2057 1671 2214 1731 inter
2262 1689 2327 1730 se
2377 1670 2735 1731 contulisset
2790 1678 2854 1730 et
2908 1670 3121 1732 harum
3167 1669 3317 1732 ulti-

589 1777 750 1820 mam
809 1757 1190 1830 invertisset,
1257 1759 1664 1838 excogitatum
1727 1781 1763 1821 a
1819 1779 1885 1820 se
1945 1777 2081 1819 esse
2144 1758 2439 1836 perhibet.
2544 1760 2723 1819 Anno
2790 1754 2957 1821 1586
3018 1758 3318 1822 Cassellis

593 1845 918 1908 Guilielmo
967 1847 1350 1925 Landgravio
1398 1849 1560 1910 istud
1627 1869 1666 1909 a
1711 1869 1778 1910 se
1828 1854 2039 1910 narrat
2084 1847 2421 1919 detectum,
2488 1867 2527 1907 a
2571 1846 3052 1909 Rothmanno
3110 1849 3319 1928 (quem

589 1935 929 1998 Rotzmann
977 1937 1246 2014 scoptice
1291 1956 1530 2016 semper
1575 1938 1875 2016 appellat)
1926 1943 2179 1996 exeunte
2227 1956 2283 1996 a.
2340 1933 2506 1998 1587
2546 1935 2598 1996 T
2606 1937 2739 2017 ych
2756 1937 2875 1998 oni
2920 1955 3057 1998 esse
3102 1935 3314 2018 prodi-

590 2033 736 2086 tum.
831 2023 1120 2086 Ultimum
1185 2026 1528 2090 accessisse.
1581 2027 1768 2088 addit..
1798 2025 2233 2086 Helisaeum
2278 2025 2709 2086 Roeslinum
2772 2033 2838 2086 et
2883 2026 2944 2086 in
2992 2027 3147 2088 libro
3196 2026 3313 2098 „de

590 2131 770 2192 opere
819 2111 1203 2174 Creationis“
1261 2112 1427 2177 1597
1475 2115 1811 2194 publicato,
1876 2113 2129 2174 eandem
2176 2113 2489 2192 Apollonii
2546 2121 2608 2174 et
2654 2114 2961 2195 Tychonis
3008 2115 3312 2196 hypothe-

589 2200 682 2262 sin
727 2201 928 2281 plagio
977 2202 1304 2280 impudenti
1349 2223 1458 2282 pro
1506 2224 1617 2265 sua
1661 2203 1968 2266 vindicare
2027 2210 2090 2263 et
2132 2201 2487 2264 Raimarum
2534 2203 2710 2264 simul
2758 2202 3038 2264 convitiis
3087 2202 3317 2266 adoriri

591 2309 706 2352 non
757 2289 1090 2352 erubuisse.

765 2380 936 2440 Haec
981 2380 1362 2441 Mollerus.
1453 2380 1622 2441 Idem
1685 2380 1845 2441 inter
1902 2378 2131 2457 scripta
2184 2378 2327 2440 Ursi
2388 2377 2633 2440 exhibet
2692 2378 2909 2440 librum
2964 2379 3315 2459 germanico

591 2486 863 2529 sermone
893 2469 1346 2530 concinnatum:
1401 2465 1827 2530 Geodaesia
1854 2467 2337 2529 Ranzoviana
2374 2468 2542 2546 Lips.
2586 2463 2750 2529 1583
2772 2513 2788 2539 ,
2844 2468 2904 2527 in
2936 2469 3105 2547 cujus
3134 2470 3317 2530 titulo

591 2557 818 2619 autoris
865 2576 1077 2618 nomen
1117 2566 1181 2618 et
1223 2557 1427 2636 patria
1474 2557 1637 2620 hisce
1685 2557 1887 2618 verbis
1936 2557 2380 2636 exprimuntur:
2448 2556 2751 2618 Nicolai
2796 2556 3148 2638 Reymers
3196 2577 3315 2618 von

591 2646 900 2708 Henstede
947 2646 1006 2706 in
1053 2645 1520 2708 Dithmarschen
1568 2647 2005 2708 Landrechnen
2053 2647 2173 2707 und
2219 2647 2612 2707 Feldmessen
2660 2646 2766 2706 διο.

767 2735 923 2797 Huic
979 2735 1162 2815 igitur
1207 2735 1366 2797 Urso
1413 2735 1812 2815 Keplerus,
1878 2735 2138 2797 nondum
2215 2734 2368 2797 satis
2414 2732 2785 2815 perspiciens
2830 2733 2941 2795 viri
2989 2733 3314 2814 ingenium,

591 2830 733 2885 ante
781 2825 1006 2886 editum
1054 2825 1444 2885 Prodromum
1491 2826 1737 2905 scripsit
1781 2826 1935 2886 hunc
1981 2824 2041 2885 in
2088 2824 2329 2886 modum
2376 2825 2451 2885 de
2498 2844 2609 2885 sua
2656 2824 3065 2899 detectione:-

771 2911 891 2983 Qui
919 2913 1109 2991 ignoti
1140 2914 1215 2974 ad
1255 2914 1489 2993 ignotos
1522 2914 1578 2974 in
1623 2914 1978 2992 longinquas
2010 2914 2287 2993 regiones
2318 2912 2737 2975 transmittunt
2776 2913 3091 2992 epistolas,
3126 2912 3319 2974 mira-

591 3001 742 3065 biles
780 3010 925 3063 sunt
956 3002 1245 3063 homines.
1316 3003 1400 3063 Te
1442 3002 1584 3065 mihi
1627 3010 1837 3063 notum
1872 3002 2103 3080 pridem
2144 3002 2290 3063 fecit
2327 3001 2739 3063 illustrissima
2774 3009 2883 3063 tua
2920 3002 3133 3079 gloria,
3194 3020 3319 3080 qua

451 3109 475 3121 ⁶
593 3091 1053 3152 mathematicos
1112 3092 1284 3170 hujus
1341 3091 1476 3153 aevi
1521 3091 1838 3171 praecedis
1896 3108 2079 3162 unus,
2152 3098 2438 3171 qnantum
2494 3090 2809 3152 Phoebeus
2866 3090 3029 3151 orbis
3084 3090 3321 3151 minuta

591 3178 813 3241 sidera..
909 3178 1034 3241 Sed
1087 3198 1197 3241 nec
1259 3190 1495 3261 tempus
1559 3181 1735 3259 plura
1799 3181 1957 3257 fert,
2012 3198 2122 3241 nec
2182 3180 2741 3240 mathematicorum
2807 3186 2905 3239 est
2966 3178 3317 3258 garrulitas.

591 3268 722 3329 Hoc
771 3287 948 3329 unum
995 3268 1169 3344 habe,
1218 3269 1374 3330 tanti
1419 3276 1482 3330 te
1530 3290 1588 3330 a.
1613 3288 1708 3330 me
1754 3268 1900 3341 fieri,
1953 3269 2161 3347 quanti
2192 3286 2398 3330 omnes
2448 3268 2612 3329 docti
2657 3275 2720 3329 te
2770 3268 3017 3341 faciunt,
3068 3286 3319 3347 qnorum

584 3356 876 3436 judicium
923 3358 1232 3437 aspernari
1281 3358 1622 3436 arrogantis
1671 3364 1793 3431 est,
1866 3356 2208 3419 collaudare
2256 3358 2517 3419 modesti
2556 3356 2818 3437 juvenis.
2915 3355 3065 3419 Cum
3112 3356 3321 3436 itaque

591 3452 982 3525 praeceptore
1030 3455 1120 3521 te,
1177 3447 1238 3508 id
1287 3456 1384 3509 est
1431 3445 1600 3509 libris
1647 3447 1794 3519 tuis,
1856 3446 1971 3507 hoe
2018 3447 2371 3526 quantulum
2420 3454 2515 3508 est
2560 3446 2923 3526 cognitionis
2971 3447 3321 3527 acquisive-

595 3532 702 3596 rim
752 3534 812 3595 in
861 3536 1278 3610 mathematiS,
1343 3555 1596 3616 aequum
1643 3535 1813 3609 duxi,
1874 3542 1943 3615 ut
2004 3542 2065 3595 te
2136 3536 2195 3596 in
2244 3554 2309 3595 re
2359 3536 2545 3597 ardua
2600 3555 2709 3596 nec
2766 3545 2835 3595 ut
2888 3535 3035 3596 mihi
3079 3535 3325 3596 videtur

591 3625 1028 3685 contemnenda
1075 3626 1405 3687 consulam.
1501 3622 1572 3686 Si
1618 3623 2051 3706 approbaveris
2100 3625 2257 3703 quod
2296 3642 2438 3703 ago,
2492 3623 2734 3684 beatum
2783 3642 2877 3684 me
2922 3622 3315 3703 praedicabO,

589 3713 922 3793 proximum
971 3713 1282 3775 felicitatis
1329 3714 1580 3791 gradum
1626 3714 1683 3774 in
1735 3732 1804 3772 eo
1856 3719 2076 3785 statu0,
2128 3720 2195 3773 ut
2242 3732 2281 3773 a
2324 3720 2387 3774 te
2424 3712 2709 3791 corrigar.
2806 3712 2984 3774 Tanti
3032 3719 3130 3774 est
3173 3711 3324 3774 mihi

591 3810 758 3863 tuum
808 3800 1129 3880 judicium,
1197 3802 1563 3881 hypotheses
1621 3810 1761 3862 tuas
1807 3819 1976 3874 amo;
2040 3801 2148 3862 sed
2198 3799 2597 3880 Gopernicum
2658 3802 2811 3862 satis
2858 3800 3143 3863 admirari
3198 3820 3323 3861 non

589 3908 866 3969 possum,
935 3892 1102 3969 cujus
1159 3890 1526 3971 hypotheses
1574 3891 1686 3951 hoc
1735 3889 1997 3962 habent,
2067 3890 2223 3968 quod
2284 3890 2377 3950 his
2434 3889 2705 3951 versibus
2762 3891 3110 3969 complexus
3158 3907 3317 3951 sum.

592 3976 902 4043 (Sequuntur
938 3993 1122 4035 versus,
1159 3993 1279 4043 quos
1317 3979 1516 4029 exhibet
1549 3994 1600 4043 p.
1639 3974 1738 4027 96:
1795 3977 1961 4037 „Quid
1994 3977 2236 4027 mundus“
2276 3974 2395 4039 διο.)

769 4068 930 4129 Nam
975 4067 1131 4127 inter
1178 4066 1504 4128 Saturnum
1551 4073 1615 4128 et
1658 4066 1877 4128 Jovem
1924 4074 2019 4126 est
2066 4066 2270 4143 cubuS‚
2320 4068 2407 4129 sic
2456 4072 2523 4127 ut
2570 4065 2691 4127 ima
2738 4064 2987 4127 Saturni
3030 4063 3320 4143 periodus

591 4155 676 4217 sit
733 4155 894 4219 orbis
949 4156 1466 4236 circumscriptus,
1525 4174 1758 4218 summa
1801 4154 1977 4217 Jovis
2036 4154 2393 4242 inscriptus3
2452 4156 2607 4217 inter
2662 4154 2876 4217 Jovem
2932 4162 2997 4216 et
3048 4155 3321 4217 Martem

587 4244 962 4319 tetraedrom
1009 4244 1168 4307 inter
1211 4246 1476 4307 Martem
1525 4251 1592 4307 et
1633 4246 1883 4306 Terram
1934 4245 2373 4316 dodecaedrom
2421 4246 2578 4307 inter
2624 4244 2874 4305 Terram
2920 4252 2985 4305 et
3012 4244 3319 4305 Venerem

589 4333 962 4406 icosaedrom
1012 4333 1170 4395 inter
1215 4334 1516 4395 Venerem
1569 4342 1634 4394 et
1677 4332 2041 4394 Mercurium
2088 4334 2438 4396 octaedron.
2534 4332 2823 4395 Ordinem
2882 4332 3035 4392 hunc
3094 4350 3317 4410 corpo-

589 4440 718 4483 rum
761 4440 952 4502 neque
1000 4422 1639 4506 metaphysici‘neque
1687 4422 2099 4483 mathematici
2150 4442 2282 4484 cum
2327 4422 2562 4485 ratione
2608 4420 3079 4484 immutaverint.
3172 4418 3317 4483 Jam

591 4517 656 4571 et
697 4510 880 4571 medii
925 4518 1124 4572 motus
1171 4530 1238 4572 se
1277 4512 1766 4585 accommodant;
1807 4518 1906 4571 est
1952 4511 2113 4572 enim
2150 4530 2357 4574 eorum
2403 4512 2585 4590 dupla
2629 4511 2785 4573 ratio
2834 4512 2911 4573 ad
2961 4510 3315 4585 distantias,

591 4598 826 4659 scilicet
870 4600 1012 4679 quia
1055 4600 1153 4661 vel
1201 4600 1411 4662 eadem
1459 4606 1627 4661 esset
1671 4598 1947 4661 incitatio
1992 4601 2253 4680 partium
2300 4601 2362 4661 in
2409 4600 2711 4675 omnibus,
2752 4601 2849 4661 vel
2895 4607 3143 4678 propter
3176 4618 3314 4660 ma·-

584 4686 781 4765 jorem
830 4688 1282 4767 amplitudinem
1328 4688 1566 4769 quidem
1617 4689 1848 4750 tardius
1895 4690 2183 4751 redirent.
2274 4689 2359 4750 Et
2408 4690 2536 4769 jam
2582 4688 2817 4750 accedit
2872 4687 3214 4749 debilitatio
3253 4687 3315 4749 in

591 4775 1018 4852 exterioribus,
1082 4778 1279 4859 qualis
1327 4777 1550 4840 accidit
1599 4778 1656 4839 in
1703 4777 1887 4839 lucidi
1934 4778 2087 4839 radii
2134 4779 2581 4841 extenuatione.
2677 4778 2895 4839 Parum
2948 4777 3226 4857 utrinque
3276 4797 3319 4837 a

597 4861 930 4942 Cepernico
979 4864 1328 4942 disceditur,
1376 4868 1516 4946 plus
1562 4874 1789 4939 tamen,
1838 4866 1891 4927 si
1938 4887 2016 4929 ex
2060 4868 2321 4929 motibus
2352 4866 2564 4929 mediis
2594 4868 3039 4931 constituantur
3068 4866 3315 4930 distan-
