3634 5575
1458 394 1625 449 notu
1658 394 1894 449 mm.
2857 390 2986 459 655

268 552 448 610 dnh,
494 552 585 605 der
614 546 747 607 nm
786 548 951 607 vetio
998 552 1289 607 nehveffleh
1336 553 1456 605 eder
1490 566 1585 619 gar
1618 546 1695 605 nit
1722 568 1795 605 au
1831 558 2004 618 guum
2035 552 2140 603 und
2173 550 2540 603 verhoffeudem
2575 550 2854 616 Auechlag
2885 550 2988 603 und

268 624 523 679 malicho:
558 625 843 690 abheuung
876 625 981 675 und
1009 625 1345 690 Verriohtung
1381 626 1542 675 dieser
1579 627 1743 677 seiuer
1776 624 2052 689 Handlung
2087 624 2352 689 gelangen,
2389 636 2536 673 vanu
2574 638 2628 673 er
2661 624 2738 672 nit
2771 624 2990 673 selbeteu

268 695 505 753 hius-ine.
542 696 645 748 und
678 696 775 747 den
812 695 1013 747 Saeheu
1048 696 1267 749 selbsten
1302 696 1571 747 nmhsetze
1610 696 1715 745 und
1752 694 2022 747 beivohne.
2097 694 2216 743 Nun
2247 694 2340 743 hat
2375 708 2428 743 er
2463 694 2568 743 sich
2605 693 2735 743 auch
2772 694 2990 747 erboten.

267 778 417 818 *eun
453 766 541 818 der
574 766 705 818 Hert
738 766 839 817 ihm
876 768 987 819 eine
1026 764 1366 831 Supplication
1402 782 1487 817 um
1524 766 1819 831 Erlaubung
1865 766 2260 817 hiueinzureisen
2275 798 2290 821 ,
2338 778 2403 813 an
2441 764 2525 814 Jre
2561 764 2741 813 Fiirstl.
2779 762 2986 813 Durohl.

268 836 579 893 verlautend,
616 836 911 888 anschicken
948 837 1126 897 verde,
1165 838 1281 887 dass
1319 851 1373 885 er
1409 836 1521 886 dem
1546 836 1709 887 Herm
1735 850 1829 900 gar
1864 850 1985 900 geru
2022 835 2152 885 dazu
2186 835 2350 884 helsen
2386 834 2544 891 welle.
2582 835 2698 884 dass
2733 834 2803 883 Er
2833 834 2988 883 licen-

266 908 411 965 tiam,
450 907 557 957 sich
588 908 657 957 im
692 907 838 957 Laud
875 909 965 959 auf
998 908 1079 957 ein
1114 908 1229 957 Zeit
1262 908 1383 971 lang
1421 907 1581 957 dieser
1617 906 1878 957 Ursachen
1912 906 2084 957 halber
2120 905 2458 962 aufzuhalten,
2495 905 2770 955 bekomme.

449 976 641 1029 Datum
675 974 930 1029 Miinchen
968 978 1014 1029 d.
1062 976 1141 1027 17.
1178 978 1297 1028 Jun.
1346 976 1493 1028 1603.
1550 982 1553 987 '

594 1048 767 1097 Damit
803 1049 885 1099 bin
921 1048 1010 1099 leh
1046 1049 1135 1100 des
1172 1048 1343 1099 Herm
1381 1047 1747 1113 dienstvilliger
1782 1046 1961 1097 Hanns
1997 1046 2134 1111 Yurg
2168 1045 2398 1097 Herwart
2431 1062 2478 1097 r.
2517 1044 2836 1111 Hohenburg.

448 1134 767 1198 Keplerus
802 1135 1080 1200 respoudit:

453 1207 753 1277 Magnifice
798 1216 860 1263 et
900 1209 1251 1263 Nobilissime
1289 1209 1408 1263 Vir.
1454 1210 1663 1262 Fautor
1704 1207 1963 1261 Colende.
2046 1204 2217 1260 Binas
2277 1207 2378 1259 abs
2418 1206 2574 1277 Mag.
2625 1206 2746 1259 Tua
2805 1205 2994 1276 accepi

272 1287 505 1349 literas,
562 1288 787 1341 ultimas
840 1288 929 1343 17.
972 1290 1149 1353 Junii,
1212 1304 1355 1359 quae
1398 1290 1464 1341 de
1504 1289 1671 1341 rebus
1712 1286 1848 1340 meis
1889 1285 2200 1341 domesticis
2241 1292 2457 1339 sonant.
2557 1286 2762 1355 Scripsi
2805 1286 2994 1339 statim

270 1362 345 1419 ad
386 1382 619 1419 uxorem
660 1384 853 1431 meam,
898 1384 969 1421 ne
1008 1369 1155 1422 hanc
1197 1367 1535 1421 occasionem
1579 1367 1635 1419 in
1678 1367 1922 1419 futurum
1965 1382 2118 1420 suum
2162 1364 2482 1435 negligeret
2523 1372 2580 1418 et
2611 1366 2681 1418 D.
2713 1365 2992 1419 casalium

268 1446 673 1517 alloqueretur.
754 1448 847 1501 Me
892 1449 1033 1517 quod
1077 1448 1281 1501 attinet
1322 1462 1609 1517 meumque
1650 1446 1787 1510 iter,
1833 1445 2069 1515 optarim
2109 1444 2260 1515 prius
2303 1462 2420 1497 cum
2461 1446 2618 1515 Mag.
2661 1444 2783 1497 Tua
2823 1445 2990 1499 collo·

271 1524 382 1595 qui.
468 1524 611 1579 Nam
654 1526 760 1579 duo
803 1528 1037 1597 negotia
1079 1534 1207 1581 sunt
1250 1527 1409 1580 uxori
1444 1542 1645 1589 meae,
1705 1527 1943 1579 alterum
1999 1526 2053 1578 in
2109 1531 2348 1595 paterna
2404 1524 2790 1587 haereditate,
2848 1526 2990 1597 quod

267 1604 620 1660 mediocriter
658 1607 923 1676 procedit,
966 1614 1032 1661 ut
1071 1626 1177 1661 non
1221 1606 1477 1661 videatur
1518 1606 1769 1675 indigere
1810 1605 2006 1673 majori
2049 1620 2244 1675 opera;
2303 1604 2539 1657 alterum
2582 1603 2636 1656 in
2677 1603 2836 1657 bonis
2880 1602 2988 1671 pri·

275 1684 505 1755 Vignae,
549 1686 615 1739 de
658 1686 854 1755 quibus
896 1702 969 1739 an
997 1688 1189 1757 Magn.
1221 1688 1342 1741 Tua
1382 1702 1502 1739 cum
1532 1684 1752 1741 Casalio
1795 1685 1870 1739 sit
1908 1686 2114 1747 locuta,
2163 1700 2272 1737 non
2311 1700 2532 1751 possum
2575 1682 2648 1735 e‘x
2689 1683 2868 1737 literis
2909 1682 2988 1739 iu·

268 1764 558 1834 telligere.
644 1764 799 1827 Quod
856 1765 903 1819 si
963 1783 1088 1821 mea
1144 1766 1470 1835 praesentia
1510 1764 1599 1819 hic
1640 1764 1848 1834 aliquid
1890 1764 2138 1817 salutare
2179 1763 2386 1831 possim
2425 1763 2644 1817 efficere
2664 1802 2678 1824 ‚
2741 1761 2990 1831 equidem

272 1862 387 1898 non
434 1846 804 1899 detrectarem
844 1844 968 1899 iter.
1052 1846 1223 1915 Atqui
1282 1846 1567 1917 negotium
1626 1844 1743 1899 tale
1786 1849 1902 1906 est,
1961 1848 2026 1895 ut
2073 1857 2250 1910 parva
2299 1842 2432 1895 mihi
2490 1842 2546 1894 in
2599 1858 2685 1893 me
2727 1856 2854 1909 spes
2898 1839 2988 1901 sit.

270 1940 399 1977 cum
442 1922 545 1977 sim
584 1923 811 1978 vitricus
854 1940 957 1977 nec
996 1925 1241 1995 regionis
1284 1926 1498 1986 incola;
1553 1941 1662 1977 non
1710 1930 1817 1977 est*
1853 1923 2044 1991 itaque
2082 1919 2407 1983 verisimile,
2452 1921 2583 1973 mihi
2625 1920 2887 1974 collatum
2928 1919 2991 1974 iri

269 2002 675 2066 tutelam,‘nisi
719 2004 863 2057 forte
907 2004 1079 2074 aliqui
1120 2004 1483 2074 magistratus
1526 2008 1797 2056 certorum
1835 2002 2092 2063 locorum,
2139 1999 2192 2053 in
2236 2016 2380 2069 quae
2407 2000 2785 2053 translaturus
2815 2012 2994 2051 essem

268 2084 443 2147 bona,
486 2098 586 2153 pro
626 2083 734 2136 hac
772 2083 961 2137 tutela
998 2082 1420 2154 magistratibus
1462 2080 1730 2151 Styriacis
1772 2080 2044 2151 spondere
2077 2078 2253 2147 juxta
2293 2096 2377 2131 me
2418 2079 2612 2134 velint.
2690 2082 2780 2131 An
2823 2077 2990 2131 etiam

272 2162 330 2215 in
370 2162 481 2215 hac
518 2178 581 2216 re
610 2161 887 2216 Casalium
926 2170 1293 2233 promotorem
1333 2160 1465 2215 mihi
1506 2160 1840 2231 pollicearis,
1887 2158 2121 2213 audiam.
2185 2159 2328 2211 Nam
2368 2158 2473 2212 hoc
2515 2159 2638 2223 iter,
2683 2158 2820 2212 satis
2849 2173 2992 2212 sum-

278 2248 516 2305 tuosum,
560 2240 665 2295 nisi
708 2241 917 2313 optima
956 2258 1055 2311 spe
1097 2259 1205 2295 non
1246 2242 1486 2296 libenter
1526 2256 1890 2310 capesserem.
2461 2284 2473 2293 .

458 2322 611 2382 Quod
656 2321 861 2375 attinet
900 2322 1119 2375 veniam
1162 2320 1519 2392 ingrediendi,
1570 2338 1688 2374 cum
1730 2319 1947 2373 vocatio
1989 2333 2114 2371 mea
2153 2317 2336 2370 aulica
2377 2324 2506 2371 ante
2547 2315 2994 2370 reformationem

274 2401 431 2455 illam
474 2408 735 2469 suscepta
774 2408 833 2455 et
871 2400 1149 2466 inchoata,
1194 2417 1597 2471 consensusque
1628 2399 1884 2454 Caesaris
1926 2398 2252 2466 impetratus
2289 2396 2377 2461 sit,
2423 2413 2566 2466 quae
2601 2396 2833 2465 denique
2863 2412 2991 2449 con·

272 2482 501 2535 firmata
540 2480 963 2551 seuhratfficata
1000 2480 1108 2534 fuit
1148 2480 1382 2550 penitus,
1426 2496 1729 2550 persuasus
1769 2479 1888 2531 fere
1931 2494 2067 2540 sum,
2112 2476 2430 2545 exspirasse
2473 2476 2627 2529 illam
2668 2474 2996 2544 ejectionem

274 2568 337 2614 et
376 2558 778 2629 provinciarum
820 2559 1261 2629 prohibitionem,
1305 2577 1407 2614 nec
1446 2576 1569 2613 esse
1609 2558 1977 2614 refricandam
2007 2555 2128 2624 ejus
2157 2556 2466 2609 memoriam
2497 2555 2766 2625 petitione
2796 2555 2994 2609 veniae

278 2638 642 2711 ingrediendi.

456 2718 568 2772 Sed
606 2734 793 2773 verum
837 2724 957 2783 est,
1004 2724 1253 2773 amantes
1298 2718 1381 2772 sui
1427 2718 1669 2790 ipsorum
1710 2716 1816 2786 ipsi
1858 2714 1966 2769 sibi
2004 2714 2221 2785 fingunt
2260 2714 2461 2769 dulcia.
2546 2714 2602 2769 Si
2644 2714 2992 2785 periculosae

280 2803 416 2852 sunt
454 2799 565 2852 hae
606 2815 763 2854 meae
806 2799 1191 2870 cogitationes,
1237 2807 1503 2870 exspecto
1547 2796 1988 2853 admonitionem.
2855 2813 2858 2816 ·

462 2874 607 2934 Quae
651 2884 913 2940 supersunt
955 2878 1130 2927 harum
1174 2877 1440 2938 literarum,
1492 2892 1615 2942 quas
1652 2875 1850 2940 scripsit
1883 2871 2132 2935 Keplerus
2167 2869 2368 2936 Pragae
2406 2871 2453 2922 d.
2495 2872 2543 2922 5.
2581 2871 2680 2923 Jul.
2723 2869 2878 2930 1603.
2927 2872 2998 2922 le-

282 2949 471 3010 guntur
502 2945 555 2993 in
595 2944 778 3008 Optica
812 2953 864 2996 et
900 2948 950 2997 in
988 2949 1144 3012 praef.
1195 2948 1259 2999 ad
1296 2947 1572 2998 Commeat.
1610 2947 1804 2997 Martis.
1881 2943 2090 3007 Spectat
2123 2942 2372 3006 Keplerus
2423 2945 2582 2993 verbis
2630 2944 2730 2993 suis
2788 2945 3001 3004 „ejectio

280 3023 337 3066 et
369 3015 726 3080 provinciarum
762 3018 1054 3078 prohibitio“
1094 3025 1303 3082 tempus,
1338 3033 1432 3082 quo
1472 3033 1583 3068 cum
1620 3019 1731 3068 aliis
1768 3016 1958 3068 Graetii
1995 3013 2179 3064 civibus
2217 3013 2422 3064 Lutheri
2460 3014 2577 3064 fidei
2615 3015 2823 3064 addictis
2863 3016 2997 3074 ejec-

280 3093 364 3136 tus
402 3099 430 3134 e
467 3083 635 3147 Styria
666 3085 718 3134 iu
754 3085 1063 3152 Hungariam
1100 3090 1326 3147 excurrit,
1366 3097 1419 3139 et
1454 3089 1587 3140 brevi
1621 3096 1733 3153 port
1766 3088 2022 3138 Graetium
2059 3099 2280 3136 reversus
2318 3084 2436 3134 hinc
2471 3085 2536 3136 ad
2563 3085 2850 3148 Tyehonem
2873 3083 2994 3135 Pra-

280 3170 403 3224 gam
438 3169 493 3204 se
529 3155 751 3204 contulit.
790 3153 981 3220 (comp.
1021 3171 1069 3220 p.
1111 3153 1194 3206 39.
1236 3155 1320 3206 69.
1359 3157 1450 3219 sS.)

462 3225 543 3276 Ad
575 3225 668 3276 has
703 3226 871 3276 literas
910 3241 1009 3290 uon
1044 3227 1295 3288 respondit
1318 3227 1623 3282 Herwartus,
1662 3225 1741 3274 die
1779 3227 1979 3276 demum
2018 3221 2099 3273 13.
2129 3223 2252 3275 Nov.
2291 3223 2340 3272 h.
2385 3238 2431 3274 a.
2471 3225 2690 3289 Keplero
2726 3228 3001 3276 nuncians:

286 3297 437 3358 „dass
490 3295 571 3346 ich
620 3311 793 3362 vegen
830 3297 1226 3362 zugestandener
1258 3294 1817 3362 Leibsungelegenheit.
1871 3296 2000 3345 auch
2050 3295 2261 3344 auderet
2297 3293 2465 3344 Unfall
2483 3330 2498 3353 ,
2550 3298 2842 3358 praesertim
2891 3311 3006 3346 vero

282 3373 482 3432 propter
518 3367 702 3417 obitum
738 3369 962 3432 conjugis
998 3381 1157 3423 meae,
1193 3366 1416 3416 seidhero
1453 3369 1529 3416 nit
1562 3365 1691 3414 Weii
1728 3365 1930 3430 gaham,
1970 3364 2066 3414 den
2105 3365 2278 3412 studiis
2316 3364 2795 3416 nachzukommen.“
2872 3367 3004 3416 Dein

284 3440 481 3503 pergit,
518 3437 723 3501 Kepleri
758 3445 993 3502 spectans
1030 3437 1280 3503 querelas:
1334 3453 1418 3496 „es
1462 3438 1554 3488 hat
1596 3439 1690 3485 mir
1734 3435 1787 3484 iu
1823 3435 2086 3500 Augsburg
2145 3435 2278 3483 mein
2313 3433 2491 3483 Vetter
2525 3433 2760 3485 Matheus
2797 3437 3005 3493 Weber,

286 3508 606 3573 angehender
640 3507 1267 3574 Reiohspfenningmaister
1318 3506 1565 3569 (aerarius
1601 3504 1816 3571 imperii)
1873 3505 2174 3560 vermeldet,
2232 3503 2325 3551 wie
2375 3518 2428 3552 es
2479 3505 2592 3553 dem
2631 3505 2792 3556 Herm
2829 3507 2882 3555 in
2921 3505 3008 3556 der

284 3579 619 3642 Entrichtung
673 3579 760 3630 der
813 3580 1199 3642 versprocheneu
1234 3578 1523 3644 Beseldung
1573 3577 1769 3644 ergehe.
1845 3574 1954 3626 Das
1998 3574 2097 3625 hab
2146 3573 2228 3623 ioh
2264 3572 2427 3639 gleich
2465 3575 2678 3642 anfangs
2717 3575 2842 3626 vohi
2880 3575 3007 3642 Sorg

288 3649 494 3716 gehabt.
568 3649 724 3699 Kann
760 3649 842 3700 ich
878 3651 929 3700 in
968 3650 1155 3700 diesem
1189 3657 1496 3714 wasguetts
1535 3647 1675 3706 thun,
1711 3649 1793 3698 bin
1833 3641 1916 3697 ioh
1951 3660 2083 3713 ganz
2117 3643 2318 3710 willig.“

466 3719 528 3770 In
562 3719 714 3769 literis
734 3719 983 3784 Keplerus
1017 3720 1135 3770 hine
1172 3721 1285 3770 inde
1319 3736 1473 3784 usque
1512 3720 1579 3770 ad
1613 3732 1797 3768 aunum
1841 3715 1990 3766 1606.
2031 3731 2134 3767 rem
2169 3713 2550 3768 haereditariam
2588 3731 2686 3766 non
2723 3715 2855 3767 ultra
2891 3723 3004 3766 tau-

278 3791 383 3859 git,
426 3805 521 3840 nec
557 3791 705 3855 plane
742 3797 965 3848 constat,
1017 3798 1257 3857 quantum
1292 3792 1554 3856 profecerit
1590 3791 1816 3841 Casalius
1857 3789 2046 3839 Graetii
2080 3787 2158 3837 vel
2192 3785 2440 3850 Keplerua
2474 3786 2672 3851 Pragae
2708 3787 2843 3851 apud
2875 3787 3005 3838 Bar-

286 3863 477 3910 vitium
511 3863 562 3910 in
598 3860 675 3910 his
710 3863 867 3911 turbis
905 3862 1200 3912 domesticis.
1252 3863 1399 3912 Brevi
1430 3868 1615 3920 autem,
1652 3861 1875 3926 quamvis
1913 3873 2062 3924 aegre
2101 3863 2359 3915 extortum,
2397 3857 2630 3906 salarium
2666 3859 2759 3922 ipsi
2795 3859 3008 3908 solutum

290 3936 400 3990 θοις
438 3932 565 3981 forte
602 3933 755 3981 etiam
790 3946 911 3982 uxor
966 3941 1017 3982 et
1066 3934 1292 3998 privigna
1342 3939 1449 3983 tum
1504 3933 1637 3982 bona
1688 3933 1738 3981 in
1795 3929 1964 3993 Styria
2009 3929 2222 3978 liberata
2276 3932 2596 3990 acceperunt.
2652 3935 2708 3978 ut
2759 3928 3006 3992 Keplerua

288 4001 408 4074 hinc
446 4001 563 4052 inde
600 4002 789 4051 meliori
824 4017 942 4052 usus
978 4005 1045 4052 sit
1080 4005 1305 4060 fortuna,
1357 4003 1511 4052 turbis
1556 4003 1752 4068 quidem
1790 4001 2002 4066 politicis
2037 4001 2234 4062 saepius
2269 4000 2321 4047 in
2358 3999 2557 4048 dubium
2593 4005 2789 4049 vocata.
2861 4000 3007 4048 Anno

293 4077 451 4132 1606.
494 4078 605 4144 (13.
633 4077 775 4142 Jan.)
814 4081 1059 4146 Keplerus
1095 4084 1268 4147 paucis
1304 4081 1379 4131 his
1416 4083 1565 4132 refert
1590 4081 1878 4131 Hei-watto:
1927 4089 2062 4142 „per
2125 4069 2159 4124 3
2223 4087 2438 4126 menses
2491 4067 2649 4125 abfui
2701 4071 2754 4125 in
2796 4071 3006 4141 Styria,

291 4153 387 4209 ubi
430 4153 774 4226 singularem
812 4155 887 4210 D.
933 4155 1141 4209 Casalii
1181 4155 1628 4210 benevolentiam
1669 4160 1936 4224 expertus
1978 4169 2123 4216 sum,
2168 4168 2330 4222 quam
2371 4150 2472 4206 tibi
2516 4151 2766 4206 adscribo
2809 4166 3004 4220 accep·

291 4239 518 4304 tamque
564 4234 698 4289 fero.

474 4326 533 4390 7)
570 4345 617 4392 p.
658 4327 777 4380 356.
850 4329 1073 4380 Joaunes
1108 4329 1385 4380 Eriksen
1422 4325 1557 4392 (vide
1592 4343 1743 4394 supra
1776 4345 1826 4393 p.
1869 4323 1997 4389 304)
2043 4327 2173 4376 iuter
2217 4325 2461 4376 studiosos
2495 4327 2778 4376 nominatur
2814 4322 3006 4388 Tycha·
3091 4363 3116 4388 x

293 4401 373 4450 nia
389 4436 405 4458 ‚
462 4401 545 4464 qui
598 4413 711 4452 eum
747 4415 775 4451 e
808 4399 982 4452 Dania
1034 4403 1087 4451 in
1120 4400 1415 4452 Bohemiam
1466 4402 1687 4452 comitati
1742 4406 1874 4450 sunt.
1951 4388 2384 4448 Observationi‘bus
2456 4397 2694 4447 intererat
2741 4395 3006 4460 Tyehonis,

292 4467 493 4537 Pragae
531 4477 585 4520 et
616 4471 929 4522 Beuathicae
982 4470 1195 4531 habitis,
1254 4472 1321 4523 ad
1369 4485 1491 4536 quas
1527 4471 1773 4536 Keplerus
1809 4484 1943 4521 anno
1982 4465 2136 4518 1600.
2176 4483 2212 4518 a
2249 4467 2484 4532 Tychone
2518 4475 2724 4517 vocatus
2777 4468 3005 4517 accessit.

296 4539 433 4594 uino
468 4549 595 4592 nata
630 4547 709 4592 est
744 4543 965 4593 amicitia
988 4543 1121 4592 inter
1144 4555 1257 4593 eum
1282 4549 1335 4593 et
1360 4543 1569 4608 reliquos
1594 4543 1842 4605 Tyohouis
1865 4541 2158 4590 domesticos
2185 4552 2608 4602 amanuensesque
2633 4537 2712 4588 Fr.
2739 4538 3006 4603 Tengnag·

296 4611 437 4671 lium,
472 4611 551 4662 Jo.
594 4611 1059 4680 Longomontauum
1095 4611 1384 4674 (Severini),
1424 4615 1591 4663 Amhr.
1628 4613 1904 4668 Rhodium,
1943 4609 2232 4661 Seiffartum
2267 4615 2320 4659 et
2355 4623 2500 4673 quem
2537 4609 2746 4659 diximus
2782 4607 3006 4664 Eriksen,

298 4695 505 4747 quorum
550 4683 647 4736 duo
692 4687 987 4749 posteriores
1040 4683 1275 4747 Tychone
1322 4691 1515 4734 mortno
1548 4683 1745 4749 Ptagae
1795 4682 2146 4747 aliquantisper
2197 4687 2537 4736 remanentes,
2575 4679 2846 4743 Keplerum
2882 4691 3004 4728 non·

298 4755 440 4806 nulia
472 4769 535 4806 ex
568 4759 709 4819 parte
746 4755 1039 4819 adjuverunt
1070 4756 1125 4806 in
1158 4755 1575 4805 observationibiu
1612 4754 1954 4804 asmonomicis
1971 4789 1984 4814 ‚
2025 4753 2142 4804 dum
2176 4751 2352 4816 reliqui
2369 4785 2384 4809 ‚
2441 4751 2528 4802 alii
2582 4750 2649 4799 ad
2703 4750 2806 4801 alia
2841 4749 3010 4800 studia

300 4833 355 4874 et
388 4838 599 4878 munera
630 4831 949 4877 transeuntes
994 4827 1083 4878 alii
1126 4825 1375 4877 mathesin
1422 4825 1627 4876 ulterius
1666 4826 1884 4876 colentes
1897 4861 1912 4882 ,
1961 4825 2076 4873 hinc
2109 4822 2246 4873 illino
2281 4835 2371 4885 per
2401 4822 2618 4886 patriam
2653 4820 2860 4885 dispersi
2893 4825 3010 4872 suut

220 4911 237 4920 ·
304 4891 779 4964 (Lonflemontanus
808 4897 1037 4952 diseo-ut
1069 4899 1123 4948 in
1158 4895 1397 4958 Daniam,
1432 4895 1659 4948 Rhodius
1692 4891 2070 4962 Witebergam).
2143 4893 2354 4944 Eriksen
2388 4890 2596 4958 posthae
2631 4893 2896 4946 comitum
2933 4895 3010 4944 est
