3634 5575
602 385 733 454 384
1438 385 1639 436 Literae
1675 383 1879 448 Kepleri
1918 375 2220 450 aliorumque
2256 391 2459 436 mutuae

599 542 642 622 15
692 551 754 604 et
797 541 860 616 ‘Hs
905 539 1068 604 circa
1113 547 1319 604 tonum
1367 542 1672 616 minorem,
1725 558 1913 620 eoque
1960 541 2152 603 minus
2202 541 2427 624 aliquid
2454 547 2790 621 versantur,
2845 541 2897 617 ῼ
2942 542 3043 604 vix
3081 560 3335 604 comma

611 625 748 714 ⁸⁰l9,
811 631 1078 711 attingit..
1170 631 1260 692 At
1307 633 1350 708 ζὲ
1395 636 1540 709 puto
1589 629 1833 710 assequi
1880 635 2309 711 διατεσσαρων,
2362 638 2465 692 aut
2512 631 2575 692 id
2624 633 2778 693 forte
2828 649 3135 712 superare.
3170 653 3185 670 ·
3232 628 3343 694 Ut

603 719 644 799 15
694 729 758 781 et
801 719 858 794 ‘24
907 727 1166 800 possunt
1212 737 1541 780 consonare
1588 720 1836 780 tertiam
1883 720 2111 794 duram,
2159 728 2415 799 possunt
2461 727 2524 781 et
2554 720 2839 802 quintam,
2892 739 2997 783 seu
3026 724 3329 782 διαπεπε.

601 809 719 875 Hic
766 813 1178 888 &catecumenos
1241 807 1308 868 fit
1353 807 1631 870 medium.
1723 807 1828 869 Fit
1871 807 2054 888 igitur
2098 809 2213 869 hac
2258 808 2593 872 intentione
2660 816 2725 870 et
2782 809 3131 872 remissione
3176 825 3336 871 mo-

604 907 770 960 tuum
816 897 1180 976 singulorum
1227 897 1629 975 planetarum,
1677 903 1746 957 ut
1791 898 2109 958 continuae
2159 898 2595 978 quodammodo
2645 897 2769 958 sint
2814 897 2872 959 in
2913 897 3078 961 coelo
3109 898 3333 960 disso-

605 987 878 1060 nantiae,
929 985 1347 1047 interstinctae
1395 993 1596 1046 tamen
1646 985 1829 1047 certis
1874 985 2112 1064 punctis
2158 995 2708 1048 momentanearum
2758 985 3295 1048 consonantiarum
3310 1005 3334 1060 ;

607 1074 1102 1156 quemadmodum
1166 1073 1336 1152 ipsae
1401 1074 1584 1135 etiam
1649 1073 2021 1136 radiationes
2087 1082 2386 1136 astrorum
2452 1075 2731 1137 continue
2797 1083 3008 1136 carent
3063 1085 3335 1156 aspectu

605 1164 1008 1245 geometrico,
1075 1161 1346 1224 incidunt
1401 1169 1601 1224 tamen
1666 1163 1726 1223 in
1775 1171 2057 1242 aspectus
2112 1163 2511 1243 geometricos
2559 1165 2741 1226 certis
2787 1163 3104 1226 momentis
3150 1171 3334 1225 tem-

604 1271 833 1333 porum,
884 1250 1125 1312 circiter
1169 1247 1256 1312 70
1304 1251 1363 1311 in
1412 1251 1585 1312 annis
1634 1251 1909 1330 singulis.
2005 1252 2215 1333 Itaque
2273 1253 2329 1314 in
2384 1252 2834 1334 „disputatione
2900 1251 3328 1335 astrologica“

605 1341 1104 1403 considerandum
1152 1338 1385 1418 reliqui,
1434 1357 1510 1400 an
1559 1339 1716 1401 sicut
1760 1339 1823 1402 hi
1872 1349 2154 1420 aspectus
2203 1341 2605 1404 momentanei
2633 1341 2964 1404 incidentes
3003 1342 3337 1404 concitant.

603 1438 882 1492 naturam
928 1429 1008 1490 ad
1055 1428 1270 1490 cienda
1318 1435 1622 1504 meteora,
1687 1447 1819 1490 cum
1867 1430 2157 1510 langueat
2201 1429 2309 1493 illa
2352 1439 2421 1493 ut
2465 1431 2818 1511 plurimum,
2883 1430 3117 1511 quando
3166 1429 3333 1491 nulli

605 1528 748 1581 sunt
795 1523 1111 1600 aspectae,
1183 1518 1368 1587 adeo,
1433 1526 1500 1580 ut
1544 1519 1891 1596 plerumque
1958 1538 2233 1580 serenum
2294 1526 2357 1582 et
2419 1521 2804 1600 tranquillum
2860 1519 2943 1580 sit
2986 1526 3157 1594 tunc;
3228 1517 3333 1580 sic

609 1611 790 1673 etiam
827 1609 942 1668 hae
971 1606 1339 1675 harmoniae,
1387 1606 1722 1668 incidentes
1753 1609 1934 1669 certis
1964 1607 2301 1684 momentis,
2353 1607 2579 1689 aliquid
2620 1609 2677 1669 in
2710 1607 2926 1669 mundo
2970 1615 3329 1669 causentur.

788 1695 1175 1758 Amicissime
1222 1694 1470 1770 Tancki,
1519 1695 1660 1757 boni
1692 1698 1971 1758 consulas
2002 1696 2335 1758 discursum
2379 1697 2563 1759 istum
2600 1715 2780 1777 snper
2806 1695 3139 1758 Reinhardi
3168 1715 3329 1776 spe-

609 1787 930 1848 culatione.
1022 1785 1226 1846 Prima
1272 1784 1422 1846 haec
1470 1785 1668 1864 opella
1721 1792 1835 1858 est,
1885 1804 2037 1866 qnae
2084 1803 2177 1845 me
2226 1807 2263 1846 a
2292 1785 2545 1866 strepitu
2584 1785 2838 1865 nuptiali
2886 1785 3195 1848 revocavit
3238 1783 3329 1847 ad

609 1877 949 1949 Musarum,
1013 1873 1130 1934 imo
1181 1871 1533 1936 Gratiarum
1599 1893 1794 1938 sacra.
1888 1873 2111 1936 Martis
2168 1875 2325 1936 enim
2382 1875 2562 1936 lituos
2620 1893 2733 1936 non
2794 1893 2963 1952 cure,
3033 1875 3173 1956 quia
3223 1891 3327 1934 me

608 1965 869 2027 nondum
917 1963 1194 2024 attinent.

787 2051 1056 2115 Libellos
1085 2069 1251 2112 meos
1300 2049 1542 2126 excude‚
1592 2056 1662 2112 nt
1705 2050 1818 2113 vie.
1912 2050 2092 2113 Mitte
2122 2051 2398 2132 pagellas
2436 2051 2797 2112 successive.
2890 2051 3071 2114 Vale.
3156 2051 3323 2113 Pro-

609 2143 767 2204 xime
817 2138 1066 2202 movebo
1115 2139 1320 2220 aliqua
1363 2139 1617 2214 medica,
1668 2157 1782 2200 non
1831 2157 1973 2201 vero
2024 2159 2099 2201 ex
2147 2137 2401 2215 Galeno,
2453 2141 2560 2202 sed
2608 2159 2687 2202 ex
2734 2159 2847 2201 me.

788 2229 1026 2309 Pragae
1077 2229 1154 2290 d.·
1190 2225 1288 2290 12.
1337 2227 1489 2306 Maji
1542 2225 1728 2290 1608.

755 2319 982 2382 Apparet
1027 2331 1054 2365 e
1089 2317 1371 2400 praemissis
1407 2315 1614 2380 Kepleri
1649 2315 1805 2366 literis
1844 2322 1895 2366 et
1928 2317 2015 2374 iis,
2068 2329 2198 2382 quae
2234 2314 2466 2382 leguntur
2502 2331 2653 2381 snpra
2690 2312 2953 2380 (p.197),
3007 2317 3165 2380 ipsum
3200 2315 3324 2365 inde

613 2391 676 2441 ab
714 2404 846 2440 anno
887 2386 1026 2438 160⁰
1061 2389 1368 2452 proposuisse
1405 2388 1498 2436 sibi
1535 2388 1944 2438 conscribendum
1980 2389 2157 2438 librum
2190 2388 2346 2444 illum,
2385 2401 2531 2452 quem
2558 2401 2689 2437 anno
2716 2388 2913 2436 demum
2946 2385 3095 2438 1619.
3136 2387 3323 2450 publici

609 2463 732 2526 juris
769 2461 916 2521 fecit,
976 2459 1342 2518 „Harmonicen
1377 2457 1606 2516 Mundi&
1645 2467 1722 2516 et,
1759 2459 2076 2524 Pythagorae
2112 2466 2339 2508 secutum
2372 2459 2827 2523 philosophamus,
2880 2465 3043 2509 motus
3078 2459 3325 2508 coelestes

616 2546 903 2597 comparare
939 2544 1192 2596 nunquam
1237 2529 1438 2580 desiisse
1485 2545 1596 2579 cum
1633 2533 1848 2580 numeris
1882 2530 2179 2579 harmonicis
2214 2531 2474 2594 sonisque
2479 2530 2823 2587 musicalibus,
2874 2543 3067 2594 semper
3100 2531 3327 2580 innixum

617 2604 1032 2659 theorematibus,
1071 2615 1198 2666 quae
1235 2603 1286 2649 in
1328 2601 1655 2660 „“Prodromo
1696 2603 1961 2665 proposuit.
2039 2599 2270 2650 Ceterum
2315 2601 2410 2650 hoc
2452 2601 2561 2650 loco
2608 2601 2755 2650 verbo
2804 2607 2999 2650 tantum
3044 2601 3171 2651 haec
3216 2616 3323 2649 mo-

619 2677 786 2726 nuisse
821 2680 904 2723 sat
942 2679 1033 2730 est,
1071 2671 1287 2736 pluribus
1323 2674 1376 2722 in
1413 2673 1722 2736 praefatione
1761 2672 1827 2723 ad
1856 2671 2241 2730 „Harmoniam“
2282 2673 2344 2721 de
2369 2671 2444 2721 his
2482 2673 2729 2738 agendum
2756 2673 2863 2722 erit.
2939 2671 3053 2733 Qua
3104 2685 3223 2721 usus
3260 2671 3329 2720 sit

617 2749 810 2797 ratione
845 2744 1040 2795 Reinh
1057 2744 1245 2794 ardus
1295 2744 1348 2793 in
1399 2743 1636 2794 divisione
1685 2743 2031 2806 monochordi,
2072 2747 2195 2795 'cum
2250 2757 2351 2794 non
2407 2745 2671 2810 contigerit
2722 2745 2861 2794 nobis
2896 2745 3141 2807 inspicere
3188 2743 3320 2793 illius

615 2821 808 2875 librum,
846 2818 1112 2873 nescimus,
1151 2829 1310 2880 neque
1349 2815 1484 2865 aliud
1521 2815 1582 2866 de
1622 2822 1823 2865 auctore
1860 2814 2038 2865 afferre
2074 2830 2347 2879 possumus.
2385 2830 2535 2880 quam
2568 2830 2773 2867 munere
2806 2816 3031 2867 funcmm
3064 2830 3173 2865 esse
3197 2830 3323 2865 can-

619 2891 736 2939 toris
773 2891 824 2937 in
863 2888 1040 2951 oppido
1067 2885 1398 2952 Schneeberg.
1473 2886 1656 2936 Eodem
1709 2887 1926 2937 cantoris
1970 2902 2173 2937 munere
2227 2885 2528 2953 fungebatur
2564 2885 2793 2937 Sethus
2831 2886 3152 2937 Calvisius
3188 2882 3323 2947 (nat.

621 2956 758 3009 1556
797 2958 1064 3013 Forslebii,
1119 2971 1248 3022 pago
1288 2954 1642 3021 Thuringum),
1693 2959 1827 3021 prius
1863 2956 2077 3015 Portae,
2130 2958 2337 3022 posthac
2374 2958 2590 3021 Lipsiae.
2664 2956 2775 3007 Ille‘
2812 2972 2924 3007 vero
2972 2972 3074 3007 non
3128 2964 3326 3007 tantum

619 3032 818 3080 musicis
855 3044 909 3079 se
947 3028 1100 3087 dedit,
1139 3029 1228 3079 sed
1264 3029 1616 3079 astronomiam
1654 3043 1847 3093 quoque
1885 3034 1937 3079 et
1973 3029 2339 3095 chronologiam
2366 3029 2578 3087 colebat,
2618 3036 2670 3079 et
2696 3030 2757 3079 de
2774 3028 2849 3078 his
2876 3028 3143 3093 disciplinis
3167 3028 3328 3078 multa

623 3116 714 3167 per
735 3102 908 3150 literas
945 3101 1052 3165 egit
1088 3112 1200 3150 cum
1235 3099 1340 3151 Jos.
1379 3098 1653 3164 Scaligero,
1692 3100 1913 3164 Keplero
1950 3106 2004 3149 et
2038 3100 2175 3157 aliis,
2233 3114 2449 3165 opusque
2488 3099 2645 3151 edidit
2682 3100 3246 3166 chronologicum,
3294 3112 3328 3149 a

625 3172 978 3238 posterioribus
1016 3172 1202 3235 passim
1235 3171 1511 3221 laudatum.
1585 3170 1645 3219 In
1683 3171 2039 3236 chronologicis
2058 3186 2157 3221 non
2192 3172 2343 3235 plane
2380 3173 2628 3221 consentit
2662 3186 2775 3223 cnm
2812 3170 3059 3235 Keplero,
3116 3184 3327 3235 quocun

619 3245 814 3309 publice
868 3258 957 3306 per
995 3242 1164 3292 literas
1204 3243 1473 3307 disputavit
1512 3242 1607 3301 „de
1645 3256 1776 3291 anno
1811 3242 2088 3293 nativitatis
2116 3241 2350 3300 Christi“,
2398 3257 2605 3307 eamque
2644 3243 2705 3293 ob
2743 3256 2947 3295 causam
3000 3244 3215 3307 pluribus
3252 3242 3325 3292 di·

626 3314 811 3365 cendus
865 3316 958 3371 erit
1006 3315 1058 3363 in
1105 3314 1238 3363 libris
1275 3312 1479 3377 Kepleri
1516 3312 1887 3378 chronologicis.
1964 3311 2099 3374 Quos
2147 3314 2267 3364 dicit
2304 3312 2549 3377 Keplerus
2586 3312 2657 3379 (p.
2699 3310 2824 3375 379)
2868 3329 3127 3374 „numeros
3165 3312 3327 3363 Calvi·

620 3386 836 3435 sianos“:
874 3387 911 3434 ii
945 3387 1116 3434 insunt
1152 3386 1275 3435 forte
1311 3384 1474 3434 libello
1496 3384 1694 3434 Calvisii
1729 3384 1997 3447 inscripto:
2038 3384 2375 3442 „Exercitatio
2410 3385 2653 3444 musica‘,
2693 3399 2837 3449 quem
2872 3386 3003 3448 typis
3039 3386 3329 3449 impressum

621 3458 746 3508 dicit
779 3456 810 3507 J
814 3457 1068 3507 oechems.
1107 3454 1379 3519 (Mortuum
1431 3455 1698 3505 Calvisium
1741 3458 1953 3505 nunciat
1986 3456 2205 3520 Keplero
2241 3455 2375 3507 Petr.
2416 3454 2663 3521 Criigerus
2710 3456 2788 3506 his
2822 3456 3011 3506 verbis:
3062 3456 3329 3506 Calvisium

619 3544 793 3579 mense
829 3528 1095 3579 Novembri
1133 3524 1318 3589 [1615]
1359 3528 1598 3577 decidisse
1633 3525 1873 3589 nostin’2’)
1914 3552 1977 3562 —

759 3601 853 3650 His
889 3600 1169 3663 praemissis
1207 3599 1433 3648 addimus·
1469 3599 1562 3648 duo
1603 3598 1916 3657 „themata“,
1957 3598 2169 3648 alterum
2204 3596 2387 3647 Medici
2426 3598 2701 3660 enjusdam,
2738 3599 2791 3649 in
2826 3614 2921 3663 qno
2958 3613 3063 3649 rem
3082 3599 3331 3665 Keplems

624 3678 814 3722 tractat
835 3674 954 3734 joca
991 3671 1130 3719 seriis
1165 3670 1405 3727 miscenS,
1447 3670 1654 3719 alterum
1691 3668 2170 3726 Wallenstenii,
2210 3669 2338 3733 qnod
2374 3684 2525 3733 supra
2558 3670 2731 3734 paucis
2768 3670 2995 3719 diximus.

801 3742 891 3804 Cl.
944 3741 1021 3804 D.
1071 3740 1319 3802 Doctor.
1413 3740 1550 3802 Etsi
1595 3740 1740 3802 mihi
1789 3760 1855 3803 es
1904 3742 1976 3802 de
2027 3740 2179 3802 facie
2229 3742 2509 3821 ignotuS,
2579 3740 3083 3818 ἀποσπασματιον
3126 3747 3329 3803 tamen

613 3842 860 3894 ‚tuarum
909 3832 1220 3893 literarum
1268 3830 1346 3891 ad
1394 3848 1487 3890 me
1534 3830 1783 3892 missum
1832 3849 1870 3890 a
1914 3830 2243 3904 Frideric0,
2296 3830 2486 3892 amico
2536 3838 2659 3907 tu0,
2711 3831 2783 3892 de
2832 3831 2954 3893 tuis
3001 3829 3331 3911 postulatis

620 3940 714 3984 me
762 3920 1081 3982 certiorem
1126 3918 1408 3994 reddidit,
1458 3918 1983 4005 mequevicissim
2031 3918 2345 3999 permovit,
2396 3926 2463 3981 ut
2511 3920 2587 3981 ad
2640 3929 2702 3981 te
2752 3916 3099 3982 scriberem.
3174 3919 3327 3982 Peto

623 4020 826 4071 autem
876 4010 986 4071 abs
1032 4017 1115 4082 te,
1166 4014 1234 4069 ut
1280 4007 1340 4068 in
1386 4026 1480 4069 me
1531 4006 1691 4069 feras
1740 4027 1874 4070 eam
1922 4008 2287 4083 libertatem,
2341 4028 2518 4089 quam
2566 4010 2717 4071 inte
2769 4011 2971 4071 ferunt
3016 4008 3187 4089 aegri
3221 4007 3328 4071 tui.

624 4097 910 4181 Epistola
953 4104 1062 4158 tua
1106 4096 1289 4176 plena
1337 4106 1434 4159 est
1481 4096 1952 4178 superstitionis,
2047 4095 2226 4168 Quod
2276 4096 2679 4160 valetudinem
2739 4100 2992 4175 attinet,
3065 4098 3157 4159 ita
3204 4104 3327 4158 est:

631 4197 932 4250 astrorum
981 4206 1164 4248 cansa
1210 4187 1385 4248 homo
1433 4186 1754 4269 aliquando
1802 4186 2009 4248 multis
2058 4194 2315 4250 vexatur
2360 4188 2781 4263 incommodiS,
2834 4186 2969 4267 ipsa
3014 4194 3217 4249 tamen
3263 4204 3331 4247 se

623 4276 795 4357 ipsis,
847 4275 936 4337 nti
982 4294 1098 4337 non
1150 4277 1282 4338 sola
1328 4284 1660 4355 genuerunt
1707 4275 1971 4351 morboS,
2019 4274 2109 4337 ita
2158 4276 2290 4337 sola
2333 4276 2689 4339 medic-inam
2718 4284 3041 4358 praes-tant
3087 4274 3329 4339 nullam.
3384 4290 3393 4297 ·

621 4366 812 4429 Utere
864 4374 994 4427 arte
1044 4372 1170 4439 tua,
1221 4366 1451 4445 corrige
1501 4365 1795 4439 diaetam,
1848 4364 2027 4427 animi
2078 4364 2579 4446 tranquillitatem
2628 4365 3057 4447 complectere,
3109 4372 3173 4429 et
3218 4366 3332 4428 im-
3374 4366 3381 4371 ’

629 4456 839 4537 primis
885 4455 1081 4516 Deum
1127 4455 1334 4534 placa:
1401 4472 1506 4533 per
1551 4453 1664 4515 has
1714 4454 1873 4516 enim
1919 4455 2637 4531 concurrentes'causaS,
2706 4475 2857 4536 quae
2904 4454 3145 4535 positae
3194 4461 3333 4517 sunt

631 4546 688 4607 in
739 4552 845 4606 tuo
893 4543 1164 4618 arbitri0,
1214 4544 1299 4620 fit,
1348 4550 1416 4604 ut
1458 4542 1862 4630 incertissima
1911 4542 1993 4604 sit
2042 4544 2225 4605 etiam
2254 4543 2623 4607 valetudinis
2652 4544 3009 4625 praedictio.
3102 4546 3194 4606 De
3225 4544 3331 4605 lite

621 4652 768 4697 vero
839 4640 980 4696 tuae
1047 4651 1156 4694 seu
1217 4631 1654 4709 „assertionis“
1727 4652 1836 4694 seu
1904 4631 2320 4708 „affectionis“
2373 4634 2607 4713 (legere
2677 4640 2783 4697 aut
2848 4634 3150 4713 conjicere
3214 4652 3329 4693 non

621 4723 823 4803 potui)
869 4722 1292 4803 pronunciare,
1345 4720 1776 4791 alienissimum
1825 4728 1923 4783 est
1969 4741 2008 4784 a
2052 4730 2288 4784 natura.
2382 4720 2799 4804 Symtomata,
2849 4741 3021 4805 quaev
3050 4740 3329 4785 recenses

625 4819 696 4874 ut
739 4812 1036 4886 medicus,
1097 4811 1251 4874 bene
1303 4810 1624 4885 aestimas3
1674 4830 1807 4872 esse
1857 4810 2290 4874 melancholiae
2340 4810 2634 4888 sobolem,
2694 4820 2763 4877 ut
2808 4830 3019 4891 aeger,
3078 4810 3329 4884 falleris.

623 4901 742 4964 Illa
787 4900 944 4963 enim
989 4898 1252 4963 bestiola
1307 4907 1405 4963 est
1449 4899 1689 4962 soboles
1737 4900 2214 4980 imaginationiS,
2276 4901 2485 4963 laesae
2544 4922 2583 4963 a
2636 4899 3038 4963 melancholia
3094 4908 3161 4965 et
3188 4901 3333 4982 ‘ejus
