3634 5575
1477 390 1804 445 Mum.
2896 389 2971 457 11

287 566 432 631 ergo
480 549 560 613 ad
603 550 1004 631 quantitatum
1045 563 1400 615 mensuram,
1490 550 1581 615 At
1622 551 1683 615 in
1728 552 1891 615 linea
1932 550 2131 615 nullus
2174 570 2449 620 numerus
2494 570 2607 614 nec
2644 551 2711 613 -in
2756 568 2973 631 super·-

291 636 440 711 iicie,
488 640 596 703 sed
639 640 920 703 infinitas.
1011 641 1082 703 In
1125 641 1469 719 corporibus
1513 640 1712 721 igitur.
1804 640 2195 708 Removenda
2250 662 2390 705 vero
2438 640 2791 721 irregularia
2834 658 2975 703 cor-

287 746 456 807 pora,
506 748 716 813 nempe
762 728 822 791 in
867 730 1106 793 conditu
1153 730 1636 793 ordinatissimae
1682 738 2015 795 creaturae.
2106 731 2447 795 Remanent
2476 730 2663 809 igitur
2698 749 2809 793 sex
2834 748 2972 793 cor-

289 835 471 899 pora:
520 817 750 897 globus,
800 817 926 881 sive
971 817 1168 899 potius
1197 818 1572 900 sphaericum
1600 836 1925 883 concavum
1954 826 2019 882 et
2044 821 2298 901 quinque
2327 819 2657 883 rectilinea.
2733 817 2975 899 Sphae-

287 905 478 970 risum
533 906 742 969 ultimo
791 908 964 971 coelo
1013 907 1284 972 debetur.
1375 908 1536 971 Nam
1589 908 1810 989 duplex
1864 909 2115 978 muudus
2137 958 2153 985 ,
2220 908 2453 973 mobilis
2516 914 2581 971 et
2641 908 2973 989 quiescens.

289 994 406 1057 Hic
454 1002 552 1057 est
593 996 688 1059 ad.
717 996 1038 1077 imaginem
1083 996 1382 1063 essentiae
1426 996 1684 1059 Divinae
1727 996 1790 1059 in
1834 1018 1901 1059 se
1944 999 2398 1071 consideratae,
2460 998 2593 1083 ille,
2625 998 2703 1061 ad
2754 995 2974 1077 imagi-

290 1103 426 1163 nem
457 1083 590 1160 Dei,
639 1092 932 1165 quatenus
977 1094 1182 1149 creat:
1231 1094 1298 1149 et
1338 1092 1657 1167 propterea
1699 1092 1877 1149 tanto
1922 1086 2112 1150 minor
2157 1088 2247 1161 (in
2295 1088 2594 1168 margine:
2642 1104 2781 1149 nam
2808 1086 2975 1147 Deus

291 1192 408 1235 non
464 1179 690 1235 temere
749 1174 970 1237 sumsit
1013 1174 1166 1237 hunc
1211 1184 1552 1250 numerum3
1625 1175 1772 1238 nihil
1835 1175 1993 1239 enim
2046 1178 2177 1239 sine
2232 1178 2465 1245 ratione
2526 1176 2753 1257 optima
2808 1174 2972 1237 facit.
3036 1180 3041 1185 ’

289 1260 526 1333 Quodsi
547 1318 555 1325 .
573 1261 774 1338 dicae,
821 1262 1088 1345 potuisse
1135 1282 1436 1328 numerum
1481 1264 1740 1345 aliquem
1781 1265 1937 1327 sumi
1980 1284 2059 1327 ex
2102 1265 2399 1347 spirituali
2444 1266 2701 1329 munde:
2776 1273 2975 1327 tamen

291 1351 372 1414 ad
413 1350 612 1413 Deum
655 1360 919 1415 recurret
961 1352 1026 1415 in
1061 1353 1224 1416 illius
1267 1354 1456 1433 ipsius
1499 1354 1823 1417 creatione.
1915 1354 2001 1416 Et
2044 1356 2365 1417 absurdum
2410 1356 2553 1435 erit,
2614 1372 2742 1417 rem
2792 1371 2975 1432 prae-

289 1440 756 1515 stantissimam,
811 1460 898 1505 sc.
951 1442 1228 1505 mundum
1273 1452 1542 1505 creatum
1583 1459 1720 1504 esse
1767 1443 1847 1504 ad
1890 1443 2271 1523 angelorum,
2312 1462 2431 1505 non
2474 1444 2553 1505 ad
2596 1443 2715 1505 Dei
2756 1441 2975 1521 imagi-

289 1546 445 1593 nem.
531 1528 666 1609 Ego
713 1530 962 1609 angelos
1007 1530 1172 1611 ipsos
1219 1550 1510 1593 accenseo
1549 1531 1684 1595 hnic
1727 1531 1949 1595 visibili
1994 1534 2231 1607 mundo,
2278 1532 2525 1612 perinde
2572 1540 2639 1595 ut
2688 1531 2975 1593 homines.

293 1620 362 1681 In
405 1617 726 1699 principio,
775 1626 918 1681 ante
965 1620 1232 1701 angeloS,
1281 1626 1548 1699 creatum
1593 1630 1690 1683 est
1735 1619 1985 1685 Ocelum
2032 1630 2097 1683 et
2140 1622 2375 1695 Terra).
2400 1618 2731 1707 &Currum
2776 1628 2977 1682 autem

291 1706 622 1771 rectissime
663 1706 836 1782 Deo,
883 1715 1110 1771 rectum
1153 1718 1466 1779 creaturae
1510 1716 1905 1789 comparatur.
2002 1712 2071 1773 In
2116 1711 2295 1791 globo
2340 1709 2525 1791 igitur
2566 1716 2667 1771 est
2708 1708 2967 1803 trinitas,

289 1793 684 1878 sphaericum,
730 1804 1016 1870 centrum,
1063 1798 1394 1883 capacitas.
1483 1796 1641 1861 Sic
1623 1819 1686 1861 ιιι
1731 1819 1865 1862 ιιιιιιι
1873 1800 1945 1861 do
1976 1798 2195 1880 quieto,
2240 1799 2450 1880 Fine,
2498 1796 2625 1874 Sol,
2676 1816 2822 1861 aura
2850 1784 2975 1859 siv'e

289 1884 504 1948 aethra
547 1883 938 1949 intermedia.
988 1895 1052 1950 et
1095 1888 1156 1949 in
1202 1888 1500 1961 'li-initam
1525 1888 1730 1959 Filius,
1775 1888 1981 1964 Pater,
2028 1888 2310 1993 Spiritus.
2400 1847 2541 1950 J’am
2566 1887 2817 1953 mundus
2844 1904 2977 1949 mo-

287 1974 428 2038 bilis
480 1991 558 2037 ex
611 1972 934 2037 rectilineis
951 1978 1341 2061 censendus.
1434 1977 1678 2039 Illorum
1734 1985 1936 2041 autem
1992 1979 2269 2059 quinque.
2361 1974 2564 2049 Quare
2620 1976 2675 2039 si
2718 1976 2827 2040 illa
2869 1993 2977 2056 pro

288 2062 562 2127 terminis
617 2064 746 2125 sive
808 2082 916 2145 pro
977 2066 1352 2129 maceriebus
1403 2066 1678 2129 habenda
1733 2074 1883 2129 sunt
1946 2067 2143 2149 (cujus
2198 2067 2381 2129 etiam
2424 2067 2713 2132 rationem
2760 2066 2978 2127 bonam

256 2152 538 2227 'affer-o)
551 2171 670 2215 non
714 2162 996 2233 poterunt
1037 2156 1240 2235 plures
1285 2175 1385 2217 res
1414 2154 1830 2235 distinguere,
1893 2175 2076 2237 quam
2120 2176 2247 2219 sex.
2340 2154 2465 2219 Sex
2511 2156 2693 2237 igitur
2736 2152 2979 2218 mobilia

289 2242 494 2305 Solem
549 2242 1138 2307 ‚circumambenntim
1248 2244 1521 2307 Habetur
1581 2260 1770 2307 causa
1834 2246 2061 2308 numeri
2124 2246 2537 2325 planetarum.-
2632 2243 2735 2307 Sic
2799 2243 2979 2321 igitur

292 2330 404 2395 Sol
445 2329 506 2393 in
529 2374 539 2385 -
560 2331 755 2395 medio
811 2332 1111 2395 mobilium
1163 2333 1400 2414 quietus
1445 2333 1578 2415 ipse
1629 2341 1693 2395 et
1737 2342 1940 2397 tamen
1988 2336 2121 2397 fons
2164 2343 2391 2405 motus.
2456 2334 2613 2414 gerit
2655 2332 2979 2413 imaginem

287 2420 406 2483 Dei
440 2422 632 2501 patris
661 2420 972 2483 creatoris.
1059 2420 1217 2485 Nam
1249 2423 1406 2503 quod
1450 2429 1550 2484 est
1589 2422 1722 2484 Deo
1767 2424 2015 2498 creatio,
2062 2423 2175 2485 hoc
2222 2430 2321 2485 est
2364 2422 2494 2487 Soli
2542 2430 2759 2485 motus.
2832 2421 2975 2483 Me-

289 2518 398 2571 vet
440 2516 638 2573 antem
683 2509 744 2573 in
790 2510 954 2588 fixis,
1002 2518 1072 2575 ut
1112 2519 1286 2592 pater
1331 2510 1393 2575 in
1437 2511 1559 2573 filio
1603 2520 1788 2577 creat,
1880 2510 2069 2575 Fixae
2114 2512 2273 2575 enim
2318 2512 2435 2575 nisi
2481 2512 2675 2573 locum
2716 2508 2975 2591 praebe-

289 2605 428 2661 rent
487 2618 596 2661 sua
651 2598 890 2679 quiete,
949 2600 1100 2663 nihil
1149 2599 1374 2663 moveri
1433 2608 1662 2680 posset.
1755 2598 1931 2672 Quod
1978 2600 2216 2663 axioma
2262 2592 2443 2664 etiam
2488 2601 2653 2665 dum
2672 2598 2979 2677 Tubingae

291 2687 482 2751 tenui.
573 2687 942 2767 Dispertitur
986 2696 1186 2751 autem
1213 2686 1320 2753 Sol
1365 2688 1646 2751 virtutem
1689 2697 1888 2752 motus
1933 2707 2043 2770 per
2083 2690 2359 2766 medium,
2396 2690 2457 2751 in
2502 2708 2616 2770 quo
2663 2696 2823 2751 8ιιιιι
2847 2705 2981 2749 mo-

227 2834 234 2838 .
291 2776 474 2842 bilia:
523 2776 679 2840 sicut
723 2786 900 2858 pater
940 2797 1050 2859 per
1093 2777 1368 2858 spiritum
1413 2778 1512 2840 vel
1555 2778 1778 2841 virtute
1824 2778 2072 2859 spiritus
2116 2779 2209 2842 sui
2238 2786 2427 2842 creat.
2518 2777 2771 2860 Atque
2742 2795 2875 2858 Jam
2904 2795 2980 2838 ex

291 2865 654 2929 necessitate
705 2867 1292 2947 praesuppositorum
1341 2866 1643 2948 sequitur,
1691 2875 1919 2930 metum
1962 2888 2095 2931 cnm
2142 2867 2447 2931 distantiis
2490 2867 2551 2931 in
2596 2867 2978 2948 proportione

211 2947 268 3006 ·”
291 2974 448 3018 esse.
537 2947 640 3018 Sic
683 2955 868 3036 igitur
895 2957 1179 3032 conclusi,
1229 2964 1314 3030 ιιι,
1359 2975 1512 3037 quae
1557 2957 1863 3020 sententia
1904 2958 2155 3020 eundem
2200 2957 2465 3020 ordinem
2505 2957 2570 3019 in
2598 2965 2761 3020 motu
2788 2963 2855 3019 et
2881 2955 2977 3018 di-

290 3044 532 3108 stantiis
561 3054 850 3120 servaret,
895 3065 1043 3108 vera
1068 3053 1264 3120 esset3
1311 3064 1464 3127 quae
1499 3064 1640 3122 non,
1689 3047 1865 3108 falsa.
1956 3045 2193 3110 Exinde
2236 3046 2507 3128 probavi,
2552 3065 2805 3127 corpora
2830 3046 2979 3108 haec

291 3133 540 3196 duorum
584 3151 718 3196 esse
764 3135 1050 3209 ordinum,
1095 3133 1220 3196 tria
1259 3135 1322 3198 in
1368 3153 1506 3208 nno,
1551 3135 1668 3196 duo
1712 3135 1774 3197 in
1821 3135 2048 3216 reliquo
2094 3137 2321 3199 ordine.
2415 3133 2649 3200 Cuhum
2686 3153 2821 3198 esse
2847 3134 2977 3215 pri-

289 3241 450 3286 mum
495 3222 750 3309 omnium
797 3230 860 3284 et
895 3223 992 3286 sui
1035 3223 1266 3284 ordinis.
1301 3223 1504 3298 etiam,
1550 3231 1694 3305 post
1734 3224 2086 3307 pyramida·
2068 3273 2085 3300 ,
2133 3226 2405 3288 ultimum
2441 3225 2761 3306 primorum
2788 3223 2977 3286 dode-

289 3312 590 3374 caedrum.
639 3393 642 3398 -
674 3310 1171 3376 Secundariorum
1215 3313 1466 3392 primum
1514 3333 1648 3376 esse
1679 3315 2026 3390 octaedron,
2074 3315 2343 3376 ultimum
2364 3315 2773 3378 icosaedron:
2820 3311 2977 3374 Hinc

290 3399 568 3463 constitit
609 3399 786 3475 ratio,
833 3419 1015 3480 quare
1061 3419 1159 3464 res
1205 3403 1392 3464 totius
1437 3403 1640 3466 muudi
1681 3401 2022 3482 praecipua,
2074 3404 2261 3466 Terra
2304 3423 2513 3488 nempe
2558 3422 2689 3466 cum
2716 3401 2975 3482 imagine

287 3489 404 3552 Dei
453 3489 510 3551 in
557 3489 790 3552 homine
837 3489 1232 3570 distingueret
1273 3491 1432 3553 inter
1474 3491 1736 3552 ordines.
1828 3492 2089 3554 Probavi
2116 3493 2314 3572 igitur,
2364 3494 2519 3574 quod
2544 3491 2831 3573 primaria
2864 3490 2975 3551 de-

290 3579 476 3642 beant
520 3585 692 3642 extra
747 3579 968 3642 terreni
1023 3578 1185 3640 orbis
1241 3580 1610 3659 complexum
1669 3597 1804 3642 esse
1826 3627 1843 3654 ,
1910 3581 2269 3644 secundaria
2320 3582 2517 3644 intra:
2595 3581 2753 3661 quod
2796 3585 2978 3659 caput

290 3667 604 3732 exterioris
631 3667 858 3732 ordinis
895 3668 1114 3730 debeat
1149 3668 1234 3730 ad.
1271 3669 1424 3730 fixas
1471 3685 1736 3750 vergere,
1776 3673 1961 3749 capnt
2003 3669 2305 3732 interioris
2350 3671 2429 3732 ad
2473 3668 2695 3732 Solem.
2769 3667 2975 3748 Atque

288 3757 386 3820 hic
432 3757 824 3838 explicandae
869 3757 1110 3820 fuerunt
1153 3775 1358 3820 omnes
1403 3756 1802 3838 proprietates
1850 3767 1914 3820 et
1956 3759 2345 3838 cognationes
2390 3759 2598 3822 horum
2644 3775 2973 3838 corporum.
3082 3812 3087 3818 .

287 3847 404 3908 His
445 3845 538 3908 ita
581 3846 928 3910 constitutis
947 3893 964 3921 ,
1025 3846 1304 3910 ascensui
1349 3845 1695 3926 corporibus⁴
1736 3847 2047 3926 planetas,
2113 3847 2415 3910 contentis
2460 3867 2499 3908 a
2544 3848 2761 3909 Terrae
2809 3845 2973 3918 orbe,

275 3942 603 3998 ‘contentos
633 3955 672 3996 a
699 3955 802 4009 se-,
786 3953 803 3969 ·
849 3935 1107 3998 exclusis
1155 3935 1450 3998 exclusos.
1535 3933 1636 3996 Sic
1683 3929 1723 4012 15
1771 3937 1983 3998 cubum
2031 3937 2280 3998 sortitus
2317 3945 2431 4010 est,
2476 3937 2537 4012 ‘ll
2582 3936 2972 4008 tetraedrum‚

287 4032 348 4127 d·
386 4023 844 4100 ‹indensem-um,
903 4023 952 4098 9
997 4024 1400 4097 icosaedrum,
1465 4025 1510 4094 ζὲ
1553 4025 1918 4088 octaedrnm.
2011 4025 2334 4106 Digressus
2379 4025 2558 4106 igitur
2601 4025 2661 4087 in
2707 4025 2973 4088 astrolo-

287 4112 468 4194 giam,
517 4113 920 4176 demonstravi
965 4113 1354 4194 cognationes
1401 4121 1470 4175 et
1507 4114 1910 4202 proprietates
1956 4113 2333 4194 planetarum
2376 4116 2692 4198 plerasque
2738 4135 2814 4178 ex
2857 4114 2971 4176 ho-

286 4221 416 4267 rum
462 4199 502 4266 5
549 4221 858 4282 corporum
901 4202 1315 4266 affectionibus
1359 4194 1822 4268 mathematicis.
1915 4203 2195 4266 Proxima
2231 4222 2372 4266 cura
2412 4203 2544 4280 fuit,
2592 4212 2659 4266 ut
2686 4203 2971 4267 ostende-

287 4311 432 4367 rem,
481 4291 768 4375 quomodo
815 4309 1016 4354 omnes
1061 4298 1270 4395 partes
1299 4292 1692 4395 sexagenarii
1738 4291 2100 4394 multiplices
2146 4294 2270 4354 sint
2300 4291 2372 4355 in
2414 4292 2509 4356 his
2539 4291 2579 4356 5
2606 4292 2969 4373 corporibus,

287 4381 556 4461 exceptis
609 4377 688 4443 10
733 4387 798 4442 et
847 4376 956 4455 15,
981 4388 1070 4442 et
1111 4380 1376 4444 vicissim
1421 4379 1706 4462 quidquid
1749 4380 1810 4442 in
1854 4382 1951 4444 his
1996 4381 2365 4456 numeretur,
2412 4400 2521 4463 per
2562 4389 2767 4461 partes
2810 4377 2975 4444 ecrit

241 4523 257 4536 .
284 4477 640 4542 numeretur,
687 4469 952 4550 exceptis
992 4470 1264 4532 octaedri
1309 4478 1371 4533 et
1415 4470 1550 4533 cubi
1595 4471 1792 4550 planis
1842 4472 2093 4551 angulis,
2144 4470 2243 4551 qui
2290 4479 2435 4532 sunt
2478 4471 2535 4531 in
2586 4479 2829 4551 utroque
2875 4470 2971 4531 vi-

287 4559 418 4622 ceni
466 4558 754 4640 quaterni.
845 4557 1112 4620 Tandem
1169 4559 1396 4621 duobus
1454 4559 1614 4622 foliis
1668 4560 1905 4622 modum
1952 4559 2166 4641 scripsi
2212 4559 2559 4622 dimetiendi
2604 4567 2667 4622 et
2706 4559 2965 4621 investi-

286 4648 469 4728 gandi
514 4648 740 4712 orbium
786 4647 1202 4726 inscriptorum
1256 4654 1320 4708 et
1377 4648 1953 4729 circumscriptorum
2016 4649 2217 4712 radios
2282 4649 2410 4711 sive
2474 4648 2965 4712 semidiametros.
3044 4676 3047 4685 ·

285 4739 490 4817 Atque
537 4737 686 4800 haec
729 4737 1022 4800 hactenus
1069 4735 1198 4800 sine
1243 4735 1439 4799 dubio.
1532 4733 1657 4800 Sed
1703 4736 1843 4819 quia
1889 4737 1945 4800 in
1992 4736 2375 4819 sequentibus
2405 4736 2588 4800 dubia
2614 4737 2801 4800 multa
2826 4736 2971 4798 mihi

286 4836 626 4903 occurrunt,
673 4825 834 4888 volui
877 4825 1114 4906 integra
1160 4825 1512 4899 describere,
1561 4835 1626 4888 et
1669 4833 1732 4889 te
1777 4826 2105 4890 consulere.
2178 4825 2405 4888 ·ΜιιΙιιι
2446 4825 2711 4907 reperies
2752 4825 2971 4906 partim

289 4935 366 4979 ex
411 4916 566 4980 salso
609 4915 882 4999 profecta
921 4913 1230 4998 principio,
1278 4915 1496 4999 partim
1523 4933 1600 4978 ex
1624 4917 1816 4995 nullm
1860 4915 2079 4986 alicubi
2110 4915 2457 4988 haerentem
2485 4914 2735 4990 videbis,
2778 4933 2967 4998 propa
