3634 5575
615 374 708 445 22
1809 378 2134 431 Prooemium.

1555 537 1828 603 Sa‘lutem
1872 538 2189 619 plurimam
2239 539 2392 602 dieo.
2432 524 2442 539 ’

795 627 949 695 Cum
995 630 1073 692 ad
1116 628 1566 692 Humanitatem
1614 638 1777 691 tuam
1826 626 1864 692 3
1903 626 2134 709 Aprilis
2182 629 2241 690 ni
2291 628 2467 691 fallor
2514 628 2893 707 scripsissem
2942 628 3013 689 de
3063 626 3350 708 quodam

619 719 796 785 dubio
843 720 906 781 in
952 719 1212 781 numeris
1261 720 1340 795 §3
1399 718 1720 799 literaeque
1767 716 2027 781 Sautero
2074 718 2461 781 tradidissem
2508 718 2583 780 ob
2629 717 2975 780 nunciorum
3020 713 3309 795 inopiam
3330 736 3349 775 :

617 818 839 891 postea
881 808 980 871 die
1027 826 1134 889 pro
1184 806 1340 869 festo
1388 806 1730 870 Palmarum
1775 807 1913 869 hinc
1971 806 2091 869 abii
2136 806 2470 870 confectum
2516 806 2747 885 reliqua
2788 825 2929 868 mea
2974 806 3233 885 negotia
3287 804 3353 865 in

617 897 884 961 inferiori
930 896 1190 978 regionis
1236 904 1429 976 parte.
1522 897 1668 959 Heri
1725 915 1857 958 cum
1912 896 2201 971 redirem,
2263 897 2489 979 accipio
2546 903 2686 957 tuae
2728 893 3073 958 »industriae
3130 893 3353 956 dicam

621 1006 696 1051 an
743 986 1200 1051 benevolentiae
1247 994 1690 1049 monumentum
1735 993 1900 1046 certe
1948 986 2306 1065 stupendum
2354 984 2532 1047 mihi:
2598 989 2665 1045 ut
2718 984 2876 1065 quod
2920 1002 3015 1047 me
3062 982 3353 1065 quotidie

618 1076 814 1157 magis
861 1077 936 1138 de
980 1075 1326 1156 reponenda
1371 1074 1574 1155 gratia
1619 1074 1943 1138 sollicitum
1988 1074 2193 1137 efficit.
2285 1075 2372 1137 Ut
2415 1075 2597 1155 igitur
2642 1074 2851 1149 scires,
2899 1094 2993 1137 me
3040 1073 3099 1135 id
3148 1090 3350 1136 acce-

617 1167 808 1247 pisse,
857 1184 1099 1245 operam
1145 1164 1289 1227 dare
1335 1163 1518 1225 volui.
1593 1163 1770 1244 Rogo
1818 1170 2021 1225 autem
2069 1164 2141 1225 de
2188 1166 2233 1241 ζὲ
2276 1163 2634 1227 brevissima
2670 1164 2895 1225 scheda
2940 1163 3351 1243 respondeas,

622 1255 676 1317 si
721 1274 819 1317 res
865 1261 964 1315 est
1007 1254 1325 1333 expedita:
1376 1251 1466 1314 sin
1515 1270 1651 1328 non,
1701 1270 1945 1332 possum
1992 1252 2169 1316 facile
2216 1261 2279 1315 et
2317 1253 2445 1315 sine
2494 1252 2915 1331 impedimento
2954 1251 3351 1313 commodu-

622 1342 733 1407 tibi
778 1351 1016 1422 tempus
1066 1349 1410 1424 expectare.
1501 1340 1672 1421 Opus
1721 1350 2069 1423 argenteum
2106 1336 2159 1417 ⁹)
2206 1342 2297 1403 ita
2350 1342 2521 1404 tarde
2576 1340 2876 1421 procedit,
2937 1349 3005 1403 ut
3058 1339 3349 1420 pluribus

625 1432 795 1496 faber
843 1452 1022 1513 quam
1069 1430 1282 1493 fabrile
1331 1430 1551 1493 ictibus
1598 1429 1866 1511 indigere
1912 1429 2215 1507 videatur,
2264 1439 2332 1493 ut
2374 1430 2683 1511 procedat.
2775 1430 2956 1493 Vale.

803 1516 883 1584 13
933 1516 1080 1594 (23)
1126 1522 1277 1602 Apr.
1327 1515 1434 1609 96.
2569 1520 2646 1581 Η.
2697 1520 2768 1581 Τ.
2858 1519 3008 1581 disc.
3058 1536 3148 1598 gr.

2492 1608 2584 1670 Μ.
2634 1608 2892 1671 Johann
2936 1604 3193 1691 Καρία.

762 1749 1143 1802 Μιοειὶἰιιιιιι
1193 1748 1468 1799 consulenti
1517 1748 1733 1814 Keplero
1780 1749 2031 1814 respondit
2080 1750 2128 1799 d.
2184 1747 2242 1798 11
2296 1747 2414 1813 (21)
2454 1746 2631 1815 Aprilis
2679 1745 3175 1815 (Hansch.p.11),
3230 1764 3347 1798 non

617 1824 859 1873 immerito
896 1836 952 1871 se
995 1836 1028 1870 a
1059 1820 1277 1885 Keplero
1315 1822 1486 1871 erroris
1525 1822 1680 1885 argui.
1759 1820 1850 1879 „In
1886 1821 2061 1873 tabula
2096 1812 2351 1888 ἇφηλιων
2386 1823 2571 1879 nescio,
2610 1822 2691 1886 qui
2728 1822 3100 1885 impertinentes
3137 1820 3345 1870 numeri

617 1894 738 1945 mihi
765 1892 1058 1944 describenti
1096 1892 1414 1956 obrepserint,
1454 1906 1568 1943 cum
1605 1892 1726 1942 alios
1763 1892 1979 1942 diversos
2014 1894 2067 1943 in
2104 1892 2305 1951 scheda,
2344 1908 2406 1943 ex
2440 1906 2540 1957 qua
2574 1903 2654 1943 me
2689 1892 2797 1941 illos
2833 1892 3149 1957 descripsisse
3187 1898 3344 1956 puto.

623 1971 821 2017 notatos
855 1962 1154 2015 inveniam.“
1229 1962 1426 2015 Deinde
1457 1964 1602 2026 justis
1637 1966 1853 2013 numeris
1902 1964 2153 2014 subductis
2204 1966 2450 2030 queritur,
2502 1965 2632 2029 quod
2669 1960 2967 2027 copel-nicus
3007 1978 3041 2014 a
3072 1964 3345 2027 prioribus,

623 2053 724 2088 non
757 2036 1110 2089 recentioribus
1138 2035 1556 2085 observationibus
1579 2035 1829 2097 profectus
1854 2035 1936 2093 sit,
1980 2036 2199 2101 „grande
2236 2037 2369 2085 enim
2406 2042 2457 2085 et
2490 2036 2703 2085 immane
2739 2035 3045 2097 postulatum
3080 2034 3201 2084 illud
3238 2042 3345 2091 est,

626 2106 1064 2169 „eoncedendum
1112 2112 1344 2171 putamus
1395 2107 1895 2157 commensurationes
1946 2106 2234 2157 circulorum
2284 2108 2524 2157 mansisse
2576 2121 2609 2157 a
2653 2106 2939 2157 Ptolemaeo
2984 2103 3341 2157 etiamnum“⁸

623 2176 772 2245 (Gop.
807 2178 955 2237 τοῖοι.
993 2176 1118 2229 coel.
1155 2176 1221 2235 V,
1261 2174 1385 2239 30);
1437 2190 1557 2226 nam
1605 2178 1715 2241 ipsa
1757 2183 1958 2229 terrena
2001 2180 2345 2229 eccentricitas
2392 2179 2634 2229 diminuta
2671 2178 2791 2227 alios
2826 2192 3056 2228 numeros
3092 2176 3341 2241 postulat.

623 2248 732 2301 Nec
768 2251 900 2302 enim
934 2262 1102 2299 verum
1140 2254 1233 2305 est,
1271 2248 1399 2313 quod
1423 2247 1663 2298 Rheticus
1697 2249 1748 2297 in
1786 2249 1981 2315 dialogo
2019 2248 2155 2308 dicit,
2194 2250 2322 2314 quod
2354 2252 2409 2299 in
2434 2248 2679 2300 Mercurio
2715 2249 2854 2299 nulla
2889 2262 3079 2315 quoque
3116 2249 3247 2298 sicut
3287 2248 3345 2297 in

623 2320 746 2373 Jove
781 2322 1025 2371 sentiam:
1061 2321 1444 2371 eccentrlcitatis
1479 2319 1740 2369 mutatim‘
1813 2320 2011 2385 (comp.
2048 2320 2215 2371 Prodr.
2256 2334 2365 2387 cap.
2404 2318 2613 2377 xvm).
2685 2319 2747 2369 In
2790 2320 2890 2370 fine
2936 2318 3176 2384 epistolae
3215 2320 3347 2371 dicit

623 2392 949 2448 Maeonium:
995 2404 1128 2442 aune
1163 2390 1416 2443 stellarum
1453 2390 1660 2441 fixarum
1697 2391 2076 2456 descriptionem
2112 2394 2389 2456 acceperis,
2438 2408 2497 2444 ex
2534 2392 2687 2443 litei-is
2722 2391 2999 2457 intelligere
3034 2406 3135 2441 non
3168 2392 3338 2457 potui.

521 2520 526 2531 .
623 2464 819 2523 Puella,-
853 2476 982 2530 quae
1017 2468 1132 2513 tuas
1167 2462 1286 2513 mihi
1321 2462 1492 2515 literae
1527 2462 1756 2522 reddidit,
1797 2465 1976 2514 asserit
2006 2477 2157 2520 eane,
2194 2478 2250 2514 ee
2287 2478 2399 2515 eam
2436 2478 2472 2516 a
2502 2478 2583 2515 me
2620 2464 2713 2514 sibi
2748 2463 3083 2513 concreditam
3119 2461 3345 2513 fideliter

621 2536 884 2589 tradidisse
901 2570 916 2593 ‚
953 2534 1160 2600 ideoque
1199 2536 1247 2584 ei
1281 2534 1562 2586 mercedem
1597 2534 1839 2599 epistolae
1876 2534 2168 2601 deportatae
2204 2534 2344 2585 solvi.

766 2606 954 2671 Quibus
988 2604 1330 2673 Keplerue
1364 2604 1645 2670 respondit:

802 2746 870 2812 S.
943 2748 1174 2811 Eodem
1218 2748 1424 2830 procul
1473 2747 1652 2811 dubio
1696 2755 1968 2828 tempore
2014 2747 2265 2829 legimus
2313 2756 2563 2829 uterque
2620 2746 2856 2823 literas,
2916 2754 2980 2810 et
3036 2766 3148 2829 ego
3196 2754 3343 2810 tuas

629 2847 693 2904 et
739 2847 805 2902 tu
849 2857 1053 2900 meas:
1119 2837 1354 2900 scilicet
1407 2837 1502 2902 die
1549 2838 1594 2916 ζξ
1648 2833 1724 2900 14
1770 2837 2021 2917 Aprilis.
2116 2835 2465 2918 Scripseras
2514 2846 2579 2900 tu
2632 2837 2702 2899 11
2757 2839 3017 2919 Aprilis,
3078 2857 3193 2918 ego
3258 2835 3339 2901 13

629 2927 918 3010 eiusdem.
999 2927 1090 2988 Tu
1135 2927 1210 2988 de
1255 2927 1504 2988 fixarum
1549 2926 1852 3004 catalogo,
1903 2945 2015 3007 ego
2062 2926 2137 2988 de
2182 2926 2375 2988 literis
2424 2927 2803 3008 quaesitoriis
2850 2927 3020 3001 meiS,
3068 2927 3341 3007 utrisque

627 3017 860 3099 pridem
896 3015 1168 3096 scriptis,
1216 3034 1451 3076 eramus
1489 3015 1752 3078 solliciti.
1838 3016 2027 3097 Atqui
2075 3015 2439 3095 respondisti
2485 3025 2551 3078 tu
2597 3035 2765 3077 meae
2813 3016 3171 3096 quaestioni,
3221 3035 3339 3095 ego

629 3108 703 3169 de
749 3113 854 3168 tuo
902 3105 1202 3185 catalogo.
1276 3105 1438 3166 Ecce
1485 3105 1794 3185 pulchrum
1842 3105 2270 3185 spectaculum.
2316 3105 2477 3168 ·Aut
2523 3111 2765 3168 nostrae
2811 3106 3025 3168 literae
3052 3103 3341 3168 Mercurii

628 3195 934 3275 ingenium
985 3194 1246 3273 adeptae
1294 3200 1435 3254 sunt
1479 3195 1666 3265 (forte
1713 3215 1788 3256 ex
1835 3195 2221 3273 inscriptione
2268 3195 2341 3256 de
2378 3194 2698 3268 Mercurio,
2746 3205 2815 3256 ut
2850 3213 3057 3258 aurum
3085 3214 3158 3255 ex
3189 3214 3341 3255 con-

629 3292 802 3348 tactu
847 3283 1086 3364 argenti
1141 3282 1294 3358 vivi,
1357 3283 1514 3363 quod
1559 3281 1858 3348 Mercurio
1915 3283 2189 3357 subest),
2250 3292 2359 3344 aut
2402 3284 2737 3346 Mercurius
2793 3283 2923 3364 ipse
2978 3303 3120 3345 suos
3166 3283 3343 3344 nobis

627 3380 830 3438 motus
877 3373 990 3436 hoc
1037 3371 1213 3434 modo
1261 3373 1664 3445 demonstrat,
1711 3373 2029 3452 nobisque,
2090 3381 2155 3433 ut
2198 3379 2297 3434 est
2341 3373 2531 3435 fallax
2578 3373 2851 3447 nuncius,
2902 3373 3112 3435 literas
3156 3379 3342 3452 petu-

627 3462 824 3526 lantia
869 3461 1130 3543 quadam
1175 3461 1290 3522 huc
1335 3461 1473 3523 illuc
1521 3462 1723 3525 differt
1770 3470 1835 3524 et
1882 3461 2089 3525 eludit.
2182 3463 2391 3524 Metuo
2440 3471 2507 3524 ut
2552 3463 2745 3524 denuo
2782 3481 2876 3523 me
2924 3460 3219 3523 scribente
3280 3467 3345 3522 et

629 3560 697 3615 ιιι
743 3551 996 3626 scribas,'
1047 3558 1228 3632 atque
1275 3550 1364 3611 sic
1410 3550 1652 3613 nimium
1701 3551 1810 3612 tibi
1860 3551 2082 3613 laboris
2112 3551 2445 3614 exhibeam.
2505 3549 2677 3622 Quae
2726 3559 2927 3614 autem
2974 3551 3048 3612 de
3096 3553 3137 3628 3}
3184 3550 3343 3611 scri-

629 3641 726 3703 bis
771 3639 949 3703 credo
996 3648 1066 3703 ut
1118 3645 1427 3702 aetemata
1481 3640 1867 3718 (αἰτηματα),
1931 3659 2069 3701 nam
2130 3641 2698 3702 demonstrationem
2758 3657 2874 3702 non
2930 3640 3123 3720 capio.
3216 3638 3343 3700 Sed

599 3730 779 3794 ·illud
831 3737 894 3792 te
951 3747 1203 3792 moneo:
1269 3729 1424 3809 quod
1480 3729 1696 3804 lineam
1742 3728 1834 3810 Ay
1882 3729 2014 3808 jam
2068 3747 2343 3800 numeres
2391 3726 2644 3803 26270,
2706 3737 2869 3792 recte
2919 3747 3051 3790 meo
3089 3727 3340 3807 judicio,

627 3821 739 3882 sed
787 3819 962 3882 aliter
1008 3837 1188 3900 quam
1232 3817 1292 3878 in
1351 3825 1624 3896 comput:
1685 3818 1843 3878 dist:
1902 3817 2330 3896 sphaerarum3
2392 3837 2525 3879 eam
2570 3819 2724 3881 enim
2770 3817 2853 3880 ibi
2902 3817 3052 3881 facis
3100 3813 3341 3891 22470,

630 3911 732 3987 Αβ
775 3927 920 3970 vero
965 3903 1205 3982 26270,
1253 3926 1384 3968 cum
1431 3907 1516 3968 sit
1561 3902 1795 3970 30070.
1880 3904 2055 3977 Quod
2102 3925 2335 3976 moneo,
2382 3927 2455 3970 ne
2502 3915 2566 3969 et
2609 3915 2671 3969 te
2718 3907 2911 3970 fallat.
2953 3907 3178 3968 'Doleo
3226 3926 3343 3968 au-

633 4007 757 4062 tem
801 4005 863 4060 te
909 4015 1028 4059 non
1075 4013 1224 4074 opus
1272 4003 1524 4070 tantum,
1575 3996 1684 4057 sed
1721 3995 1906 4057 etiam
1934 4003 2165 4059 sumtus
2209 3997 2427 4058 facere.
2501 3996 2813 4077 Increpavi
2850 4003 3013 4058 certe
3059 3995 3341 4075 puellam,

637 4087 792 4169 quod
840 4086 980 4167 quid
1028 4085 1280 4165 accepit.
1363 4083 1450 4146 Et
1484 4085 1614 4165 jam
1661 4102 1837 4164 porro
1884 4085 2121 4166 impono
2167 4085 2276 4149 tibi
2322 4085 2644 4162 silentium,
2695 4087 2885 4148 donec
2930 4104 3067 4149 mea
3110 4084 3345 4147 ruditas

635 4177 870 4258 copiam
917 4173 1214 4238 scribendi
1261 4193 1491 4237 rursum
1544 4173 1750 4236 faciat.

809 4263 988 4327 Vale.
1069 4260 1148 4325 15
1196 4260 1342 4338 (25)
1393 4261 1541 4343 Apr.
1590 4256 1698 4326 96.
1789 4335 1798 4350 .
2128 4263 2205 4325 H.
2256 4263 2327 4324 T.
2422 4260 2503 4326 G.
2553 4261 2629 4324 D.
2946 4263 3037 4325 Μ.
3079 4259 3341 4344 Kepler.

777 4388 980 4441 Interea
1026 4386 1412 4438 Maestlinus
1429 4421 1442 4444 ,
1495 4401 1643 4451 quum
1690 4385 1909 4437 libellum
1952 4385 2159 4450 Kepleri
2206 4387 2596 4451 ιιιαιιιιωιὶριιιιιι
2636 4385 2965 4450 Tubingensis
3010 4387 3345 4438 universitatis

638 4461 836 4513 senatui
868 4461 1145 4522 obtulisset,
1185 4460 1250 4510 ab
1283 4459 1376 4509 hoc
1412 4471 1555 4508 suam
1591 4458 1654 4508 de
1691 4457 1774 4508 illo
1813 4459 2115 4508 sententiam
2151 4458 2280 4508 ferre
2310 4461 2474 4522 jussus
2492 4493 2507 4518 ,
2544 4457 2671 4508 haec
2703 4457 2897 4508 retulit:

1509 4603 1802 4675 Maynifice
1838 4603 2077 4658 Domine
2114 4603 2467 4658 sto-Roccor.

783 4707 1032 4774 Scriptum
1057 4709 1324 4760 doctissimi
1347 4709 1426 4759 D.-
1421 4705 1667 4774 Magiam
1693 4707 1931 4772 Keppleri
1954 4707 2071 4774 legi,
2102 4708 2341 4772 judicium
2376 4723 2542 4758 meum
2575 4707 2639 4758 de
2676 4722 2737 4758 eo
2760 4705 2945 4758 Vesta-a
2964 4705 3345 4772 Magnificentia

551 4810 560 4818 ·
641 4780 877 4832 benevole
913 4781 1156 4844 accipiat,
1190 4796 1325 4846 rogo.

785 4851 1004 4902 Materia
1039 4859 1092 4902 et
1126 4867 1204 4902 res
1239 4855 1370 4916 ipsa,
1421 4858 1477 4900 ut
1511 4864 1640 4901 nova
1676 4857 1778 4910 est,
1834 4857 1887 4900 et
1920 4865 2047 4915 quae
2083 4849 2261 4900 nullius
2298 4819 2513 4914 unquam
2548 4857 2765 4900 mentem
2800 4849 2977 4908 subiit,
3012 4851 3089 4898 ita
3124 4850 3341 4912 profecto
3451 4902 3459 4910 ,

643 4923 1040 4996 ingeniosissima
1075 4929 1152 4978 ost
1186 4929 1239 4974 et
1271 4922 1542 4994 publicam.
1577 4937 1704 4992 quae
1727 4924 1779 4975 in
1805 4923 2061 4978 doctorum
2084 4921 2332 4976 hominum
2358 4934 2536 4974 manus
2568 4922 2816 4981 deveniat,
2854 4885 3153 4990 digu’ieeima.
3216 4919 3337 4984 Quin
