3634 5575
1380 380 1443 429 de
1480 379 1623 429 robus
1672 379 1996 445 astrologicis.
2167 372 2171 380 ·
2515 356 2520 361 ’
2915 374 3046 443 333

326 537 473 589 modo
508 552 607 587 non
644 538 769 601 agit,
839 536 1097 589 Naturalis
1136 538 1271 587 calor
1326 552 1385 587 eo
1421 538 1617 593 fortior,
1676 552 1771 601 qno
1822 538 2015 600 propior
2033 570 2048 593 ,
2105 542 2158 585 et
2195 541 2386 589 contra.
2461 534 2522 583 In
2561 534 2686 587 Solia
2722 548 2838 585 vero
2883 536 3046 585 calore

326 609 449 659 nihil
480 608 585 659 tale
624 614 731 664 est,
780 622 899 657 nam
932 623 1019 671 pro
1056 610 1250 658 ratione
1288 608 1557 675 distantiae
1595 622 1627 659 a
1663 608 1819 657 Terra
1865 608 1999 657 calor
2047 621 2150 655 non
2207 612 2419 671 augetur
2477 606 2550 655 rel
2600 605 2864 665 minuitur,
2917 607 3066 673 quod·

323 678 486 727 hieme
522 680 645 727 satis
683 686 911 741 apparet,
966 680 1049 727 ubi
1086 678 1168 727 Sol
1206 679 1359 727 multo
1397 680 1604 741 propior,
1644 693 1793 743 quam
1833 683 2028 727 aestate
2049 713 2063 734 ‚
2123 684 2176 726 et
2211 682 2383 726 tamen
2419 676 2582 724 minus
2621 674 2877 733 calefacit3
2926 676 3046 725 item

324 750 375 798 in
414 755 523 797 ortu
560 757 612 798 et
646 762 827 798 occasu
864 750 992 798 alius
1027 755 1221 798 tantum
1260 750 1585 805 calefaceret,
1644 753 1884 813 qnantum
1933 750 1982 796 in
2041 747 2260 803 meridie,
2312 748 2352 795 si
2399 746 2694 797 naturaliter
2735 753 2934 810 agerem
2992 753 3047 796 at

318 824 467 881 juxta
500 820 895 883 magnitudinem
932 820 1103 884 anguli
1140 820 1419 869 reflexionis
1456 820 1703 868 radiorum
1741 809 1879 883 agit,
1931 825 1984 868 et
2039 820 2133 867 nisi
2185 818 2352 867 radius
2400 820 2454 866 in
2489 816 2643 867 Terra
2691 816 3044 874 reflecteretur,

322 904 503 955 parum
539 890 715 940 caloris
755 904 788 939 a
824 889 937 940 Sole
973 892 1283 939 sentiremus.
1356 890 1487 939 Hinc
1522 892 1574 939 in
1614 895 1729 939 aere
1764 890 1928 939 nullus
1967 889 2044 939 vel
2082 890 2284 953 exiguus
2323 888 2472 948 calor,
2529 889 2626 937 imo
2663 888 2753 937 sub
2799 887 2914 937 Sole
2951 890 3042 937 mi-

325 976 495 1011 norem
532 961 744 1010 calorem
782 976 891 1010 esse
929 962 1150 1010 existimo
1189 958 1326 1021 (cum
1362 960 1503 1011 nulla
1539 962 1739 1011 reflexio
1781 962 1834 1009 in
1873 961 2074 1009 aethere
2101 961 2204 1008 fieri
2224 956 2426 1023 possit),
2466 973 2614 1023 quam
2650 958 2702 1007 in
2726 958 2882 1009 Terra
2917 960 3040 1022 ipsa.

324 1030 522 1082 Natura
556 1047 745 1096 quoque
784 1032 877 1080 loci
918 1038 1070 1096 auget
1104 1047 1191 1094 per
1229 1032 1461 1081 accidens
1499 1031 1772 1081 reflexionis
1797 1032 1954 1087 vires3
1995 1031 2161 1088 arida,
2202 1044 2437 1086 arenosa.
2477 1035 2742 1086 montana,
2781 1028 3045 1093 sulphurea

324 1103 464 1161 loca,
520 1110 579 1151 ut
612 1118 703 1166 per
739 1117 793 1151 se
830 1102 1032 1159 calida,
1078 1104 1221 1151 citius
1259 1102 1495 1151 calefiunt
1530 1110 1583 1151 et
1617 1102 1789 1150 fortius
1827 1102 2145 1151 reverberant
2178 1101 2371 1158 radios,
2427 1106 2602 1150 contra
2635 1099 2838 1150 humida
2875 1106 2926 1149 et
2960 1100 3042 1150 fri-

323 1173 446 1239 gida
478 1172 592 1222 loca
626 1173 811 1222 Terrae
845 1173 1051 1221 faciunt.
1127 1173 1260 1221 Hinc
1298 1182 1415 1237 puto
1454 1180 1507 1222 te
1542 1174 1693 1222 facile
1729 1178 2127 1235 perspecturnm‚
2185 1172 2628 1221 inflammationem
2676 1186 2775 1220 non
2814 1186 2922 1221 esse
2958 1186 3042 1221 ex·

326 1258 520 1294 cessum
557 1244 735 1293 caloris
770 1244 1011 1293 naturalis
1029 1279 1043 1301 .
1103 1244 1295 1293 ratione
1330 1245 1481 1306 ipsius
1522 1242 1674 1302 Solis,
1735 1244 1822 1292 sed
1868 1243 2047 1291 saltem
2097 1244 2374 1292 reflexionis
2427 1241 2748 1292 accidentalia
2797 1248 3042 1307 respectu.

327 1314 456 1381 Ergo
496 1316 647 1365 etiam
686 1316 736 1363 in
775 1314 957 1364 talibus
995 1316 1283 1364 transitibus
1321 1314 1521 1363 reflexio
1558 1316 1737 1377 potius,
1777 1327 1924 1377 quam
1961 1314 2066 1377 ipse
2106 1312 2188 1362 Sol
2228 1313 2613 1363 considerandus
2651 1314 2774 1370 erit3
2813 1314 2910 1363 imo
2947 1312 3044 1363 hac

324 1388 518 1436 ratione
554 1387 796 1435 transitus
833 1386 902 1434 illi
938 1400 1026 1449 per
1064 1390 1311 1435 aestatem
1348 1385 1451 1433 tale
1487 1386 1603 1448 quid
1640 1384 1873 1434 inducere
1911 1390 2131 1447 possunt,
2167 1399 2267 1433 non
2305 1398 2418 1434 vero
2455 1383 2634 1433 hieme.
2967 1373 2974 1391 ⁸

500 1474 744 1553 Keple
767 1494 923 1535 rus:
994 1472 1243 1535 Solem
1292 1492 1504 1535 nocere
1554 1472 1717 1539 dico,
1778 1482 1844 1533 ut
1892 1491 2098 1533 omnes
2146 1472 2452 1551 planetas,
2515 1491 2661 1533 sane
2712 1479 2776 1532 ut
2813 1470 3039 1548 dixisti,

324 1581 434 1642 per
480 1562 778 1625 accidens,
869 1563 965 1623 De
1011 1562 1105 1623 his
1154 1560 1307 1623 satis
1354 1580 1535 1639 snpra
1565 1568 1626 1621 et
1682 1560 1739 1621 in
1770 1559 2067 1640 prioribus
2099 1559 2290 1621 literis
2323 1560 2410 1639 (p.
2446 1555 2576 1621 314
2605 1560 2727 1639 sq).
2815 1556 2938 1621 Sed
2968 1560 3043 1620 de

328 1651 457 1713 lnce
498 1650 660 1713 Solis
705 1650 1059 1730 propinqua,
1109 1658 1373 1723 remota,
1438 1649 1849 1729 disputantem
1897 1656 1958 1709 te
2007 1648 2209 1727 relego
2260 1648 2336 1709 ad
2383 1646 2828 1727 propositiones
2875 1650 3042 1711 meas

326 1738 543 1818 capitis
598 1738 775 1817 primi
821 1736 1213 1819 Astrologiae
1275 1743 1346 1809 (h.
1376 1761 1417 1795 e.
1449 1746 1621 1795 Thesis
1647 1744 1710 1792 V.
1738 1761 1841 1810 sqq.
1881 1744 2032 1794 libelli
2069 1745 2266 1809 saepius
2304 1743 2442 1803 dicti,
2481 1744 2564 1807 qui
2600 1744 2731 1793 infra
2766 1740 3040 1809 sequetur).

326 1826 395 1889 Si
442 1826 551 1889 Sol
608 1826 702 1888 hic
761 1826 902 1887 mibi
965 1835 1089 1888 tam
1137 1846 1322 1906 prope
1384 1826 1669 1888 verticem
1718 1826 1950 1887 veniret
1996 1844 2200 1885 mense
2251 1822 2572 1885 Decembri
2621 1836 2683 1885 et
2728 1824 3038 1899 Jannario,

319 1916 455 1995 plus
504 1917 885 1991 calefaceret,
945 1936 1121 1997 quam
1168 1916 1229 1975 in
1276 1915 1474 1995 capite
1526 1918 1717 1975 bonae
1770 1915 1922 1993 spei.

500 2004 593 2067 De
650 2002 869 2066 ceteris
935 2005 1013 2065 ad
1068 2005 1329 2067 calorem
1376 2002 1847 2066 circumstantiis
1897 2000 2224 2073 assentior,
2293 1998 2402 2061 sed
2459 1998 2603 2061 nihil
2661 2006 2874 2061 contra
2921 2020 3036 2074 me,

323 2092 476 2174 quod
527 2094 822 2167 callebaS,
890 2093 1235 2173 priusquam
1292 2092 1605 2153 scriberes.
1702 2092 1871 2151 Haec
1932 2089 2132 2149 omnia
2194 2100 2398 2149 tamen
2445 2089 2592 2149 nihil
2653 2088 2732 2149 ad
2789 2097 3037 2149 traus-

324 2182 515 2257 itus,
584 2199 829 2260 quorum
878 2182 1147 2260 operatio
1197 2200 1312 2241 non
1360 2180 1501 2241 talis
1550 2187 1675 2253 est,
1728 2177 1969 2257 qualem
2009 2177 2068 2237 in
2119 2177 2316 2255 prima
2363 2185 2538 2254 parte
2588 2175 3040 2237 dissertationis

324 2268 557 2349 scripsi,
608 2276 669 2329 et
718 2274 777 2333 tu
822 2286 929 2347 per
974 2268 1359 2330 reflexionem
1408 2268 1635 2341 definis,
1686 2266 1795 2327 sed
1842 2285 1983 2346 pars
2028 2264 2478 2343 imaginationis
2528 2272 2642 2326 est.
2739 2262 2923 2335 Sane,
2971 2272 3038 2325 ut

325 2376 433 2421 nec
462 2358 633 2419 Mars
680 2357 739 2418 in
790 2364 925 2418 ortu
973 2375 1081 2417 suo
1122 2356 1353 2419 directa
1382 2356 1616 2417 actione
1656 2373 1873 2433 corpus
1907 2353 2156 2433 perurit,
2209 2352 2313 2413 sed
2360 2352 2786 2431 imaginatione
2825 2352 3038 2414 Martii

326 2446 561 2508 ruboris
608 2446 839 2507 animus
887 2446 1191 2506 choleram
1236 2446 1500 2525 plantat.
1593 2443 1781 2504 Potes
1819 2442 1957 2505 hinc
2007 2440 2182 2502 facile
2231 2440 2304 2501 de
2335 2440 2691 2501 transitibus
2727 2440 3032 2521 colligere.

328 2532 479 2598 Gum
526 2534 634 2597 Sol
682 2534 905 2595 transit
950 2553 1145 2596 meum
1191 2534 1550 2606 ascendens,
1592 2539 1657 2593 ut
1695 2531 1871 2593 hodie
1902 2528 2034 2592 25⁰
2060 2533 2155 2602 Π,
2205 2527 2346 2608 quid
2391 2527 2554 2590 urit?
2598 2529 2758 2591 Num
2799 2530 3034 2591 terras?

326 2644 500 2699 sane3
567 2623 673 2685 sed
722 2642 893 2683 meae
942 2642 1055 2684 non
1106 2630 1263 2685 sunt.
1361 2622 1523 2684 Num
1572 2620 1714 2681 me?
1806 2621 1978 2692 Nom
2027 2618 2208 2679 sedeo
2256 2617 2315 2677 in
2359 2616 2587 2692 umbra,
2635 2616 2908 2707 scribens
2959 2619 3032 2678 ad

322 2713 679 2775 Fabricium.
779 2709 940 2781 Quid
989 2710 1171 2791 ergo?
1262 2710 1421 2771 Puto
1468 2728 1664 2771 meum
1714 2707 2068 2769 ascendens.
2163 2705 2283 2767 Ubi
2329 2704 2517 2766 illud?
2564 2724 2676 2767 non
2725 2706 2784 2766 in
2833 2706 3032 2780 coelo;

324 2801 513 2864 Terra
559 2801 714 2862 enim
755 2800 869 2862 fuit
910 2799 973 2860 in
1022 2815 1116 2872 ee,
1162 2819 1256 2860 me
1286 2807 1605 2862 nascente:
1658 2798 1813 2860 alius
1846 2797 2021 2858 sitne.
2117 2794 2410 2874 Nuspiam
2447 2794 2629 2874 igitur
2667 2795 2777 2856 hoc
2813 2813 3029 2856 ascen-

324 2891 492 2967 dens,
543 2890 660 2952 nisi
706 2891 763 2951 in
812 2889 1192 2963 charactere,
1244 2890 1342 2967 qui
1391 2907 1522 2950 meo
1572 2887 1767 2948 animo
1816 2894 1916 2948 est
1959 2884 2315 2962 impressus,
2383 2883 2552 2962 cujus
2610 2891 2706 2945 est
2752 2883 3038 2962 analogia

322 2979 647 3041 etiamnum
694 2997 829 3039 cum
875 2977 1165 3038 similibus
1214 2977 1365 3038 coeli
1413 2975 1709 3056 partibuS.
1797 2974 1940 3035 Sole
1990 2991 2132 3052 ergo
2181 2971 2452 3052 geminos
2483 2971 2848 3047 ambulante,
2899 2990 3036 3033 mea

325 3069 585 3130 facultas
634 3067 911 3134 animalis
958 3085 1270 3126 accessum
1304 3065 1465 3128 Solis
1514 3061 1923 3126 characteritii
1973 3061 2334 3140 imaginatur
2373 3060 2448 3121 ad
2479 3069 2675 3122 ortum
2705 3061 3029 3122 characte-

324 3157 545 3220 titium.
608 3155 942 3216 ·Modificas
990 3155 1287 3216 actionem
1335 3154 1494 3215 Solis
1548 3170 1921 3232 repercussu.
2017 3147 2305 3224 Omnin0,
2368 3149 2448 3209 mi
2491 3148 2765 3222 Fabrici,
2837 3148 3030 3230 primo

320 3245 589 3326 impactu
640 3242 907 3310 calfacit.
993 3242 1313 3322 Distingue
1361 3243 1517 3303 inter
1552 3249 1753 3302 ustum
1783 3249 1847 3302 et
1875 3245 2131 3300 aestum.
2225 3237 2611 3316 Repercussu
2659 3239 2754 3312 (et
2799 3257 2870 3300 eo
2913 3257 3030 3300 nou

324 3333 613 3414 simplici,
690 3332 797 3394 sed
838 3338 1157 3412 ·quatenus
1226 3331 1417 3392 lucem
1462 3331 1685 3390 Terrae
1750 3327 2238 3400 communicavit,
2311 3345 2464 3406 quae
2512 3325 2644 3405 jam
2693 3343 2810 3386 non
2857 3331 2924 3386 ut
2973 3326 3030 3388 in

321 3441 679 3504 repercussu
740 3421 801 3482 in
848 3439 1026 3481 unum
1082 3427 1365 3497 punctum
1420 3416 1652 3491 radiat,
1723 3416 1831 3477 sed
1876 3416 2057 3494 plane
2119 3415 2178 3474 in
2228 3413 2468 3486 orbem)
2516 3420 2725 3475 aestus
2793 3422 3034 3476 creatur

322 3512 515 3587 aeriS,
576 3511 839 3590 impactu
886 3508 1075 3589 primo
1132 3507 1270 3570 urit.
1368 3509 1557 3568 Totus
1622 3505 1837 3566 haeres
1884 3505 1942 3565 in
2006 3522 2218 3564 crassa
2278 3501 2386 3563 illa
2431 3503 2810 3580 operatione,
2881 3521 3032 3582 quae

322 3620 537 3664 sensus
585 3598 871 3672 incurrit;
922 3616 1221 3677 nunquam
1270 3597 1469 3675 aperis
1518 3593 1737 3655 mentis
1784 3592 2038 3666 oculum,
2090 3609 2203 3671 quo
2253 3590 2657 3651 harmonicam
2707 3589 3033 3652 connexio-

322 3709 455 3752 nem
506 3689 849 3750 animalium
897 3687 1252 3747 facultatum
1300 3703 1431 3746 cum
1482 3683 1783 3744 coelorum
1810 3679 2070 3741 motibus
2099 3679 2410 3759 inspiciaS,
2462 3698 2613 3758 qnae
2652 3679 2714 3740 in
2744 3677 3029 3740 directio-

302 3779 523 3854 nibus,
572 3777 959 3851 transitibus,
1019 3774 1520 3844 revolutionibus,
1588 3770 1936 3851 spaectibus
1989 3767 2456 3848 meteorologica
2502 3785 2655 3846 pene
2701 3767 2870 3829 unice
2920 3768 3032 3829 do·-

320 3867 596 3930 minatur.

462 3973 815 4024 Fabricius:
872 3970 931 4018 In
971 3967 1407 4018 dissertatiuncula
1440 3972 1531 4015 tua
1566 3935 1736 4014 scribis
1775 3960 1946 4023 (Thes.
1985 3961 2048 4012 V.
2089 3958 2216 4027 ιφ),
2265 3960 2430 4014 Solem
2475 3976 2575 4011 non
2611 3963 2916 4026 potissimum
2953 3976 3034 4012 re-

198 4034 217 4120 ,¹
319 4043 529 4096 flexione
566 4045 643 4093 vel
680 4035 941 4092 altitudine
978 4045 1127 4102 supra
1159 4039 1481 4094 horizontem,
1520 4036 1609 4085 aed
1645 4035 1854 4099 longiori
1890 4035 2052 4097 potius
2090 4046 2230 4082 mora
2267 4033 2560 4094 calefacere,
2600 4033 2940 4083 demonstrans
2977 4033 3027 4083 id

320 4115 483 4166 calore
521 4117 751 4179 temporis
788 4110 1109 4177 pomeridiani
1149 4113 1467 4173 augescente.
1543 4105 1596 4156 Si
1633 4105 1727 4155 hoc
1766 4104 2015 4154 interdum
2051 4103 2262 4160 accidit.
2319 4119 2422 4154 non
2457 4109 2590 4153 certe
2627 4104 2680 4153 iu
2715 4103 3032 4168 hyperboreis

320 4187 457 4246 locis,
494 4187 577 4236 ubi
623 4186 729 4235 dies
778 4191 856 4234 est
892 4180 923 4229 6
960 4181 1219 4230 mensium.
1295 4177 1424 4228 Nam
1480 4179 1547 4227 ibi
1594 4179 1647 4226 in
1685 4181 1882 4226 aestate
1937 4175 2308 4240 frigidissimum
2345 4181 2437 4225 eet.
2512 4175 2644 4239 Ergo
2683 4175 2906 4226 adducta
2939 4181 3034 4224 tna

318 4258 446 4308 rano
484 4257 703 4308 invalida
738 4262 833 4306 est.

496 4345 899 4425 Keplerns:
970 4339 1236 4400 Tandem
1294 4355 1489 4398 meam
1545 4333 2139 4396 dissertatiunculam
2187 4333 2471 4407 adoriris,
2541 4333 2650 4395 sed
2697 4333 3033 4395 oscitanter

322 4442 384 4495 et
428 4433 653 4496 infelici
699 4430 985 4510 auspicio.
1081 4426 1146 4490 Si
1188 4426 1293 4488 Sol
1351 4444 1520 4486 mora
1566 4423 1926 4498 calfaceret,
1987 4419 2180 4501 m'ajor
2227 4430 2434 4485 aestus
2481 4423 2538 4483 in
2589 4421 2852 4483 hibernis
2898 4421 3028 4482 Ba-

320 4531 593 4586 tavorum
642 4520 845 4583 esset?
936 4517 1278 4580 Succeuseo
1318 4513 1467 4586 tibi,
1531 4513 1631 4594 qui
1677 4531 1793 4575 non
1843 4517 2036 4572 totam
2067 4511 2264 4573 thesin
2313 4509 2536 4590 legisti.
2631 4509 2841 4572 Mora
2884 4528 3030 4589 pars

322 4631 541 4698 causae
582 4619 705 4686 est,
754 4605 1179 4670 incidentia
1224 4621 1368 4682 pars
1416 4608 1539 4671 est,
1590 4601 1792 4662 aeris
1842 4599 2236 4661 crassities
2282 4617 2425 4688 pars
2465 4606 2586 4673 est,
2635 4598 3028 4678 impactum

320 4702 384 4762 in
442 4701 667 4764 Terra
723 4693 1195 4778 frigns'multo
1243 4689 1501 4752 maxime
1547 4708 1688 4769 pars
1736 4696 1853 4750 est.
1937 4687 2136 4750 Pudet
2179 4707 2293 4763 me,
2350 4695 2625 4768 repetere
2675 4705 2752 4747 ex
2798 4685 3028 4748 disser-

321 4789 673 4852 tatiuncula.
766 4787 978 4865 Itaque
1026 4781 1379 4850 circumduc,
1413 4779 1558 4840 mihi
1587 4777 1793 4841 Solem
1843 4779 1901 4838 in
1945 4774 2068 4839 illis
2116 4776 2381 4840 hibernis
2428 4783 2554 4837 tam
2597 4774 2801 4850 altum,
2849 4771 3032 4860 'quam

320 4880 477 4965 apud
522 4896 633 4940 noe
682 4883 797 4950 est,
848 4873 1081 4938 videbis
1128 4870 1451 4932 veritatem
1495 4866 1896 4949 pronunciati.
