3634 5575
640 316 784 407 4,436
1761 324 1843 375 De
1893 324 2249 415 Fundamentis

653 489 706 553 si
753 490 1042 567 aspectus
1087 482 1320 545 ratione
1365 500 1660 564 geneseos
1708 482 2027 545 familiaris
2074 483 2158 546 sit
2203 482 2509 547 individuo
2552 485 2671 563 illi,
2726 488 2888 569 qnod
2932 480 3385 548 consideratur.

471 605 488 637 ι
651 579 792 641 Non
838 582 936 636 est
979 573 1103 635 ista
1139 568 1482 653 sympathia
1526 578 1774 650 propter
1818 558 2361 675 temperamentum
2389 575 2673 676 corporis,
2724 584 2795 637 ut
2820 576 3071 639 eoelum
3103 572 3168 635 in
3198 578 3383 633 aerem

489 673 501 679 ’
653 672 818 747 agat,
868 664 966 725 hic
1012 662 1073 724 in
1119 667 1659 740 temperamentum
1705 659 2001 738 corporiS,
2068 669 2133 721 et
2178 662 2291 724 hoc
2336 661 2397 722 in
2444 662 2736 740 animuum
2784 666 2895 729 sed
2940 668 3181 725 contra
3226 678 3383 721 eom-

647 752 881 837 patitur
927 751 1158 813 animus
1206 749 1372 809 coelo
1419 766 1527 827 per
1572 767 1658 821 se,
1712 748 1851 827 quia
1897 742 2319 829 cognationem
2368 750 2553 815 habet·
2597 771 2733 814 cnm
2776 752 2909 815 luce
2947 760 3021 813 et
3056 747 3379 822 harmonia,

650 850 792 923 post
841 840 1025 903 etiam
1071 856 1286 918 corpus
1335 856 1507 899 suum
1552 836 1968 901 transformat.
2061 839 2157 904 Ao
2219 858 2349 901 cum
2407 840 2581 902 homo
2640 841 2723 902 sit
2785 838 3023 905 animal
3076 838 3381 911 sociabile,

651 930 910 995 maxime
957 927 1140 1008 igitur
1185 926 1494 987 sociantur
1542 925 1721 987 animi
1770 926 1847 987 ad
1896 926 2197 1007 publicum
2245 946 2431 1007 opuS,
2486 929 2743 993 sociatis
2800 930 2859 991 in
2908 928 3094 991 coelo
3146 944 3381 1007 geome-

651 1020 802 1081 trice
850 1018 1228 1097 planetarum
1278 1014 1486 1075 radiis.
1570 1014 1702 1075 Hoc
1751 1023 1953 1078 autem
2000 1016 2305 1095 negotium
2352 1024 2525 1079 tanto
2571 1018 2795 1081 rectius
2841 1015 3116 1080 tractari
3166 1022 3379 1095 potest,

649 1110 706 1169 si
752 1125 956 1169 eorum
1005 1121 1259 1183 geneses
1307 1102 1367 1163 in
1415 1109 1653 1183 promtu
1699 1104 1850 1179 sint,
1912 1103 2011 1185 qui
2068 1106 2167 1177 (ut
2212 1104 2553 1187 Tychonico
2615 1106 2799 1175 verbo
2864 1108 3043 1179 utar)
3101 1104 3240 1167 fata
3281 1122 3383 1183 pu-

649 1197 810 1262 blica
853 1194 1207 1275 gubernant.

1733 1278 1784 1341 T
1800 1279 1840 1342 h
1853 1298 1884 1340 e
1897 1279 1957 1342 si
1972 1300 2002 1341 s
2050 1276 2277 1343 LXIX.

825 1372 916 1433 At
961 1370 1232 1449 profecto
1281 1366 1700 1431 stultissimum
1750 1376 1881 1441 est,
1948 1368 2089 1432 hinc
2144 1369 2435 1450 specialia
2478 1377 2725 1449 petere,
2788 1378 2854 1433 et
2910 1368 3117 1442 talia,
3195 1366 3379 1449 qualia

649 1460 866 1523 curiosi
913 1461 974 1519 in
1023 1456 1386 1519 calendariis
1434 1466 1747 1537 quaerunt.
1808 1454 1988 1527 Quod
2036 1456 2194 1520 enim
2240 1458 2299 1519 in
2347 1458 2781 1539 meteorologia
2828 1459 2971 1533 dixi,
3018 1456 3127 1519 hic
3161 1474 3379 1537 quoque

648 1549 1012 1620 tenendum;
1059 1546 1208 1608 nihil
1255 1546 1332 1607 ab
1380 1545 1714 1625 astrologia
1760 1546 1886 1625 peti
1936 1564 2146 1625 posse,
2212 1566 2387 1627 quam
2446 1566 2759 1609 excessum
2806 1548 3079 1628 aliquem
3128 1546 3377 1623 impetus

649 1638 1009 1699 animorum:
1061 1636 1160 1715 qui
1207 1654 1326 1715 qua
1371 1634 1431 1697 in
1477 1654 1542 1697 re
1591 1634 1825 1697 futurus
1872 1634 1980 1709 sit,
2037 1654 2225 1715 penes
2266 1636 2633 1698 liberrimum
2687 1635 2747 1697 in
2803 1636 3081 1715 politicis
3132 1632 3377 1695 hominis

649 1725 994 1798 arbitrium,
1043 1722 1160 1784 Dei
1206 1722 1552 1801 imaginem,
1622 1742 1735 1785 non
1784 1731 2037 1785 naturae
2085 1724 2378 1799 sobolem,
2426 1742 2731 1805 penesque
2779 1743 3000 1787 causas
3056 1723 3227 1785 alias
3274 1728 3374 1783 est.

649 1816 781 1876 Pax
825 1814 1009 1893 igitur
1056 1832 1134 1874 an
1178 1812 1403 1873 bellum
1449 1811 1506 1872 in
1559 1810 1831 1893 qualibet
1876 1812 2119 1892 regione
2169 1813 2429 1877 futurum
2477 1814 2585 1888 sit,
2636 1812 2915 1894 judicent
2959 1832 3178 1875 rerum
3224 1809 3373 1890 poli-

650 1904 904 1965 ticarum
967 1902 1184 1981 periti,
1254 1899 1466 1982 quibus
1529 1920 1647 1962 non
1713 1900 1910 1963 minus
1976 1901 2179 1981 aliqua
2242 1901 2624 1982 praedicendi
2676 1903 2935 1965 facultas
2998 1908 3141 1977 est,
3210 1916 3370 1981 quam

651 1992 983 2070 astrologo.
1077 1990 1237 2053 Nam
1287 1997 1350 2049 et
1394 1988 1612 2068 politia
1657 2008 1828 2065 suum
1878 1990 2062 2051 habet
2109 2010 2369 2059 morem,
2436 1997 2503 2051 ut
2561 1989 2647 2051 ita
2694 1990 2926 2067 dicam,
2992 2009 3123 2051 non
3192 1988 3369 2049 minus

650 2100 829 2161 quam
877 2078 1030 2141 coeli
1076 2078 1354 2140 influxus.
1447 2076 1543 2141 At·
1585 2079 1638 2139 si
1689 2098 1807 2161 qua
1854 2078 1911 2139 in
1960 2078 2203 2157 regione
2251 2080 2475 2140 bellum
2522 2079 2665 2152 erit,
2724 2080 3126 2159 sequentibus
3184 2076 3367 2157 potis-

649 2170 860 2232 simum
891 2168 1100 2229 diebus
1131 2165 1310 2227 animi
1342 2164 1598 2229 militum
1630 2168 1964 2249 ducumque
2012 2168 2090 2227 ad
2120 2174 2585 2247 strategemata,
2612 2186 2868 2247 pugnas,
2900 2167 3076 2229 rixas
3108 2166 3364 2245 aliosque

649 2264 848 2322 motus
893 2255 1114 2340 promti
1161 2264 1337 2317 erunt
1393 2252 1486 2317 12.
1535 2254 1676 2317 Jan.
1745 2252 1806 2318 5.
1866 2252 1966 2318 14.
2017 2250 2121 2319 24.
2162 2257 2337 2319 F·eb1.
2404 2254 2465 2319 5.
2521 2250 2617 2318 14.
2665 2257 2849 2319 Mart.
2918 2256 2979 2319 5.
3014 2253 3133 2317 25.
3183 2252 3363 2334 April.

647 2342 706 2408 4.
773 2343 872 2408 12.
935 2342 1039 2407 31.
1045 2344 1274 2439 Maji,
1339 2338 1402 2406 9.
1450 2340 1555 2405 21.
1595 2342 1784 2417 .Ῑιιιιίἰ,
1869 2343 1931 2408 8.
1990 2341 2085 2406 13.
2135 2342 2233 2409 19.
2281 2344 2459 2419 Julii,
2543 2346 2593 2406 1.
2645 2341 2703 2409 9.
2752 2342 2851 2407 15.
2901 2342 3004 2407 25.
3061 2342 3173 2407 30.
3212 2344 3360 2419 Aug

646 2420 752 2497 20.
787 2432 888 2495 27.
924 2407 1096 2513 Sept.
1149 2430 1206 2497 3.
1240 2431 1456 2495 Octob.
1506 2429 1566 2495 5.
1606 2430 1703 2496 18.
1735 2391 1842 2497 3'.0
1874 2432 2129 2496 Novem.
2186 2432 2289 2498 25.
2330 2434 2614 2496 Decemb.
2706 2433 2868 2497 Nam
2912 2433 2976 2495 id
3012 2429 3364 2514 experentia

646 2524 978 2586 confirmat.

1755 2608 1806 2669 T
1816 2608 1853 2669 h
1867 2628 1900 2669 e
1912 2629 1941 2671 s
1954 2610 1971 2670 i
1986 2628 2015 2671 s
2061 2606 2259 2670 LXX.

819 2699 1026 2760 Motus
1075 2704 1274 2759 autem
1323 2697 1696 2760 universales
1745 2716 1853 2759 seu
1900 2698 2219 2759 admodum
2274 2697 2602 2772 notabileS,
2672 2705 2779 2761 aut
2834 2700 3015 2778 plane
3068 2694 3247 2770 novi,
3294 2712 3357 2755 ex

643 2787 810 2851 coelo
869 2786 1110 2868 quidem
1166 2805 1282 2847 non
1341 2786 1622 2850 videntur
1677 2786 2034 2868 significari;
2098 2807 2230 2849 cum
2278 2784 2575 2850 Saturnus
2642 2795 2705 2850 et
2748 2786 2989 2867 Jupiter
3044 2786 3168 2848 hoc
3215 2799 3354 2846 anno

641 2897 758 2940 non
807 2877 1271 2956 configuremur,
1321 2877 1595 2956 quamvis
1643 2877 1873 2938 coelum
1920 2896 2041 2938 una
2084 2883 2321 2938 tantum
2380 2884 2441 2939 et
2485 2877 2944 2957 generalissima
2998 2895 3196 2940 causa
3239 2873 3355 2952 sig-

643 2985 898 3048 numque
947 2965 1033 3026 sit
1076 2982 1426 3043 magnorum
1473 2973 1760 3028 motuum.

817 3055 972 3116 Nam
1021 3052 1080 3114 in
1129 3053 1305 3114 rebus
1353 3053 1775 3116 sublunaribus
1825 3053 2123 3114 accedunt
2170 3051 2293 3114 alia
2322 3053 2515 3134 magis
2554 3015 2944 3134 particularia
2974 3060 3039 3116 et
3068 3041 3367 3134 genuina,

641 3163 794 3225 quae
855 3140 1206 3223 praevidere
1262 3161 1380 3202 non
1437 3153 1534 3203 est
1590 3142 1902 3220 astrologi.
1981 3140 2412 3204 consideretur
2476 3141 2657 3222 igitur
2710 3143 2813 3204 ille
2861 3143 3090 3204 Terrae
3146 3142 3347 3204 motus.

640 3231 738 3312 qui
785 3229 1076 3310 superiori
1105 3229 1448 3310 Septembri
1495 3231 1636 3292 anni
1689 3227 1877 3294 1601.
1931 3239 2124 3292 totum
2170 3227 2371 3291 Rheni
2419 3238 2679 3292 tractum
2726 3239 2790 3292 et
2824 3231 3053 3294 vicinas
3088 3229 3349 3310 regiones

639 3321 880 3382 insolite
948 3319 1278 3400 quassavit.
1371 3319 1530 3381 Nam
1593 3329 1657 3381 et
1715 3319 2054 3381 Insubriam
2120 3338 2251 3382 eum
2308 3318 2477 3380 aiunt
2540 3319 2823 3384 sensisse.
2918 3319 3093 3382 Haec
3148 3331 3344 3380 moneo

636 3429 754 3472 non
801 3429 878 3470 ex
925 3404 1274 3487 astrologia,
1325 3427 1458 3469 cum
1507 3408 1727 3471 Terrae
1773 3415 1974 3469 motus
2022 3417 2249 3470 astrum
2290 3427 2405 3470 non
2444 3407 2544 3484 sit,
2586 3410 2693 3470 sed
2744 3429 2820 3470 ex
2848 3405 3344 3489 contemplatione

638 3498 872 3569 mundi,
929 3505 995 3559 et
1049 3496 1311 3558 omnium
1367 3505 1729 3577 temporum,
1781 3514 1857 3558 ex
1904 3517 2021 3578 qua
2067 3497 2271 3558 videre
2330 3505 2460 3572 est,
2528 3506 2729 3560 motus
2777 3516 3079 3572 armorum
3124 3495 3340 3560 animo-

635 3607 880 3668 rumque
931 3586 1123 3680 solere
1173 3586 1361 3668 sequi.

1711 3672 1981 3734 Thesis
2028 3671 2260 3736 LXXI.

813 3763 1083 3843 Adjnngi
1149 3781 1226 3822 ex
1285 3741 1620 3842 astrologia
1683 3770 1939 3842 quatuor
1983 3761 2364 3840 potissimum
2410 3768 2685 3840 possunt,
2757 3779 2910 3840 quae
2970 3761 3337 3841 praecipuam

553 3890 570 3898 -
633 3851 858 3914 habent
905 3851 1237 3932 emphasin,
1290 3849 1532 3930 eclipsis
1579 3849 1743 3912 Solis
1789 3849 1851 3913 in
1900 3845 1977 3912 3⁰
2020 3853 2125 3926 ὅ,
2176 3849 2413 3912 sextilis
2461 3849 2709 3914 Saturni
2757 3857 2820 3911 et
2863 3849 3084 3913 Martis
3128 3845 3335 3911 statio-
3448 3864 3453 3872 ⁴

632 3941 812 4016 narii,
865 3941 963 4020 qui
1009 3958 1116 4019 per
1161 3946 1351 4001 totum
1403 3940 1524 3999 fere
1571 3937 1927 4002 Januarium
1975 3945 2039 3999 et
2082 3938 2472 4001 Februarium
2512 3940 2732 4014 durat,
2802 3946 2865 4001 et
2908 3937 3090 4000 Junio
3147 3951 3333 4000 mense

628 4029 990 4092 revertitur:
1042 4027 1381 4106 conjunctio
1429 4027 1602 4089 Jovis
1651 4035 1715 4089 et
1758 4027 1981 4095 Martis
2028 4027 2141 4089 fine
2169 4025 2335 4104 Julii,
2384 4027 2723 4106 conjunctio
2754 4025 3003 4110 Saturni
3041 4037 3105 4088 et
3132 4021 3333 4088 Martis

627 4135 830 4180 mense
879 4116 1247 4196 Septembri.
1339 4115 1624 4191 Primum,
1673 4116 2051 4197 experientia
2096 4125 2357 4178 testatur
2405 4117 2463 4178 in
2509 4135 2730 4196 genere
2778 4117 2971 4178 solere
3015 4136 3149 4178 esse
3168 4121 3327 4178 ‚atto-

627 4207 828 4282 nitos,
898 4206 1156 4288 pavidos
1223 4214 1327 4267 aut
1393 4215 1625 4268 erectos
1691 4205 1750 4268 in
1811 4206 2293 4285 expectationem
2358 4207 2558 4267 rerum
2606 4224 2893 4266 novarum
2940 4204 3169 4267 animos
3230 4197 3325 4262 sub

625 4297 737 4358 has
783 4295 958 4357 binas
1009 4294 1480 4375 conjunctiones,
1575 4292 1746 4365 Quae
1795 4297 1924 4358 res·
1942 4293 2001 4355 in
2046 4293 2350 4356 hominum
2388 4311 2613 4374 magna
2649 4292 3029 4356 multitudine
3072 4311 3183 4356 uno
3211 4289 3323 4352 loco

624 4391 1018 4465 congregata,
1068 4384 1166 4444 vel
1215 4384 1291 4445 ad
1337 4383 1697 4462 patrandum
1745 4383 1998 4464 aliquid,
2047 4383 2145 4444 ιεῙ
2193 4383 2269 4444 ad
2317 4383 2550 4458 clades,
2600 4391 2669 4444 ut
2715 4381 3089 4462 experientia
3132 4375 3326 4443 bellica

621 4481 907 4548 testatur,
959 4491 1244 4552 magnum
1287 4472 1474 4534 habet
1520 4480 1905 4536 momentum.
2000 4471 2220 4534 Incidit
2284 4473 2489 4533 clades
2548 4469 2869 4550 Agriensis
2917 4490 3072 4533 anno
3130 4463 3246 4533 96.
3269 4463 3319 4524 in

625 4563 966 4644 oppositum
1011 4559 1185 4624 Jovis
1221 4569 1298 4624 et
1343 4561 1594 4624 Martis:
1653 4561 1900 4642 nuptiae
1948 4560 2313 4622 Lutetianae
2362 4561 2419 4622 in
2466 4559 2945 4642 conjunctionem
2990 4557 3227 4624 Saturni
3268 4559 3321 4613 et

621 4650 842 4714 Martis
907 4651 1120 4715 itidem
1180 4651 1244 4714 in
1300 4650 1626 4732 Scorpione
1674 4669 1829 4712 anno
1883 4645 2073 4710 1572.
2104 4643 2187 4723 ¹⁵)
2284 4647 2421 4720 Qua
2482 4649 2543 4710 in
2603 4648 3084 4712 consideratione
3138 4639 3317 4730 populi

590 4741 948 4821 magistros
996 4755 1060 4804 et
1105 4751 1370 4805 rectores
1417 4739 1683 4803 exerceri
1728 4738 2005 4822 equidem
2052 4757 2169 4800 non
2216 4737 2426 4801 inutile
2476 4737 2832 4801 existimem.
2924 4739 3083 4803 Nam
3130 4735 3203 4800 ad
3226 4750 3312 4795 re-
