<?xml version="1.0" encoding="UTF-8"?>
<!DOCTYPE html PUBLIC "-//W3C//DTD XHTML 1.0 Transitional//EN"
    "http://www.w3.org/TR/xhtml1/DTD/xhtml1-transitional.dtd">
<html xmlns="http://www.w3.org/1999/xhtml" xml:lang="en" lang="en">
 <head>
  <title>
</title>
<meta http-equiv="Content-Type" content="text/html;charset=utf-8" />
  <meta name='ocr-system' content='tesseract 3.04.00' />
  <meta name='ocr-capabilities' content='ocr_page ocr_carea ocr_par ocr_line ocrx_word'/>
</head>
<body>
  <div class='ocr_page' id='page_1' title='image "./joanniskepleria30frisgoog_0453.png"; bbox 0 0 3634 5575; ppageno 0'>
   <div class='ocr_carea' id='block_1_1' title="bbox 637 357 2235 427">
    <p class='ocr_par' dir='ltr' id='par_1_1' title="bbox 637 357 2235 427">
     <span class='ocr_line' id='line_1_1' title="bbox 637 357 2235 427; baseline -0.006 0"><span class='ocrx_word' id='word_1_1' title='bbox 637 357 772 427; x_wconf 77' lang='lat'><strong>434</strong></span> <span class='ocrx_word' id='word_1_2' title='bbox 1661 395 1668 402; x_wconf 84' lang='lat'>-</span> <span class='ocrx_word' id='word_1_3' title='bbox 1753 361 2235 422; x_wconf 64' lang='lat' dir='ltr'><strong>normam-sn</strong></span> 
     </span>
    </p>
   </div>
   <div class='ocr_carea' id='block_1_2' title="bbox 635 523 3369 1578">
    <p class='ocr_par' dir='ltr' id='par_1_2' title="bbox 635 523 3369 1578">
     <span class='ocr_line' id='line_1_2' title="bbox 1739 523 2251 588; baseline 0.004 -2"><span class='ocrx_word' id='word_1_4' title='bbox 1739 523 2005 587; x_wconf 82' lang='lat' dir='ltr'><strong>Thesis</strong></span> <span class='ocrx_word' id='word_1_5' title='bbox 2050 523 2251 588; x_wconf 83' lang='lat' dir='ltr'><strong>LXII.</strong></span> 
     </span>
     <span class='ocr_line' id='line_1_3' title="bbox 639 608 3367 693; baseline 0 -19"><span class='ocrx_word' id='word_1_6' title='bbox 639 649 646 657; x_wconf 96' lang='lat'>-</span> <span class='ocrx_word' id='word_1_7' title='bbox 815 609 976 674; x_wconf 86' lang='lat' dir='ltr'><strong>Esto</strong></span> <span class='ocrx_word' id='word_1_8' title='bbox 1019 610 1378 691; x_wconf 88' lang='lat' dir='ltr'><strong>principium</strong></span> <span class='ocrx_word' id='word_1_9' title='bbox 1423 610 1654 692; x_wconf 85' lang='lat' dir='ltr'><strong>hyemis</strong></span> <span class='ocrx_word' id='word_1_10' title='bbox 1699 608 1763 674; x_wconf 85' lang='grc'><strong>3.</strong></span> <span class='ocrx_word' id='word_1_11' title='bbox 1809 611 2103 676; x_wconf 89' lang='lat' dir='ltr'><strong>Decemb.</strong></span> <span class='ocrx_word' id='word_1_12' title='bbox 2150 610 2403 693; x_wconf 79' lang='lat' dir='ltr'><strong>ningida</strong></span> <span class='ocrx_word' id='word_1_13' title='bbox 2454 617 2523 674; x_wconf 86' lang='lat' dir='ltr'><strong>et</strong></span> <span class='ocrx_word' id='word_1_14' title='bbox 2566 611 2861 674; x_wconf 87' lang='lat' dir='ltr'><strong>nebulosa</strong></span> <span class='ocrx_word' id='word_1_15' title='bbox 2902 611 3067 686; x_wconf 87' lang='lat' dir='ltr'><strong>dies,</strong></span> <span class='ocrx_word' id='word_1_16' title='bbox 3126 619 3197 673; x_wconf 84' lang='lat' dir='ltr'><strong>at</strong></span> <span class='ocrx_word' id='word_1_17' title='bbox 3240 627 3367 674; x_wconf 82' lang='lat' dir='ltr'><strong>nou</strong></span> 
     </span>
     <span class='ocr_line' id='line_1_4' title="bbox 640 698 3369 782; baseline -0.001 -18"><span class='ocrx_word' id='word_1_18' title='bbox 640 700 962 764; x_wconf 79' lang='lat' dir='ltr'><strong>admodum</strong></span> <span class='ocrx_word' id='word_1_19' title='bbox 1009 699 1248 779; x_wconf 81' lang='lat' dir='ltr'><strong>frigida.</strong></span> <span class='ocrx_word' id='word_1_20' title='bbox 1340 699 1439 761; x_wconf 85' lang='lat' dir='ltr'><strong>Ex</strong></span> <span class='ocrx_word' id='word_1_21' title='bbox 1481 717 1556 760; x_wconf 93' lang='lat' dir='ltr'><strong>eo</strong></span> <span class='ocrx_word' id='word_1_22' title='bbox 1603 701 1936 777; x_wconf 87' lang='lat' dir='ltr'><strong>serenitas,</strong></span> <span class='ocrx_word' id='word_1_23' title='bbox 1994 700 2445 782; x_wconf 77' lang='lat' dir='ltr'><strong>quiescentibus</strong></span> <span class='ocrx_word' id='word_1_24' title='bbox 2490 699 2875 780; x_wconf 87' lang='lat' dir='ltr'><strong>aspectibus;</strong></span> <span class='ocrx_word' id='word_1_25' title='bbox 2932 708 3001 762; x_wconf 91' lang='lat' dir='ltr'><strong>et</strong></span> <span class='ocrx_word' id='word_1_26' title='bbox 3052 717 3161 778; x_wconf 87' lang='lat' dir='ltr'><strong>per</strong></span> <span class='ocrx_word' id='word_1_27' title='bbox 3204 698 3369 762; x_wconf 81' lang='lat' dir='ltr'><strong>hanc</strong></span> 
     </span>
     <span class='ocr_line' id='line_1_5' title="bbox 641 785 3364 870; baseline -0 -19"><span class='ocrx_word' id='word_1_28' title='bbox 641 789 906 870; x_wconf 85' lang='lat' dir='ltr'><strong>quietem</strong></span> <span class='ocrx_word' id='word_1_29' title='bbox 953 787 1141 869; x_wconf 81' lang='lat' dir='ltr'><strong>frigus</strong></span> <span class='ocrx_word' id='word_1_30' title='bbox 1180 788 1430 867; x_wconf 89' lang='lat' dir='ltr'><strong>justum.</strong></span> <span class='ocrx_word' id='word_1_31' title='bbox 1497 785 1895 858; x_wconf 85' lang='lat' dir='ltr'><strong>Quindecimo</strong></span> <span class='ocrx_word' id='word_1_32' title='bbox 1920 787 2044 853; x_wconf 87' lang='lat' dir='ltr'><strong>nix.</strong></span> <span class='ocrx_word' id='word_1_33' title='bbox 2114 792 2205 854; x_wconf 87' lang='lat' dir='ltr'><strong>At</strong></span> <span class='ocrx_word' id='word_1_34' title='bbox 2232 806 2350 852; x_wconf 85' lang='lat' dir='ltr'><strong>non</strong></span> <span class='ocrx_word' id='word_1_35' title='bbox 2378 795 2669 850; x_wconf 76' lang='lat' dir='ltr'><strong>constans</strong></span> <span class='ocrx_word' id='word_1_36' title='bbox 2704 788 3123 852; x_wconf 85' lang='lat' dir='ltr'><strong>decimo·nono</strong></span> <span class='ocrx_word' id='word_1_37' title='bbox 3152 786 3364 869; x_wconf 73' lang='lat' dir='ltr'><strong>frigus,</strong></span> 
     </span>
     <span class='ocr_line' id='line_1_6' title="bbox 639 875 3365 950; baseline -0 -9"><span class='ocrx_word' id='word_1_38' title='bbox 639 878 752 941; x_wconf 90' lang='lat' dir='ltr'><strong>sed</strong></span> <span class='ocrx_word' id='word_1_39' title='bbox 795 877 965 940; x_wconf 81' lang='lat' dir='ltr'><strong>venti</strong></span> <span class='ocrx_word' id='word_1_40' title='bbox 1009 875 1316 940; x_wconf 82' lang='lat' dir='ltr'><strong>manifesti</strong></span> <span class='ocrx_word' id='word_1_41' title='bbox 1361 884 1428 938; x_wconf 88' lang='lat' dir='ltr'><strong>et</strong></span> <span class='ocrx_word' id='word_1_42' title='bbox 1469 876 1672 940; x_wconf 83' lang='lat' dir='ltr'><strong>nimbi.</strong></span> <span class='ocrx_word' id='word_1_43' title='bbox 1764 877 2022 941; x_wconf 87' lang='lat' dir='ltr'><strong>Natalia</strong></span> <span class='ocrx_word' id='word_1_44' title='bbox 2076 878 2355 942; x_wconf 77' lang='lat' dir='ltr'><strong>sextilem</strong></span> <span class='ocrx_word' id='word_1_45' title='bbox 2410 877 2641 940; x_wconf 85' lang='lat' dir='ltr'><strong>habe&#39;nt</strong></span> <span class='ocrx_word' id='word_1_46' title='bbox 2694 876 2947 940; x_wconf 83' lang='lat' dir='ltr'><strong>Saturni</strong></span> <span class='ocrx_word' id='word_1_47' title='bbox 2998 883 3067 938; x_wconf 88' lang='lat' dir='ltr'><strong>et</strong></span> <span class='ocrx_word' id='word_1_48' title='bbox 3116 876 3365 950; x_wconf 78' lang='lat' dir='ltr'><strong>Martis,</strong></span> 
     </span>
     <span class='ocr_line' id='line_1_7' title="bbox 641 964 3367 1049; baseline -0 -21"><span class='ocrx_word' id='word_1_49' title='bbox 641 968 744 1047; x_wconf 89' lang='lat' dir='ltr'><strong>qui</strong></span> <span class='ocrx_word' id='word_1_50' title='bbox 785 967 980 1049; x_wconf 80' lang='lat' dir='ltr'><strong>frigus</strong></span> <span class='ocrx_word' id='word_1_51' title='bbox 1025 965 1432 1041; x_wconf 82' lang='lat' dir='ltr'><strong>confirmabit3</strong></span> <span class='ocrx_word' id='word_1_52' title='bbox 1479 965 1618 1028; x_wconf 88' lang='lat' dir='ltr'><strong>iude</strong></span> <span class='ocrx_word' id='word_1_53' title='bbox 1667 966 1907 1029; x_wconf 83' lang='lat' dir='ltr'><strong>sextilis</strong></span> <span class='ocrx_word' id='word_1_54' title='bbox 1952 967 2213 1030; x_wconf 87' lang='lat' dir='ltr'><strong>Veneris</strong></span> <span class='ocrx_word' id='word_1_55' title='bbox 2262 973 2325 1028; x_wconf 90' lang='lat' dir='ltr'><strong>et</strong></span> <span class='ocrx_word' id='word_1_56' title='bbox 2368 965 2657 1030; x_wconf 80' lang='lat' dir='ltr'><strong>Mercurii</strong></span> <span class='ocrx_word' id='word_1_57' title='bbox 2700 966 2900 1030; x_wconf 86' lang='lat' dir='ltr'><strong>nivem</strong></span> <span class='ocrx_word' id='word_1_58' title='bbox 2928 964 3367 1048; x_wconf 73' lang='lat' dir='ltr'><strong>snper-injiciet.</strong></span> 
     </span>
     <span class='ocr_line' id='line_1_8' title="bbox 1731 1055 2273 1118; baseline 0.006 -3"><span class='ocrx_word' id='word_1_59' title='bbox 1731 1055 1993 1118; x_wconf 88' lang='lat' dir='ltr'><strong>Thesis</strong></span> <span class='ocrx_word' id='word_1_60' title='bbox 2040 1055 2273 1118; x_wconf 86' lang='lat' dir='ltr'>LXIII.</span> 
     </span>
     <span class='ocr_line' id='line_1_9' title="bbox 819 1140 3363 1225; baseline -0 -20"><span class='ocrx_word' id='word_1_61' title='bbox 819 1140 1340 1222; x_wconf 79' lang='lat' dir='ltr'><strong>configurationes</strong></span> <span class='ocrx_word' id='word_1_62' title='bbox 1387 1142 1597 1206; x_wconf 85' lang='lat' dir='ltr'><strong>Lunae</strong></span> <span class='ocrx_word' id='word_1_63' title='bbox 1652 1161 1790 1206; x_wconf 87' lang='lat' dir='ltr'><strong>cum</strong></span> <span class='ocrx_word' id='word_1_64' title='bbox 1846 1145 2115 1225; x_wconf 81' lang='lat' dir='ltr'><strong>planetis</strong></span> <span class='ocrx_word' id='word_1_65' title='bbox 2169 1145 2247 1206; x_wconf 93' lang='lat' dir='ltr'><strong>ob</strong></span> <span class='ocrx_word' id='word_1_66' title='bbox 2294 1162 2541 1208; x_wconf 83' lang='lat' dir='ltr'><strong>causam</strong></span> <span class='ocrx_word' id='word_1_67' title='bbox 2596 1142 3009 1222; x_wconf 72' lang='lat' dir='ltr'><strong>supradictam</strong></span> <span class='ocrx_word' id='word_1_68' title='bbox 3052 1141 3363 1221; x_wconf 83' lang='lat' dir='ltr'><strong>praeterii.</strong></span> 
     </span>
     <span class='ocr_line' id='line_1_10' title="bbox 637 1230 3365 1312; baseline -0.001 -18"><span class='ocrx_word' id='word_1_69' title='bbox 637 1233 730 1294; x_wconf 81' lang='lat' dir='ltr'><strong>At</strong></span> <span class='ocrx_word' id='word_1_70' title='bbox 783 1249 898 1293; x_wconf 90' lang='lat' dir='ltr'><strong>non</strong></span> <span class='ocrx_word' id='word_1_71' title='bbox 955 1238 1160 1293; x_wconf 81' lang='lat' dir='ltr'><strong>tamen</strong></span> <span class='ocrx_word' id='word_1_72' title='bbox 1216 1230 1586 1294; x_wconf 85' lang='lat' dir='ltr'><strong>omittendus</strong></span> <span class='ocrx_word' id='word_1_73' title='bbox 1627 1238 1728 1294; x_wconf 87' lang='lat' dir='ltr'><strong>est</strong></span> <span class='ocrx_word' id='word_1_74' title='bbox 1781 1231 1861 1294; x_wconf 90' lang='lat' dir='ltr'><strong>ob</strong></span> <span class='ocrx_word' id='word_1_75' title='bbox 1906 1251 2127 1296; x_wconf 87' lang='lat' dir='ltr'><strong>causas</strong></span> <span class='ocrx_word' id='word_1_76' title='bbox 2172 1231 2384 1296; x_wconf 86' lang='lat' dir='ltr'><strong>itidem</strong></span> <span class='ocrx_word' id='word_1_77' title='bbox 2440 1231 2781 1312; x_wconf 83' lang='lat' dir='ltr'><strong>explicatas</strong></span> <span class='ocrx_word' id='word_1_78' title='bbox 2856 1230 3173 1312; x_wconf 87' lang='lat' dir='ltr'><strong>eclipticus</strong></span> <span class='ocrx_word' id='word_1_79' title='bbox 3230 1230 3365 1311; x_wconf 82' lang='lat' dir='ltr'><strong>ejus</strong></span> 
     </span>
     <span class='ocr_line' id='line_1_11' title="bbox 635 1317 3367 1402; baseline -0.001 -20"><span class='ocrx_word' id='word_1_80' title='bbox 635 1339 772 1382; x_wconf 89' lang='lat' dir='ltr'><strong>cum</strong></span> <span class='ocrx_word' id='word_1_81' title='bbox 818 1318 962 1382; x_wconf 89' lang='lat' dir='ltr'><strong>Sole</strong></span> <span class='ocrx_word' id='word_1_82' title='bbox 1021 1337 1384 1399; x_wconf 84' lang='lat' dir='ltr'><strong>congressus</strong></span> <span class='ocrx_word' id='word_1_83' title='bbox 1439 1329 1582 1382; x_wconf 87' lang='lat' dir='ltr'><strong>ante</strong></span> <span class='ocrx_word' id='word_1_84' title='bbox 1637 1320 1818 1383; x_wconf 80' lang='lat' dir='ltr'><strong>futuri</strong></span> <span class='ocrx_word' id='word_1_85' title='bbox 1878 1322 2019 1384; x_wconf 89' lang='lat' dir='ltr'><strong>anni</strong></span> <span class='ocrx_word' id='word_1_86' title='bbox 2065 1321 2455 1402; x_wconf 82' lang='lat' dir='ltr'><strong>principium:</strong></span> <span class='ocrx_word' id='word_1_87' title='bbox 2512 1327 2581 1382; x_wconf 89' lang='lat' dir='ltr'><strong>ut</strong></span> <span class='ocrx_word' id='word_1_88' title='bbox 2634 1327 2701 1382; x_wconf 90' lang='lat' dir='ltr'><strong>et</strong></span> <span class='ocrx_word' id='word_1_89' title='bbox 2744 1321 2987 1400; x_wconf 78' lang='lat' dir='ltr'><strong>gemina</strong></span> <span class='ocrx_word' id='word_1_90' title='bbox 3030 1317 3367 1400; x_wconf 70' lang='lat' dir='ltr'><strong>plenilunio.</strong></span> 
     </span>
     <span class='ocr_line' id='line_1_12' title="bbox 637 1404 3368 1489; baseline 0 -19"><span class='ocrx_word' id='word_1_91' title='bbox 637 1408 920 1487; x_wconf 83' lang='lat' dir='ltr'><strong>ecliptica</strong></span> <span class='ocrx_word' id='word_1_92' title='bbox 965 1408 1022 1470; x_wconf 92' lang='lat' dir='ltr'><strong>in</strong></span> <span class='ocrx_word' id='word_1_93' title='bbox 1072 1409 1223 1471; x_wconf 85' lang='lat' dir='ltr'><strong>locis</strong></span> <span class='ocrx_word' id='word_1_94' title='bbox 1269 1409 1421 1471; x_wconf 89' lang='lat' dir='ltr'><strong>coeli</strong></span> <span class='ocrx_word' id='word_1_95' title='bbox 1467 1409 1796 1488; x_wconf 88' lang='lat' dir='ltr'><strong>oppositis,</strong></span> <span class='ocrx_word' id='word_1_96' title='bbox 1864 1411 2120 1474; x_wconf 87' lang='lat' dir='ltr'><strong>alterum</strong></span> <span class='ocrx_word' id='word_1_97' title='bbox 2164 1409 2225 1474; x_wconf 90' lang='lat' dir='ltr'><strong>in</strong></span> <span class='ocrx_word' id='word_1_98' title='bbox 2279 1404 2396 1472; x_wconf 83' lang='lat'><strong>17⁰</strong></span> <span class='ocrx_word' id='word_1_99' title='bbox 2430 1405 2541 1474; x_wconf 78' lang='lat'><strong>48‘</strong></span> <span class='ocrx_word' id='word_1_100' title='bbox 2586 1413 2679 1483; x_wconf 87' lang='lat' dir='ltr'><strong>H,</strong></span> <span class='ocrx_word' id='word_1_101' title='bbox 2744 1409 2915 1489; x_wconf 89' lang='lat' dir='ltr'><strong>cujus</strong></span> <span class='ocrx_word' id='word_1_102' title='bbox 2970 1409 3209 1472; x_wconf 87' lang='lat' dir='ltr'><strong>initium</strong></span> <span class='ocrx_word' id='word_1_103' title='bbox 3250 1425 3368 1488; x_wconf 87' lang='lat' dir='ltr'><strong>per</strong></span> 
     </span>
     <span class='ocr_line' id='line_1_13' title="bbox 637 1493 3364 1578; baseline 0 -20"><span class='ocrx_word' id='word_1_104' title='bbox 637 1497 1126 1560; x_wconf 85' lang='lat' dir='ltr'><strong>observationem</strong></span> <span class='ocrx_word' id='word_1_105' title='bbox 1169 1495 1266 1558; x_wconf 89' lang='lat' dir='ltr'><strong>hic</strong></span> <span class='ocrx_word' id='word_1_106' title='bbox 1312 1497 1550 1578; x_wconf 78' lang='lat' dir='ltr'><strong>Ptagae</strong></span> <span class='ocrx_word' id='word_1_107' title='bbox 1593 1498 1905 1562; x_wconf 86' lang='lat' dir='ltr'><strong>inventum</strong></span> <span class='ocrx_word' id='word_1_108' title='bbox 1949 1496 2013 1564; x_wconf 92' lang='grc'><strong>9.</strong></span> <span class='ocrx_word' id='word_1_109' title='bbox 2058 1497 2348 1562; x_wconf 88' lang='lat' dir='ltr'><strong>Decemb.</strong></span> <span class='ocrx_word' id='word_1_110' title='bbox 2400 1499 2553 1560; x_wconf 86' lang='lat' dir='ltr'><strong>hora</strong></span> <span class='ocrx_word' id='word_1_111' title='bbox 2585 1497 2650 1562; x_wconf 80' lang='lat'><strong>5.</strong></span> <span class='ocrx_word' id='word_1_112' title='bbox 2688 1517 2769 1560; x_wconf 90' lang='lat' dir='ltr'><strong>m.</strong></span> <span class='ocrx_word' id='word_1_113' title='bbox 2810 1497 2895 1572; x_wconf 83' lang='grc'><strong>7.,</strong></span> <span class='ocrx_word' id='word_1_114' title='bbox 2936 1496 3073 1562; x_wconf 83' lang='lat' dir='ltr'><strong>finis</strong></span> <span class='ocrx_word' id='word_1_115' title='bbox 3109 1496 3258 1560; x_wconf 87' lang='lat' dir='ltr'><strong>hora</strong></span> <span class='ocrx_word' id='word_1_116' title='bbox 3294 1493 3364 1560; x_wconf 85' lang='lat'><strong>8.</strong></span> 
     </span>
    </p>
   </div>
   <div class='ocr_carea' id='block_1_3' title="bbox 511 1579 3365 1670">
    <p class='ocr_par' dir='ltr' id='par_1_3' title="bbox 511 1579 3365 1670">
     <span class='ocr_line' id='line_1_14' title="bbox 511 1579 3365 1670; baseline 0 -23"><span class='ocrx_word' id='word_1_117' title='bbox 511 1649 516 1656; x_wconf 68' lang='grc'>,</span> <span class='ocrx_word' id='word_1_118' title='bbox 635 1605 716 1649; x_wconf 93' lang='lat' dir='ltr'><strong>m.</strong></span> <span class='ocrx_word' id='word_1_119' title='bbox 765 1581 872 1648; x_wconf 88' lang='lat'><strong>33.</strong></span> <span class='ocrx_word' id='word_1_120' title='bbox 921 1603 1102 1666; x_wconf 88' lang='lat' dir='ltr'><strong>quam</strong></span> <span class='ocrx_word' id='word_1_121' title='bbox 1145 1585 1416 1665; x_wconf 83' lang='lat' dir='ltr'><strong>proxime</strong></span> <span class='ocrx_word' id='word_1_122' title='bbox 1462 1585 1542 1648; x_wconf 83' lang='lat' dir='ltr'><strong>ad</strong></span> <span class='ocrx_word' id='word_1_123' title='bbox 1588 1586 1884 1650; x_wconf 90' lang='lat' dir='ltr'><strong>calculum</strong></span> <span class='ocrx_word' id='word_1_124' title='bbox 1912 1587 2211 1670; x_wconf 85' lang='lat' dir='ltr'><strong>Tychonis</strong></span> <span class='ocrx_word' id='word_1_125' title='bbox 2258 1587 2588 1650; x_wconf 82' lang='lat' dir='ltr'><strong>accedens:</strong></span> <span class='ocrx_word' id='word_1_126' title='bbox 2634 1586 2891 1650; x_wconf 88' lang='lat' dir='ltr'><strong>alterum</strong></span> <span class='ocrx_word' id='word_1_127' title='bbox 2918 1579 2981 1648; x_wconf 82' lang='lat'><strong>4.</strong></span> <span class='ocrx_word' id='word_1_128' title='bbox 3010 1585 3195 1648; x_wconf 87' lang='lat' dir='ltr'><strong>Junii&#39;</strong></span> <span class='ocrx_word' id='word_1_129' title='bbox 3216 1603 3365 1648; x_wconf 81' lang='lat' dir='ltr'><strong>anm</strong></span> 
     </span>
    </p>
   </div>
   <div class='ocr_carea' id='block_1_4' title="bbox 583 1669 3364 3267">
    <p class='ocr_par' dir='ltr' id='par_1_4' title="bbox 583 1669 3364 3267">
     <span class='ocr_line' id='line_1_15' title="bbox 643 1669 3364 1756; baseline -0.001 -18"><span class='ocrx_word' id='word_1_130' title='bbox 643 1670 833 1738; x_wconf 92' lang='grc'><strong>1602.</strong></span> <span class='ocrx_word' id='word_1_131' title='bbox 902 1674 966 1736; x_wconf 88' lang='lat' dir='ltr'><strong>in</strong></span> <span class='ocrx_word' id='word_1_132' title='bbox 1029 1669 1146 1738; x_wconf 85' lang='lat'><strong>13⁰</strong></span> <span class='ocrx_word' id='word_1_133' title='bbox 1203 1669 1312 1738; x_wconf 77' lang='lat'><strong>32‘</strong></span> <span class='ocrx_word' id='word_1_134' title='bbox 1367 1679 1460 1751; x_wconf 52' lang='lat' dir='ltr'><strong>z,</strong></span> <span class='ocrx_word' id='word_1_135' title='bbox 1525 1675 1696 1755; x_wconf 88' lang='lat' dir='ltr'><strong>cujus</strong></span> <span class='ocrx_word' id='word_1_136' title='bbox 1749 1675 1985 1738; x_wconf 89' lang='lat' dir='ltr'><strong>initium</strong></span> <span class='ocrx_word' id='word_1_137' title='bbox 2042 1676 2195 1739; x_wconf 84' lang='lat' dir='ltr'><strong>hora</strong></span> <span class='ocrx_word' id='word_1_138' title='bbox 2247 1672 2311 1739; x_wconf 88' lang='grc'><strong>4.</strong></span> <span class='ocrx_word' id='word_1_139' title='bbox 2366 1695 2457 1750; x_wconf 64' lang='grc' dir='ltr'><strong>ω.</strong></span> <span class='ocrx_word' id='word_1_140' title='bbox 2504 1672 2611 1738; x_wconf 88' lang='grc'><strong>52.</strong></span> <span class='ocrx_word' id='word_1_141' title='bbox 2676 1683 2819 1756; x_wconf 91' lang='lat' dir='ltr'><strong>post</strong></span> <span class='ocrx_word' id='word_1_142' title='bbox 2874 1674 3187 1738; x_wconf 78' lang='lat' dir='ltr'><strong>meridiem</strong></span> <span class='ocrx_word' id='word_1_143' title='bbox 3244 1673 3364 1738; x_wconf 84' lang='lat' dir='ltr'><strong>sub</strong></span> 
     </span>
     <span class='ocr_line' id='line_1_16' title="bbox 635 1758 3363 1843; baseline 0.001 -19"><span class='ocrx_word' id='word_1_144' title='bbox 635 1763 847 1824; x_wconf 88' lang='lat' dir='ltr'><strong>Terra.</strong></span> <span class='ocrx_word' id='word_1_145' title='bbox 924 1759 1172 1826; x_wconf 86' lang='lat' dir='ltr'><strong>Orietur</strong></span> <span class='ocrx_word' id='word_1_146' title='bbox 1215 1769 1350 1826; x_wconf 86' lang='lat' dir='ltr'><strong>tota</strong></span> <span class='ocrx_word' id='word_1_147' title='bbox 1395 1764 1454 1824; x_wconf 93' lang='lat' dir='ltr'><strong>in</strong></span> <span class='ocrx_word' id='word_1_148' title='bbox 1501 1763 1798 1826; x_wconf 86' lang='lat' dir='ltr'><strong>tenebris:</strong></span> <span class='ocrx_word' id='word_1_149' title='bbox 1855 1763 1990 1827; x_wconf 89' lang='lat' dir='ltr'><strong>finis</strong></span> <span class='ocrx_word' id='word_1_150' title='bbox 2044 1765 2197 1827; x_wconf 87' lang='lat' dir='ltr'><strong>hora</strong></span> <span class='ocrx_word' id='word_1_151' title='bbox 2238 1762 2302 1828; x_wconf 89' lang='grc'><strong>9.</strong></span> <span class='ocrx_word' id='word_1_152' title='bbox 2352 1783 2433 1828; x_wconf 89' lang='lat' dir='ltr'><strong>m.</strong></span> <span class='ocrx_word' id='word_1_153' title='bbox 2480 1758 2546 1826; x_wconf 88' lang='grc'><strong>6.</strong></span> <span class='ocrx_word' id='word_1_154' title='bbox 2616 1762 2881 1843; x_wconf 88' lang='lat' dir='ltr'><strong>Eclipsis</strong></span> <span class='ocrx_word' id='word_1_155' title='bbox 2926 1782 3071 1826; x_wconf 87' lang='lat' dir='ltr'><strong>vero</strong></span> <span class='ocrx_word' id='word_1_156' title='bbox 3118 1761 3363 1826; x_wconf 81' lang='lat' dir='ltr'><strong>Solaris</strong></span> 
     </span>
     <span class='ocr_line' id='line_1_17' title="bbox 633 1847 3357 1917; baseline 0 -3"><span class='ocrx_word' id='word_1_157' title='bbox 633 1851 870 1914; x_wconf 88' lang='lat' dir='ltr'><strong>initium</strong></span> <span class='ocrx_word' id='word_1_158' title='bbox 925 1850 1244 1914; x_wconf 75' lang='lat' dir='ltr'><strong>observavi</strong></span> <span class='ocrx_word' id='word_1_159' title='bbox 1303 1850 1364 1914; x_wconf 85' lang='lat' dir='ltr'><strong>d.</strong></span> <span class='ocrx_word' id='word_1_160' title='bbox 1412 1847 1520 1915; x_wconf 91' lang='grc'><strong>24.</strong></span> <span class='ocrx_word' id='word_1_161' title='bbox 1569 1851 1716 1916; x_wconf 89' lang='lat' dir='ltr'><strong>Dec.</strong></span> <span class='ocrx_word' id='word_1_162' title='bbox 1763 1852 1915 1915; x_wconf 85' lang='lat' dir='ltr'><strong>hora</strong></span> <span class='ocrx_word' id='word_1_163' title='bbox 1966 1852 2021 1916; x_wconf 88' lang='lat'><strong>1.</strong></span> <span class='ocrx_word' id='word_1_164' title='bbox 2076 1873 2157 1916; x_wconf 92' lang='lat' dir='ltr'><strong>m.</strong></span> <span class='ocrx_word' id='word_1_165' title='bbox 2214 1851 2345 1917; x_wconf 62' lang='lat'><strong>17:</strong></span> <span class='ocrx_word' id='word_1_166' title='bbox 2392 1853 2659 1915; x_wconf 88' lang='lat' dir='ltr'><strong>Medium</strong></span> <span class='ocrx_word' id='word_1_167' title='bbox 2714 1853 2862 1916; x_wconf 89' lang='lat' dir='ltr'><strong>hora</strong></span> <span class='ocrx_word' id='word_1_168' title='bbox 2916 1849 2979 1915; x_wconf 82' lang='lat'><strong>2.</strong></span> <span class='ocrx_word' id='word_1_169' title='bbox 3028 1871 3111 1913; x_wconf 89' lang='lat' dir='ltr'><strong>m.</strong></span> <span class='ocrx_word' id='word_1_170' title='bbox 3156 1848 3247 1915; x_wconf 85' lang='lat'><strong>42</strong></span> <span class='ocrx_word' id='word_1_171' title='bbox 3296 1851 3357 1914; x_wconf 90' lang='lat' dir='ltr'><strong>in</strong></span> 
     </span>
     <span class='ocr_line' id='line_1_18' title="bbox 635 1935 3359 2022; baseline -0.001 -19"><span class='ocrx_word' id='word_1_172' title='bbox 635 1935 716 2003; x_wconf 81' lang='lat'><strong>2⁰</strong></span> <span class='ocrx_word' id='word_1_173' title='bbox 759 1936 868 2002; x_wconf 78' lang='lat'><strong>53¹</strong></span> <span class='ocrx_word' id='word_1_174' title='bbox 895 1946 1016 2018; x_wconf 53' lang='lat'><strong>76.</strong></span> <span class='ocrx_word' id='word_1_175' title='bbox 1107 1939 1452 2020; x_wconf 82' lang='lat' dir='ltr'><strong>Digitorum</strong></span> <span class='ocrx_word' id='word_1_176' title='bbox 1517 1937 1597 2005; x_wconf 89' lang='grc'><strong>10</strong></span> <span class='ocrx_word' id='word_1_177' title='bbox 1650 1961 1692 2004; x_wconf 89' lang='lat' dir='ltr'><strong>a</strong></span> <span class='ocrx_word' id='word_1_178' title='bbox 1743 1942 2177 2022; x_wconf 76' lang='lat' dir='ltr'><strong>septentrione.</strong></span> <span class='ocrx_word' id='word_1_179' title='bbox 2254 1941 2495 2004; x_wconf 82' lang='lat' dir='ltr'><strong>Occidit</strong></span> <span class='ocrx_word' id='word_1_180' title='bbox 2538 1939 2649 2003; x_wconf 91' lang='lat' dir='ltr'><strong>Sol</strong></span> <span class='ocrx_word' id='word_1_181' title='bbox 2710 1949 2853 2004; x_wconf 80' lang='lat' dir='ltr'><strong>ante</strong></span> <span class='ocrx_word' id='word_1_182' title='bbox 2898 1941 3099 2004; x_wconf 79' lang='lat' dir='ltr'><strong>finem.</strong></span> <span class='ocrx_word' id='word_1_183' title='bbox 3181 1941 3359 2004; x_wconf 78' lang='lat' dir='ltr'><strong>Haec</strong></span> 
     </span>
     <span class='ocr_line' id='line_1_19' title="bbox 635 2027 3355 2112; baseline -0.001 -20"><span class='ocrx_word' id='word_1_184' title='bbox 635 2028 878 2109; x_wconf 87' lang='lat' dir='ltr'><strong>eclipsis</strong></span> <span class='ocrx_word' id='word_1_185' title='bbox 923 2027 1212 2092; x_wconf 88' lang='lat' dir='ltr'><strong>notabilis</strong></span> <span class='ocrx_word' id='word_1_186' title='bbox 1261 2028 1580 2092; x_wconf 84' lang='lat' dir='ltr'><strong>admodum</strong></span> <span class='ocrx_word' id='word_1_187' title='bbox 1627 2037 1753 2092; x_wconf 87' lang='lat' dir='ltr'><strong>est:</strong></span> <span class='ocrx_word' id='word_1_188' title='bbox 1819 2049 2003 2110; x_wconf 88' lang='lat' dir='ltr'><strong>quare</strong></span> <span class='ocrx_word' id='word_1_189' title='bbox 2060 2031 2115 2092; x_wconf 89' lang='lat' dir='ltr'><strong>si</strong></span> <span class='ocrx_word' id='word_1_190' title='bbox 2171 2031 2313 2112; x_wconf 92' lang='lat' dir='ltr'><strong>quid</strong></span> <span class='ocrx_word' id='word_1_191' title='bbox 2370 2029 2629 2112; x_wconf 84' lang='lat' dir='ltr'><strong>eclipses</strong></span> <span class='ocrx_word' id='word_1_192' title='bbox 2674 2039 2957 2110; x_wconf 88' lang='lat' dir='ltr'><strong>possunt,</strong></span> <span class='ocrx_word' id='word_1_193' title='bbox 3020 2029 3199 2092; x_wconf 84' lang='lat' dir='ltr'><strong>valde</strong></span> <span class='ocrx_word' id='word_1_194' title='bbox 3252 2029 3355 2091; x_wconf 90' lang='lat' dir='ltr'><strong>in-</strong></span> 
     </span>
     <span class='ocr_line' id='line_1_20' title="bbox 629 2117 3355 2199; baseline -0.001 -19"><span class='ocrx_word' id='word_1_195' title='bbox 629 2117 844 2198; x_wconf 79' lang='lat' dir='ltr'><strong>·sigues</strong></span> <span class='ocrx_word' id='word_1_196' title='bbox 891 2117 1142 2181; x_wconf 86' lang='lat' dir='ltr'><strong>habebit</strong></span> <span class='ocrx_word' id='word_1_197' title='bbox 1183 2117 1454 2190; x_wconf 81' lang='lat' dir='ltr'><strong>effectus,</strong></span> <span class='ocrx_word' id='word_1_198' title='bbox 1499 2118 1562 2180; x_wconf 92' lang='lat' dir='ltr'><strong>in</strong></span> <span class='ocrx_word' id='word_1_199' title='bbox 1607 2119 2021 2199; x_wconf 69' lang='lat' dir='ltr'><strong>septentrione</strong></span> <span class='ocrx_word' id='word_1_200' title='bbox 2068 2119 2419 2198; x_wconf 87' lang='lat' dir='ltr'><strong>praecipue;</strong></span> <span class='ocrx_word' id='word_1_201' title='bbox 2468 2118 2569 2180; x_wconf 91' lang='lat' dir='ltr'><strong>ubi</strong></span> <span class='ocrx_word' id='word_1_202' title='bbox 2614 2125 2683 2180; x_wconf 89' lang='lat' dir='ltr'><strong>et</strong></span> <span class='ocrx_word' id='word_1_203' title='bbox 2740 2118 3011 2182; x_wconf 83' lang='lat' dir='ltr'><strong>maxima</strong></span> <span class='ocrx_word' id='word_1_204' title='bbox 3048 2117 3355 2199; x_wconf 86' lang='lat' dir='ltr'><strong>apparuit.</strong></span> 
     </span>
     <span class='ocr_line' id='line_1_21' title="bbox 630 2205 3359 2288; baseline 0 -20"><span class='ocrx_word' id='word_1_205' title='bbox 630 2207 734 2268; x_wconf 81' lang='lat' dir='ltr'><strong>An</strong></span> <span class='ocrx_word' id='word_1_206' title='bbox 780 2213 984 2270; x_wconf 90' lang='lat' dir='ltr'><strong>autem</strong></span> <span class='ocrx_word' id='word_1_207' title='bbox 1003 2253 1021 2283; x_wconf 87' lang='lat'><strong><em>‚</em></strong></span> <span class='ocrx_word' id='word_1_208' title='bbox 1087 2214 1152 2268; x_wconf 92' lang='lat' dir='ltr'><strong>et</strong></span> <span class='ocrx_word' id='word_1_209' title='bbox 1213 2207 1508 2285; x_wconf 86' lang='lat' dir='ltr'><strong>quomodo</strong></span> <span class='ocrx_word' id='word_1_210' title='bbox 1574 2206 1941 2287; x_wconf 86' lang='lat' dir='ltr'><strong>dispositura</strong></span> <span class='ocrx_word' id='word_1_211' title='bbox 1998 2205 2083 2270; x_wconf 87' lang='lat' dir='ltr'><strong>sit</strong></span> <span class='ocrx_word' id='word_1_212' title='bbox 2138 2209 2553 2288; x_wconf 76' lang='lat' dir='ltr'><strong>insequentem</strong></span> <span class='ocrx_word' id='word_1_213' title='bbox 2600 2225 2823 2269; x_wconf 88' lang='lat' dir='ltr'><strong>annum</strong></span> <span class='ocrx_word' id='word_1_214' title='bbox 2842 2253 2861 2282; x_wconf 91' lang='lat'><strong>,</strong></span> <span class='ocrx_word' id='word_1_215' title='bbox 2920 2205 3359 2288; x_wconf 83' lang='lat' dir='ltr'><strong>incompertum</strong></span> 
     </span>
     <span class='ocr_line' id='line_1_22' title="bbox 631 2292 3357 2376; baseline 0 -18"><span class='ocrx_word' id='word_1_216' title='bbox 631 2302 800 2376; x_wconf 89' lang='lat' dir='ltr'><strong>puto.</strong></span> <span class='ocrx_word' id='word_1_217' title='bbox 892 2295 1050 2358; x_wconf 83' lang='lat' dir='ltr'><strong>Nam</strong></span> <span class='ocrx_word' id='word_1_218' title='bbox 1091 2294 1428 2357; x_wconf 76' lang='lat' dir='ltr'><strong>Ptolemaei</strong></span> <span class='ocrx_word' id='word_1_219' title='bbox 1455 2292 1804 2375; x_wconf 80' lang='lat' dir='ltr'><strong>&#39;praecepta</strong></span> <span class='ocrx_word' id='word_1_220' title='bbox 1848 2294 2079 2357; x_wconf 88' lang='lat' dir='ltr'><strong>lubrica</strong></span> <span class='ocrx_word' id='word_1_221' title='bbox 2124 2304 2293 2371; x_wconf 90' lang='lat' dir='ltr'><strong>sunt,</strong></span> <span class='ocrx_word' id='word_1_222' title='bbox 2350 2314 2462 2358; x_wconf 89' lang='lat' dir='ltr'><strong>nec</strong></span> <span class='ocrx_word' id='word_1_223' title='bbox 2526 2302 2779 2358; x_wconf 88' lang='lat' dir='ltr'><strong>naturae</strong></span> <span class='ocrx_word' id='word_1_224' title='bbox 2837 2295 3157 2358; x_wconf 85' lang='lat' dir='ltr'><strong>admodum</strong></span> <span class='ocrx_word' id='word_1_225' title='bbox 3204 2313 3357 2358; x_wconf 86' lang='lat' dir='ltr'><strong>con·-</strong></span> 
     </span>
     <span class='ocr_line' id='line_1_23' title="bbox 633 2379 3357 2465; baseline 0 -19"><span class='ocrx_word' id='word_1_226' title='bbox 633 2383 866 2448; x_wconf 64' lang='lat' dir='ltr'><strong>fiormia.</strong></span> <span class='ocrx_word' id='word_1_227' title='bbox 960 2385 1140 2446; x_wconf 87' lang='lat' dir='ltr'><strong>Anno</strong></span> <span class='ocrx_word' id='word_1_228' title='bbox 1194 2379 1383 2446; x_wconf 85' lang='grc'><strong>1598.</strong></span> <span class='ocrx_word' id='word_1_229' title='bbox 1431 2384 1676 2465; x_wconf 88' lang='lat' dir='ltr'><strong>eclipsis</strong></span> <span class='ocrx_word' id='word_1_230' title='bbox 1723 2384 2043 2450; x_wconf 76' lang='lat' dir='ltr'><strong>admodum</strong></span> <span class='ocrx_word' id='word_1_231' title='bbox 2100 2403 2325 2464; x_wconf 84' lang='lat' dir='ltr'><strong>magna</strong></span> <span class='ocrx_word' id='word_1_232' title='bbox 2384 2384 2499 2448; x_wconf 87' lang='lat' dir='ltr'><strong>fuit</strong></span> <span class='ocrx_word' id='word_1_233' title='bbox 2544 2384 2603 2446; x_wconf 89' lang='lat' dir='ltr'><strong>in</strong></span> <span class='ocrx_word' id='word_1_234' title='bbox 2648 2384 2950 2448; x_wconf 88' lang='lat' dir='ltr'><strong>Piscibus.</strong></span> <span class='ocrx_word' id='word_1_235' title='bbox 3046 2382 3197 2447; x_wconf 85' lang='lat' dir='ltr'><strong>Cum</strong></span> <span class='ocrx_word' id='word_1_236' title='bbox 3244 2381 3357 2446; x_wconf 88' lang='lat' dir='ltr'><strong>Sol</strong></span> 
     </span>
     <span class='ocr_line' id='line_1_24' title="bbox 629 2471 3353 2554; baseline 0 -18"><span class='ocrx_word' id='word_1_237' title='bbox 629 2490 834 2546; x_wconf 88' lang='lat' dir='ltr'><strong>mense</strong></span> <span class='ocrx_word' id='word_1_238' title='bbox 863 2471 1206 2553; x_wconf 82' lang='lat' dir='ltr'><strong>Septembri</strong></span> <span class='ocrx_word' id='word_1_239' title='bbox 1251 2472 1486 2534; x_wconf 83' lang='lat' dir='ltr'><strong>veniret</strong></span> <span class='ocrx_word' id='word_1_240' title='bbox 1513 2472 1590 2534; x_wconf 84' lang='lat' dir='ltr'><strong>ad</strong></span> <span class='ocrx_word' id='word_1_241' title='bbox 1621 2472 1943 2536; x_wconf 83' lang='lat' dir='ltr'><strong>antiscium</strong></span> <span class='ocrx_word' id='word_1_242' title='bbox 1978 2473 2217 2554; x_wconf 86' lang='lat' dir='ltr'><strong>signum</strong></span> <span class='ocrx_word' id='word_1_243' title='bbox 2246 2473 2539 2552; x_wconf 79' lang='lat' dir='ltr'><strong>Virginis,</strong></span> <span class='ocrx_word' id='word_1_244' title='bbox 2576 2473 2817 2553; x_wconf 84' lang='lat' dir='ltr'><strong>pluviae</strong></span> <span class='ocrx_word' id='word_1_245' title='bbox 2848 2474 3017 2536; x_wconf 83' lang='lat' dir='ltr'><strong>fuere</strong></span> <span class='ocrx_word' id='word_1_246' title='bbox 3044 2473 3353 2554; x_wconf 86' lang='lat' dir='ltr'><strong>copiosae.</strong></span> 
     </span>
     <span class='ocr_line' id='line_1_25' title="bbox 627 2555 3357 2640; baseline 0 -16"><span class='ocrx_word' id='word_1_247' title='bbox 627 2563 814 2624; x_wconf 83' lang='lat' dir='ltr'><strong>Anno</strong></span> <span class='ocrx_word' id='word_1_248' title='bbox 863 2555 1056 2625; x_wconf 91' lang='grc'><strong>1600.</strong></span> <span class='ocrx_word' id='word_1_249' title='bbox 1107 2559 1350 2640; x_wconf 86' lang='lat' dir='ltr'><strong>eclipsis</strong></span> <span class='ocrx_word' id='word_1_250' title='bbox 1396 2559 1456 2622; x_wconf 92' lang='lat' dir='ltr'><strong>in</strong></span> <span class='ocrx_word' id='word_1_251' title='bbox 1489 2559 1726 2624; x_wconf 85' lang='lat' dir='ltr'><strong>Cancro</strong></span> <span class='ocrx_word' id='word_1_252' title='bbox 1774 2561 1907 2624; x_wconf 87' lang='lat' dir='ltr'><strong>fuit.</strong></span> <span class='ocrx_word' id='word_1_253' title='bbox 2002 2559 2157 2626; x_wconf 90' lang='lat' dir='ltr'><strong>Cum</strong></span> <span class='ocrx_word' id='word_1_254' title='bbox 2203 2560 2313 2624; x_wconf 92' lang='lat' dir='ltr'><strong>Sol</strong></span> <span class='ocrx_word' id='word_1_255' title='bbox 2356 2561 2583 2624; x_wconf 86' lang='lat' dir='ltr'><strong>rediret</strong></span> <span class='ocrx_word' id='word_1_256' title='bbox 2626 2562 2687 2624; x_wconf 90' lang='lat' dir='ltr'><strong>in</strong></span> <span class='ocrx_word' id='word_1_257' title='bbox 2736 2559 3027 2624; x_wconf 88' lang='lat' dir='ltr'><strong>Geminos</strong></span> <span class='ocrx_word' id='word_1_258' title='bbox 3072 2571 3138 2626; x_wconf 84' lang='lat' dir='ltr'><strong>et</strong></span> <span class='ocrx_word' id='word_1_259' title='bbox 3184 2559 3357 2626; x_wconf 83' lang='lat' dir='ltr'><strong>Can-</strong></span> 
     </span>
     <span class='ocr_line' id='line_1_26' title="bbox 628 2648 3359 2730; baseline -0 -16"><span class='ocrx_word' id='word_1_260' title='bbox 628 2669 796 2714; x_wconf 85' lang='lat' dir='ltr'><strong>crum</strong></span> <span class='ocrx_word' id='word_1_261' title='bbox 814 2696 832 2726; x_wconf 92' lang='lat'><strong>,</strong></span> <span class='ocrx_word' id='word_1_262' title='bbox 899 2657 1135 2730; x_wconf 87' lang='lat' dir='ltr'><strong>tempus</strong></span> <span class='ocrx_word' id='word_1_263' title='bbox 1199 2657 1266 2711; x_wconf 89' lang='lat' dir='ltr'><strong>et</strong></span> <span class='ocrx_word' id='word_1_264' title='bbox 1327 2649 1442 2711; x_wconf 88' lang='lat' dir='ltr'><strong>hoc</strong></span> <span class='ocrx_word' id='word_1_265' title='bbox 1503 2657 1570 2713; x_wconf 85' lang='lat' dir='ltr'><strong>et</strong></span> <span class='ocrx_word' id='word_1_266' title='bbox 1623 2655 1757 2712; x_wconf 89' lang='lat' dir='ltr'><strong>tota</strong></span> <span class='ocrx_word' id='word_1_267' title='bbox 1803 2657 2013 2712; x_wconf 82' lang='lat' dir='ltr'><strong>aestas</strong></span> <span class='ocrx_word' id='word_1_268' title='bbox 2070 2650 2401 2714; x_wconf 83' lang='lat' dir='ltr'><strong>subsecuta</strong></span> <span class='ocrx_word' id='word_1_269' title='bbox 2444 2659 2541 2712; x_wconf 86' lang='lat' dir='ltr'><strong>est</strong></span> <span class='ocrx_word' id='word_1_270' title='bbox 2586 2650 2855 2712; x_wconf 86' lang='lat' dir='ltr'><strong>humida.</strong></span> <span class='ocrx_word' id='word_1_271' title='bbox 2948 2648 3359 2714; x_wconf 79' lang='lat' dir='ltr'><strong>considerent</strong></span> 
     </span>
     <span class='ocr_line' id='line_1_27' title="bbox 629 2738 3355 2821; baseline 0.001 -20"><span class='ocrx_word' id='word_1_272' title='bbox 629 2738 842 2803; x_wconf 89' lang='lat' dir='ltr'><strong>harum</strong></span> <span class='ocrx_word' id='word_1_273' title='bbox 889 2757 1088 2802; x_wconf 86' lang='lat' dir='ltr'><strong>rerum</strong></span> <span class='ocrx_word' id='word_1_274' title='bbox 1131 2738 1529 2818; x_wconf 84' lang='lat' dir='ltr'><strong>professores,</strong></span> <span class='ocrx_word' id='word_1_275' title='bbox 1576 2746 1821 2802; x_wconf 89' lang='lat' dir='ltr'><strong>rectene</strong></span> <span class='ocrx_word' id='word_1_276' title='bbox 1851 2739 2144 2819; x_wconf 88' lang='lat' dir='ltr'><strong>procedat</strong></span> <span class='ocrx_word' id='word_1_277' title='bbox 2187 2738 2473 2815; x_wconf 86' lang='lat' dir='ltr'><strong>inductio,</strong></span> <span class='ocrx_word' id='word_1_278' title='bbox 2522 2738 2577 2801; x_wconf 92' lang='lat' dir='ltr'><strong>si</strong></span> <span class='ocrx_word' id='word_1_279' title='bbox 2616 2739 2791 2821; x_wconf 90' lang='lat' dir='ltr'><strong>hujus</strong></span> <span class='ocrx_word' id='word_1_280' title='bbox 2828 2739 3127 2820; x_wconf 81' lang='lat' dir='ltr'><strong>eclipseos</strong></span> <span class='ocrx_word' id='word_1_281' title='bbox 3154 2739 3355 2821; x_wconf 80' lang='lat' dir='ltr'><strong>signi-</strong></span> 
     </span>
     <span class='ocr_line' id='line_1_28' title="bbox 629 2824 3353 2911; baseline -0 -20"><span class='ocrx_word' id='word_1_282' title='bbox 629 2828 814 2891; x_wconf 76' lang='lat' dir='ltr'><strong>ficata</strong></span> <span class='ocrx_word' id='word_1_283' title='bbox 858 2828 918 2891; x_wconf 90' lang='lat' dir='ltr'><strong>in</strong></span> <span class='ocrx_word' id='word_1_284' title='bbox 964 2826 1362 2890; x_wconf 87' lang='lat' dir='ltr'><strong>Decembrem</strong></span> <span class='ocrx_word' id='word_1_285' title='bbox 1407 2825 1548 2889; x_wconf 89' lang='lat' dir='ltr'><strong>anni</strong></span> <span class='ocrx_word' id='word_1_286' title='bbox 1599 2824 1788 2893; x_wconf 89' lang='grc'><strong>1602.</strong></span> <span class='ocrx_word' id='word_1_287' title='bbox 1841 2846 2093 2909; x_wconf 89' lang='lat' dir='ltr'><strong>eamque</strong></span> <span class='ocrx_word' id='word_1_288' title='bbox 2140 2829 2415 2911; x_wconf 81' lang='lat' dir='ltr'><strong>hyemem</strong></span> <span class='ocrx_word' id='word_1_289' title='bbox 2460 2828 2761 2909; x_wconf 73' lang='lat' dir='ltr'><strong>rejiciam,</strong></span> <span class='ocrx_word' id='word_1_290' title='bbox 2810 2847 3005 2909; x_wconf 87' lang='lat' dir='ltr'><strong>exque</strong></span> <span class='ocrx_word' id='word_1_291' title='bbox 3042 2849 3119 2892; x_wconf 86' lang='lat' dir='ltr'><strong>ea</strong></span> <span class='ocrx_word' id='word_1_292' title='bbox 3144 2829 3353 2909; x_wconf 83' lang='lat' dir='ltr'><strong>magni</strong></span> 
     </span>
     <span class='ocr_line' id='line_1_29' title="bbox 627 2914 3355 2999; baseline -0.001 -18"><span class='ocrx_word' id='word_1_293' title='bbox 627 2916 870 2999; x_wconf 76' lang='lat' dir='ltr'><strong>frigoris</strong></span> <span class='ocrx_word' id='word_1_294' title='bbox 917 2914 1094 2997; x_wconf 85' lang='lat' dir='ltr'><strong>signa</strong></span> <span class='ocrx_word' id='word_1_295' title='bbox 1140 2917 1468 2979; x_wconf 87' lang='lat' dir='ltr'><strong>desumam.</strong></span> <span class='ocrx_word' id='word_1_296' title='bbox 1561 2914 1740 2987; x_wconf 85' lang='lat' dir='ltr'><strong>Quod</strong></span> <span class='ocrx_word' id='word_1_297' title='bbox 1803 2916 1859 2979; x_wconf 90' lang='lat' dir='ltr'><strong>si</strong></span> <span class='ocrx_word' id='word_1_298' title='bbox 1920 2918 2179 2997; x_wconf 87' lang='lat' dir='ltr'><strong>eclipses</strong></span> <span class='ocrx_word' id='word_1_299' title='bbox 2244 2916 2365 2979; x_wconf 84' lang='lat' dir='ltr'><strong>vim</strong></span> <span class='ocrx_word' id='word_1_300' title='bbox 2428 2918 2768 2993; x_wconf 69' lang='lat' dir='ltr'><strong>sortiuntur</strong></span> <span class='ocrx_word' id='word_1_301' title='bbox 2828 2936 2905 2981; x_wconf 80' lang='lat' dir='ltr'><strong>ex</strong></span> <span class='ocrx_word' id='word_1_302' title='bbox 2956 2918 3152 2998; x_wconf 84' lang='lat' dir='ltr'><strong>figura</strong></span> <span class='ocrx_word' id='word_1_303' title='bbox 3196 2918 3355 2981; x_wconf 90' lang='lat' dir='ltr'><strong>coeli</strong></span> 
     </span>
     <span class='ocr_line' id='line_1_30' title="bbox 631 3004 3345 3087; baseline 0.001 -18"><span class='ocrx_word' id='word_1_304' title='bbox 631 3008 956 3082; x_wconf 84' lang='lat' dir='ltr'><strong>(concessa</strong></span> <span class='ocrx_word' id='word_1_305' title='bbox 1001 3005 1164 3067; x_wconf 90' lang='lat' dir='ltr'><strong>enim</strong></span> <span class='ocrx_word' id='word_1_306' title='bbox 1201 3005 1632 3084; x_wconf 81' lang='lat' dir='ltr'><strong>imaginatione</strong></span> <span class='ocrx_word' id='word_1_307' title='bbox 1661 3005 1977 3085; x_wconf 86' lang='lat' dir='ltr'><strong>eclipseos,</strong></span> <span class='ocrx_word' id='word_1_308' title='bbox 2029 3006 2277 3069; x_wconf 86' lang='lat' dir='ltr'><strong>concedi</strong></span> <span class='ocrx_word' id='word_1_309' title='bbox 2309 3005 2547 3069; x_wconf 89' lang='lat' dir='ltr'><strong>videtur</strong></span> <span class='ocrx_word' id='word_1_310' title='bbox 2586 3012 2653 3067; x_wconf 86' lang='lat' dir='ltr'><strong>et</strong></span> <span class='ocrx_word' id='word_1_311' title='bbox 2686 3004 3039 3087; x_wconf 78' lang='lat' dir='ltr'><strong>imaginatio</strong></span> <span class='ocrx_word' id='word_1_312' title='bbox 3066 3006 3345 3087; x_wconf 83' lang='lat' dir='ltr'><strong>figurae),</strong></span> 
     </span>
     <span class='ocr_line' id='line_1_31' title="bbox 626 3086 3348 3177; baseline 0 -20"><span class='ocrx_word' id='word_1_313' title='bbox 626 3095 903 3175; x_wconf 89' lang='lat' dir='ltr'><strong>equidem</strong></span> <span class='ocrx_word' id='word_1_314' title='bbox 949 3110 1156 3157; x_wconf 88' lang='lat' dir='ltr'><strong>omnes</strong></span> <span class='ocrx_word' id='word_1_315' title='bbox 1201 3101 1342 3155; x_wconf 73' lang='lat' dir='ltr'><strong>tres·</strong></span> <span class='ocrx_word' id='word_1_316' title='bbox 1375 3086 1632 3175; x_wconf 82' lang='lat' dir='ltr'><strong>eclipses</strong></span> <span class='ocrx_word' id='word_1_317' title='bbox 1678 3094 1739 3156; x_wconf 89' lang='lat' dir='ltr'><strong>in</strong></span> <span class='ocrx_word' id='word_1_318' title='bbox 1783 3092 1827 3155; x_wconf 88' lang='lat' dir='ltr'><strong>J</strong></span> <span class='ocrx_word' id='word_1_319' title='bbox 1830 3094 1961 3157; x_wconf 87' lang='lat' dir='ltr'><strong>ovis</strong></span> <span class='ocrx_word' id='word_1_320' title='bbox 2006 3103 2073 3157; x_wconf 91' lang='lat' dir='ltr'><strong>et</strong></span> <span class='ocrx_word' id='word_1_321' title='bbox 2114 3094 2339 3158; x_wconf 88' lang='lat' dir='ltr'><strong>Martis</strong></span> <span class='ocrx_word' id='word_1_322' title='bbox 2385 3096 2589 3157; x_wconf 83' lang='lat' dir='ltr'><strong>radios</strong></span> <span class='ocrx_word' id='word_1_323' title='bbox 2646 3090 2948 3157; x_wconf 88' lang='lat' dir='ltr'><strong>incidunt:</strong></span> <span class='ocrx_word' id='word_1_324' title='bbox 2998 3114 3185 3177; x_wconf 88' lang='lat' dir='ltr'><strong>quare</strong></span> <span class='ocrx_word' id='word_1_325' title='bbox 3228 3094 3348 3157; x_wconf 90' lang='lat' dir='ltr'><strong>Jo-</strong></span> 
     </span>
     <span class='ocr_line' id='line_1_32' title="bbox 583 3182 3346 3267; baseline 0 -20"><span class='ocrx_word' id='word_1_326' title='bbox 583 3208 592 3217; x_wconf 90' lang='lat'><strong>·</strong></span> <span class='ocrx_word' id='word_1_327' title='bbox 623 3184 810 3247; x_wconf 79' lang='lat' dir='ltr'><strong>vialis</strong></span> <span class='ocrx_word' id='word_1_328' title='bbox 853 3182 1230 3246; x_wconf 90' lang='lat' dir='ltr'><strong>incommoda</strong></span> <span class='ocrx_word' id='word_1_329' title='bbox 1273 3182 1702 3263; x_wconf 84' lang='lat' dir='ltr'><strong>significarent,</strong></span> <span class='ocrx_word' id='word_1_330' title='bbox 1747 3190 1899 3264; x_wconf 90' lang='lat' dir='ltr'><strong>puta</strong></span> <span class='ocrx_word' id='word_1_331' title='bbox 1945 3191 2237 3265; x_wconf 87' lang='lat' dir='ltr'><strong>teporem,</strong></span> <span class='ocrx_word' id='word_1_332' title='bbox 2276 3191 2339 3245; x_wconf 91' lang='lat' dir='ltr'><strong>et</strong></span> <span class='ocrx_word' id='word_1_333' title='bbox 2384 3184 2667 3247; x_wconf 87' lang='lat' dir='ltr'><strong>humores</strong></span> <span class='ocrx_word' id='word_1_334' title='bbox 2710 3192 3051 3266; x_wconf 85' lang='lat' dir='ltr'><strong>corruptos,</strong></span> <span class='ocrx_word' id='word_1_335' title='bbox 3068 3182 3346 3267; x_wconf 79' lang='lat' dir='ltr'><strong>indeque</strong></span> 
     </span>
    </p>
   </div>
   <div class='ocr_carea' id='block_1_5' title="bbox 623 3272 2257 3423">
    <p class='ocr_par' dir='ltr' id='par_1_5' title="bbox 623 3272 2257 3423">
     <span class='ocr_line' id='line_1_33' title="bbox 623 3272 1377 3337; baseline -0.003 -2"><span class='ocrx_word' id='word_1_336' title='bbox 623 3272 942 3337; x_wconf 85' lang='lat' dir='ltr'><strong>nascentia</strong></span> <span class='ocrx_word' id='word_1_337' title='bbox 983 3272 1377 3335; x_wconf 87' lang='lat' dir='ltr'><strong>incommoda.</strong></span> 
     </span>
     <span class='ocr_line' id='line_1_34' title="bbox 1716 3358 2257 3423; baseline 0.004 -2"><span class='ocrx_word' id='word_1_338' title='bbox 1716 3358 1816 3421; x_wconf 85' lang='lat' dir='ltr'><strong>Th</strong></span> <span class='ocrx_word' id='word_1_339' title='bbox 1828 3377 1861 3420; x_wconf 92' lang='lat' dir='ltr'><strong>e</strong></span> <span class='ocrx_word' id='word_1_340' title='bbox 1874 3358 1937 3421; x_wconf 87' lang='lat' dir='ltr'><strong>si</strong></span> <span class='ocrx_word' id='word_1_341' title='bbox 1952 3378 1982 3419; x_wconf 89' lang='lat' dir='ltr'><strong>s</strong></span> <span class='ocrx_word' id='word_1_342' title='bbox 2028 3359 2257 3423; x_wconf 87' lang='lat' dir='ltr'>LXIV.</span> 
     </span>
    </p>
   </div>
   <div class='ocr_carea' id='block_1_6' title="bbox 601 3446 3345 4953">
    <p class='ocr_par' dir='ltr' id='par_1_6' title="bbox 606 3446 3345 4489">
     <span class='ocr_line' id='line_1_35' title="bbox 799 3446 3345 3531; baseline 0.002 -20"><span class='ocrx_word' id='word_1_343' title='bbox 799 3448 950 3512; x_wconf 86' lang='lat' dir='ltr'><strong>Alia</strong></span> <span class='ocrx_word' id='word_1_344' title='bbox 993 3448 1204 3511; x_wconf 88' lang='lat' dir='ltr'><strong>Lunae</strong></span> <span class='ocrx_word' id='word_1_345' title='bbox 1251 3448 1496 3529; x_wconf 88' lang='lat' dir='ltr'><strong>eclipsis</strong></span> <span class='ocrx_word' id='word_1_346' title='bbox 1540 3446 1843 3509; x_wconf 83' lang='lat' dir='ltr'><strong>videbitur</strong></span> <span class='ocrx_word' id='word_1_347' title='bbox 1888 3448 2361 3512; x_wconf 88' lang='lat' dir='ltr'><strong>occidentalibus</strong></span> <span class='ocrx_word' id='word_1_348' title='bbox 2426 3449 2523 3512; x_wconf 87' lang='lat' dir='ltr'><strong>die</strong></span> <span class='ocrx_word' id='word_1_349' title='bbox 2578 3446 2686 3513; x_wconf 90' lang='grc'><strong>28.</strong></span> <span class='ocrx_word' id='word_1_350' title='bbox 2733 3449 3127 3527; x_wconf 82' lang='lat' dir='ltr'><strong>Novembris,</strong></span> <span class='ocrx_word' id='word_1_351' title='bbox 3192 3469 3345 3531; x_wconf 71' lang='lat' dir='ltr'><strong>quae</strong></span> 
     </span>
     <span class='ocr_line' id='line_1_36' title="bbox 616 3536 3345 3621; baseline -0 -19"><span class='ocrx_word' id='word_1_352' title='bbox 616 3538 802 3619; x_wconf 86' lang='lat' dir='ltr'><strong>juxta</strong></span> <span class='ocrx_word' id='word_1_353' title='bbox 863 3538 1160 3601; x_wconf 89' lang='lat' dir='ltr'><strong>calculum</strong></span> <span class='ocrx_word' id='word_1_354' title='bbox 1223 3537 1526 3620; x_wconf 88' lang='lat' dir='ltr'><strong>Tychonis</strong></span> <span class='ocrx_word' id='word_1_355' title='bbox 1589 3536 1688 3599; x_wconf 90' lang='lat' dir='ltr'><strong>hic</strong></span> <span class='ocrx_word' id='word_1_356' title='bbox 1749 3536 1991 3616; x_wconf 81' lang='lat' dir='ltr'><strong>Pragae</strong></span> <span class='ocrx_word' id='word_1_357' title='bbox 2054 3536 2303 3617; x_wconf 91' lang='lat' dir='ltr'><strong>incipiet</strong></span> <span class='ocrx_word' id='word_1_358' title='bbox 2364 3538 2429 3599; x_wconf 89' lang='lat' dir='ltr'><strong>in</strong></span> <span class='ocrx_word' id='word_1_359' title='bbox 2490 3537 2625 3619; x_wconf 88' lang='lat' dir='ltr'><strong>ipso</strong></span> <span class='ocrx_word' id='word_1_360' title='bbox 2686 3556 2841 3619; x_wconf 88' lang='lat' dir='ltr'><strong>pene</strong></span> <span class='ocrx_word' id='word_1_361' title='bbox 2886 3538 3053 3603; x_wconf 88' lang='lat' dir='ltr'><strong>Solis</strong></span> <span class='ocrx_word' id='word_1_362' title='bbox 3112 3549 3345 3621; x_wconf 77' lang='lat' dir='ltr'><strong>exortu,</strong></span> 
     </span>
     <span class='ocr_line' id='line_1_37' title="bbox 621 3625 3345 3707; baseline 0 -16"><span class='ocrx_word' id='word_1_363' title='bbox 621 3628 953 3707; x_wconf 83' lang='lat' dir='ltr'><strong>Lunaeque</strong></span> <span class='ocrx_word' id='word_1_364' title='bbox 1015 3644 1256 3690; x_wconf 88' lang='lat' dir='ltr'><strong>occasu.</strong></span> <span class='ocrx_word' id='word_1_365' title='bbox 1351 3625 1524 3697; x_wconf 82' lang='lat' dir='ltr'><strong>Quae</strong></span> <span class='ocrx_word' id='word_1_366' title='bbox 1583 3642 1716 3687; x_wconf 90' lang='lat' dir='ltr'><strong>cum</strong></span> <span class='ocrx_word' id='word_1_367' title='bbox 1779 3625 1963 3689; x_wconf 87' lang='lat' dir='ltr'><strong>cadat</strong></span> <span class='ocrx_word' id='word_1_368' title='bbox 2006 3625 2167 3689; x_wconf 82' lang='lat' dir='ltr'><strong>infra</strong></span> <span class='ocrx_word' id='word_1_369' title='bbox 2210 3634 2481 3689; x_wconf 87' lang='lat' dir='ltr'><strong>uestrum</strong></span> <span class='ocrx_word' id='word_1_370' title='bbox 2526 3627 2929 3705; x_wconf 83' lang='lat' dir='ltr'><strong>horizontem,</strong></span> <span class='ocrx_word' id='word_1_371' title='bbox 2992 3634 3065 3689; x_wconf 90' lang='lat' dir='ltr'><strong>ut</strong></span> <span class='ocrx_word' id='word_1_372' title='bbox 3122 3634 3187 3691; x_wconf 91' lang='lat' dir='ltr'><strong>et</strong></span> <span class='ocrx_word' id='word_1_373' title='bbox 3237 3629 3345 3691; x_wconf 83' lang='lat' dir='ltr'><strong>illa</strong></span> 
     </span>
     <span class='ocr_line' id='line_1_38' title="bbox 629 3710 3342 3796; baseline 0.001 -19"><span class='ocrx_word' id='word_1_374' title='bbox 629 3716 874 3796; x_wconf 86' lang='lat' dir='ltr'><strong>eclipsis</strong></span> <span class='ocrx_word' id='word_1_375' title='bbox 924 3714 1120 3790; x_wconf 90' lang='lat' dir='ltr'><strong>Solis,</strong></span> <span class='ocrx_word' id='word_1_376' title='bbox 1187 3732 1366 3796; x_wconf 89' lang='lat' dir='ltr'><strong>quam</strong></span> <span class='ocrx_word' id='word_1_377' title='bbox 1413 3713 1510 3776; x_wconf 89' lang='lat' dir='ltr'><strong>die</strong></span> <span class='ocrx_word' id='word_1_378' title='bbox 1562 3710 1662 3779; x_wconf 89' lang='grc'><strong>19.</strong></span> <span class='ocrx_word' id='word_1_379' title='bbox 1709 3714 1879 3776; x_wconf 87' lang='lat' dir='ltr'><strong>Junii</strong></span> <span class='ocrx_word' id='word_1_380' title='bbox 1920 3714 2153 3779; x_wconf 86' lang='lat' dir='ltr'><strong>videbit</strong></span> <span class='ocrx_word' id='word_1_381' title='bbox 2196 3715 2505 3791; x_wconf 83' lang='lat' dir='ltr'><strong>occidens3</strong></span> <span class='ocrx_word' id='word_1_382' title='bbox 2572 3716 2711 3796; x_wconf 89' lang='lat' dir='ltr'><strong>quid</strong></span> <span class='ocrx_word' id='word_1_383' title='bbox 2775 3716 3027 3779; x_wconf 86' lang='lat' dir='ltr'><strong>attinuit</strong></span> <span class='ocrx_word' id='word_1_384' title='bbox 3078 3718 3342 3795; x_wconf 78' lang='lat' dir='ltr'><strong>tragicos</strong></span> 
     </span>
     <span class='ocr_line' id='line_1_39' title="bbox 621 3802 3339 3886; baseline 0.001 -19"><span class='ocrx_word' id='word_1_385' title='bbox 621 3805 698 3870; x_wconf 82' lang='lat' dir='ltr'><strong>de</strong></span> <span class='ocrx_word' id='word_1_386' title='bbox 743 3804 820 3868; x_wconf 88' lang='lat' dir='ltr'><strong>iis</strong></span> <span class='ocrx_word' id='word_1_387' title='bbox 867 3805 1164 3868; x_wconf 87' lang='lat' dir='ltr'><strong>clamores</strong></span> <span class='ocrx_word' id='word_1_388' title='bbox 1211 3802 1520 3866; x_wconf 84' lang='lat' dir='ltr'><strong>excitare?</strong></span> <span class='ocrx_word' id='word_1_389' title='bbox 1608 3802 1873 3866; x_wconf 86' lang='lat' dir='ltr'><strong>Ridiculi</strong></span> <span class='ocrx_word' id='word_1_390' title='bbox 1918 3802 2191 3882; x_wconf 84' lang='lat' dir='ltr'><strong>profecto</strong></span> <span class='ocrx_word' id='word_1_391' title='bbox 2236 3814 2397 3880; x_wconf 88' lang='lat' dir='ltr'><strong>sunt,</strong></span> <span class='ocrx_word' id='word_1_392' title='bbox 2448 3804 2547 3885; x_wconf 92' lang='lat' dir='ltr'><strong>qui</strong></span> <span class='ocrx_word' id='word_1_393' title='bbox 2592 3805 2859 3885; x_wconf 82' lang='lat' dir='ltr'><strong>portenti</strong></span> <span class='ocrx_word' id='word_1_394' title='bbox 2906 3806 3037 3867; x_wconf 91' lang='lat' dir='ltr'><strong>loco</strong></span> <span class='ocrx_word' id='word_1_395' title='bbox 3064 3806 3339 3886; x_wconf 80' lang='lat' dir='ltr'><strong>allegant</strong></span> 
     </span>
     <span class='ocr_line' id='line_1_40' title="bbox 617 3890 3335 3975; baseline 0.001 -20"><span class='ocrx_word' id='word_1_396' title='bbox 617 3900 715 3956; x_wconf 83' lang='lat' dir='ltr'><strong>tot</strong></span> <span class='ocrx_word' id='word_1_397' title='bbox 760 3893 1018 3973; x_wconf 89' lang='lat' dir='ltr'><strong>eclipses</strong></span> <span class='ocrx_word' id='word_1_398' title='bbox 1067 3909 1182 3955; x_wconf 92' lang='lat' dir='ltr'><strong>uno</strong></span> <span class='ocrx_word' id='word_1_399' title='bbox 1230 3910 1422 3966; x_wconf 65' lang='lat' dir='ltr'><strong>anno:</strong></span> <span class='ocrx_word' id='word_1_400' title='bbox 1469 3890 1642 3973; x_wconf 84' lang='lat' dir='ltr'><strong>quasi</strong></span> <span class='ocrx_word' id='word_1_401' title='bbox 1687 3909 1805 3953; x_wconf 90' lang='lat' dir='ltr'><strong>non</strong></span> <span class='ocrx_word' id='word_1_402' title='bbox 1854 3892 2174 3972; x_wconf 88' lang='lat' dir='ltr'><strong>quotannis</strong></span> <span class='ocrx_word' id='word_1_403' title='bbox 2221 3892 2437 3974; x_wconf 87' lang='lat' dir='ltr'><strong>quinae</strong></span> <span class='ocrx_word' id='word_1_404' title='bbox 2464 3894 2563 3957; x_wconf 86' lang='lat' dir='ltr'><strong>vel</strong></span> <span class='ocrx_word' id='word_1_405' title='bbox 2590 3901 2921 3973; x_wconf 78' lang='lat' dir='ltr'><strong>quaternae</strong></span> <span class='ocrx_word' id='word_1_406' title='bbox 2958 3894 3335 3975; x_wconf 82' lang='lat' dir='ltr'><strong>contingant,</strong></span> 
     </span>
     <span class='ocr_line' id='line_1_41' title="bbox 615 3978 3333 4061; baseline 0.001 -16"><span class='ocrx_word' id='word_1_407' title='bbox 615 3982 669 4045; x_wconf 90' lang='lat' dir='ltr'><strong>si</strong></span> <span class='ocrx_word' id='word_1_408' title='bbox 717 3990 909 4044; x_wconf 89' lang='lat' dir='ltr'><strong>totum</strong></span> <span class='ocrx_word' id='word_1_409' title='bbox 954 3982 1274 4043; x_wconf 87' lang='lat' dir='ltr'><strong>Terrarum</strong></span> <span class='ocrx_word' id='word_1_410' title='bbox 1329 3980 1620 4043; x_wconf 88' lang='lat' dir='ltr'><strong>ambitum</strong></span> <span class='ocrx_word' id='word_1_411' title='bbox 1665 3988 2029 4061; x_wconf 87' lang='lat' dir='ltr'><strong>spectemus.</strong></span> <span class='ocrx_word' id='word_1_412' title='bbox 2124 3978 2259 4043; x_wconf 83' lang='lat' dir='ltr'><strong>Sed</strong></span> <span class='ocrx_word' id='word_1_413' title='bbox 2314 3982 2587 4045; x_wconf 88' lang='lat' dir='ltr'><strong>homiues</strong></span> <span class='ocrx_word' id='word_1_414' title='bbox 2648 3982 2741 4045; x_wconf 91' lang='lat' dir='ltr'><strong>illi</strong></span> <span class='ocrx_word' id='word_1_415' title='bbox 2795 3982 2857 4047; x_wconf 90' lang='lat' dir='ltr'><strong>in</strong></span> <span class='ocrx_word' id='word_1_416' title='bbox 2904 4002 2977 4047; x_wconf 92' lang='lat' dir='ltr'><strong>eo</strong></span> <span class='ocrx_word' id='word_1_417' title='bbox 3024 3983 3333 4059; x_wconf 83' lang='lat' dir='ltr'><strong>falluntur,</strong></span> 
     </span>
     <span class='ocr_line' id='line_1_42' title="bbox 617 4067 3333 4151; baseline 0.001 -18"><span class='ocrx_word' id='word_1_418' title='bbox 617 4070 778 4151; x_wconf 85' lang='lat' dir='ltr'><strong>qued</strong></span> <span class='ocrx_word' id='word_1_419' title='bbox 823 4088 1014 4151; x_wconf 88' lang='lat' dir='ltr'><strong>nuper</strong></span> <span class='ocrx_word' id='word_1_420' title='bbox 1061 4067 1364 4151; x_wconf 81' lang='lat' dir='ltr'><strong>Origanus</strong></span> <span class='ocrx_word' id='word_1_421' title='bbox 1407 4068 1843 4151; x_wconf 88' lang='lat' dir='ltr'><strong>Ephemerides</strong></span> <span class='ocrx_word' id='word_1_422' title='bbox 1890 4070 2107 4145; x_wconf 92' lang='lat' dir='ltr'><strong>edidit,</strong></span> <span class='ocrx_word' id='word_1_423' title='bbox 2175 4070 2389 4150; x_wconf 89' lang='lat' dir='ltr'><strong>quibus</strong></span> <span class='ocrx_word' id='word_1_424' title='bbox 2444 4072 2763 4151; x_wconf 88' lang='lat' dir='ltr'><strong>plerasque</strong></span> <span class='ocrx_word' id='word_1_425' title='bbox 2812 4080 2942 4135; x_wconf 90' lang='lat' dir='ltr'><strong>toto</strong></span> <span class='ocrx_word' id='word_1_426' title='bbox 2990 4072 3135 4136; x_wconf 88' lang='lat' dir='ltr'><strong>orbe</strong></span> <span class='ocrx_word' id='word_1_427' title='bbox 3185 4090 3333 4135; x_wconf 88' lang='lat' dir='ltr'><strong>con-</strong></span> 
     </span>
     <span class='ocr_line' id='line_1_43' title="bbox 615 4154 3333 4243; baseline 0.001 -22"><span class='ocrx_word' id='word_1_428' title='bbox 615 4159 918 4240; x_wconf 84' lang='lat' dir='ltr'><strong>tingentes</strong></span> <span class='ocrx_word' id='word_1_429' title='bbox 947 4158 1350 4238; x_wconf 84' lang='lat' dir='ltr'><strong>computavit:</strong></span> <span class='ocrx_word' id='word_1_430' title='bbox 1399 4158 1557 4239; x_wconf 89' lang='lat' dir='ltr'><strong>quod</strong></span> <span class='ocrx_word' id='word_1_431' title='bbox 1603 4166 1746 4221; x_wconf 89' lang='lat' dir='ltr'><strong>ante</strong></span> <span class='ocrx_word' id='word_1_432' title='bbox 1775 4158 1971 4238; x_wconf 89' lang='lat' dir='ltr'><strong>ipsum</strong></span> <span class='ocrx_word' id='word_1_433' title='bbox 2018 4176 2137 4221; x_wconf 88' lang='lat' dir='ltr'><strong>non</strong></span> <span class='ocrx_word' id='word_1_434' title='bbox 2168 4168 2609 4223; x_wconf 87' lang='lat' dir='ltr'><strong>consueverant</strong></span> <span class='ocrx_word' id='word_1_435' title='bbox 2652 4160 2777 4224; x_wconf 86' lang='lat' dir='ltr'><strong>alii.</strong></span> <span class='ocrx_word' id='word_1_436' title='bbox 2806 4154 2891 4237; x_wconf 76' lang='lat'><strong>¹⁴)</strong></span> <span class='ocrx_word' id='word_1_437' title='bbox 2934 4160 3191 4243; x_wconf 82' lang='lat' dir='ltr'><strong>Absque</strong></span> <span class='ocrx_word' id='word_1_438' title='bbox 3219 4162 3333 4225; x_wconf 87' lang='lat' dir='ltr'><strong>hoc</strong></span> 
     </span>
     <span class='ocr_line' id='line_1_44' title="bbox 613 4245 3331 4331; baseline 0 -20"><span class='ocrx_word' id='word_1_439' title='bbox 613 4248 862 4319; x_wconf 76' lang='lat' dir='ltr'><strong>fuisset,</strong></span> <span class='ocrx_word' id='word_1_440' title='bbox 909 4266 1210 4328; x_wconf 88' lang='lat' dir='ltr'><strong>nunquam</strong></span> <span class='ocrx_word' id='word_1_441' title='bbox 1275 4248 1430 4311; x_wconf 82' lang='lat' dir='ltr'><strong>forte</strong></span> <span class='ocrx_word' id='word_1_442' title='bbox 1477 4246 1726 4327; x_wconf 87' lang='lat' dir='ltr'><strong>tragicis</strong></span> <span class='ocrx_word' id='word_1_443' title='bbox 1789 4245 1913 4311; x_wconf 88' lang='lat' dir='ltr'><strong>illis</strong></span> <span class='ocrx_word' id='word_1_444' title='bbox 1968 4247 2469 4312; x_wconf 72' lang='lat' dir='ltr'><strong>vociferator-ibus</strong></span> <span class='ocrx_word' id='word_1_445' title='bbox 2525 4248 2599 4311; x_wconf 89' lang='lat' dir='ltr'><strong>de</strong></span> <span class='ocrx_word' id='word_1_446' title='bbox 2660 4249 2753 4311; x_wconf 88' lang='lat' dir='ltr'><strong>his</strong></span> <span class='ocrx_word' id='word_1_447' title='bbox 2801 4250 3129 4331; x_wconf 87' lang='lat' dir='ltr'><strong>eclipsibus</strong></span> <span class='ocrx_word' id='word_1_448' title='bbox 3174 4252 3331 4314; x_wconf 84' lang='lat' dir='ltr'><strong>infra</strong></span> 
     </span>
     <span class='ocr_line' id='line_1_45' title="bbox 615 4320 3327 4419; baseline 0.003 -19"><span class='ocrx_word' id='word_1_449' title='bbox 615 4344 892 4401; x_wconf 86' lang='lat' dir='ltr'><strong>nostrum</strong></span> <span class='ocrx_word' id='word_1_450' title='bbox 945 4334 1318 4400; x_wconf 86' lang='lat' dir='ltr'><strong>horizontem</strong></span> <span class='ocrx_word' id='word_1_451' title='bbox 1371 4336 1770 4399; x_wconf 80' lang='lat' dir='ltr'><strong>suboluisset:</strong></span> <span class='ocrx_word' id='word_1_452' title='bbox 1834 4335 1935 4417; x_wconf 90' lang='lat' dir='ltr'><strong>qui</strong></span> <span class='ocrx_word' id='word_1_453' title='bbox 1998 4335 2159 4417; x_wconf 91' lang='lat' dir='ltr'><strong>quod</strong></span> <span class='ocrx_word' id='word_1_454' title='bbox 2202 4336 2263 4399; x_wconf 88' lang='lat' dir='ltr'><strong>in</strong></span> <span class='ocrx_word' id='word_1_455' title='bbox 2312 4320 2565 4419; x_wconf 74' lang='lat' dir='ltr'><strong>Origani</strong></span> <span class='ocrx_word' id='word_1_456' title='bbox 2616 4338 2903 4403; x_wconf 85' lang='lat' dir='ltr'><strong>methodo</strong></span> <span class='ocrx_word' id='word_1_457' title='bbox 2946 4358 3169 4403; x_wconf 83' lang='lat' dir='ltr'><strong>novum</strong></span> <span class='ocrx_word' id='word_1_458' title='bbox 3214 4347 3327 4409; x_wconf 75' lang='lat' dir='ltr'><strong>est.</strong></span> 
     </span>
     <span class='ocr_line' id='line_1_46' title="bbox 606 4423 2307 4489; baseline -0.006 0"><span class='ocrx_word' id='word_1_459' title='bbox 606 4424 672 4489; x_wconf 85' lang='lat' dir='ltr'><strong>in</strong></span> <span class='ocrx_word' id='word_1_460' title='bbox 717 4426 886 4489; x_wconf 90' lang='lat' dir='ltr'><strong>coelo</strong></span> <span class='ocrx_word' id='word_1_461' title='bbox 934 4426 1162 4489; x_wconf 79' lang='lat' dir='ltr'><strong>frustra</strong></span> <span class='ocrx_word' id='word_1_462' title='bbox 1203 4444 1422 4488; x_wconf 87' lang='lat' dir='ltr'><strong>novum</strong></span> <span class='ocrx_word' id='word_1_463' title='bbox 1467 4424 1714 4487; x_wconf 84' lang='lat' dir='ltr'><strong>attoniti</strong></span> <span class='ocrx_word' id='word_1_464' title='bbox 1761 4423 2071 4487; x_wconf 86' lang='lat' dir='ltr'><strong>mirantur.</strong></span> <span class='ocrx_word' id='word_1_465' title='bbox 2298 4468 2307 4479; x_wconf 88' lang='grc'><strong>.</strong></span> 
     </span>
    </p>

    <p class='ocr_par' dir='ltr' id='par_1_7' title="bbox 1711 4512 2219 4577">
     <span class='ocr_line' id='line_1_47' title="bbox 1711 4512 2219 4577; baseline 0.002 -2"><span class='ocrx_word' id='word_1_466' title='bbox 1711 4512 1975 4575; x_wconf 76' lang='lat' dir='ltr'><strong>&#39;rhesis</strong></span> <span class='ocrx_word' id='word_1_467' title='bbox 2020 4512 2219 4577; x_wconf 88' lang='lat' dir='ltr'><strong>LXV.</strong></span> 
     </span>
    </p>

    <p class='ocr_par' dir='ltr' id='par_1_8' title="bbox 601 4600 3325 4953">
     <span class='ocr_line' id='line_1_48' title="bbox 781 4600 3325 4684; baseline 0.002 -21"><span class='ocrx_word' id='word_1_468' title='bbox 781 4601 877 4663; x_wconf 89' lang='lat' dir='ltr'><strong>De</strong></span> <span class='ocrx_word' id='word_1_469' title='bbox 925 4618 1164 4666; x_wconf 84' lang='lat' dir='ltr'><strong>annona</strong></span> <span class='ocrx_word' id='word_1_470' title='bbox 1209 4600 1408 4665; x_wconf 85' lang='lat' dir='ltr'><strong>dicere</strong></span> <span class='ocrx_word' id='word_1_471' title='bbox 1453 4601 1746 4667; x_wconf 85' lang='lat' dir='ltr'><strong>lubricum</strong></span> <span class='ocrx_word' id='word_1_472' title='bbox 1789 4601 2111 4665; x_wconf 88' lang='lat' dir='ltr'><strong>admodum</strong></span> <span class='ocrx_word' id='word_1_473' title='bbox 2147 4608 2273 4666; x_wconf 79' lang='lat' dir='ltr'><strong>est.</strong></span> <span class='ocrx_word' id='word_1_474' title='bbox 2358 4602 2519 4667; x_wconf 87' lang='lat' dir='ltr'><strong>Nam</strong></span> <span class='ocrx_word' id='word_1_475' title='bbox 2565 4602 2723 4684; x_wconf 91' lang='lat' dir='ltr'><strong>quod</strong></span> <span class='ocrx_word' id='word_1_476' title='bbox 2758 4602 3065 4669; x_wconf 84' lang='lat' dir='ltr'><strong>naturalia</strong></span> <span class='ocrx_word' id='word_1_477' title='bbox 3102 4604 3325 4670; x_wconf 86' lang='lat' dir='ltr'><strong>attinet</strong></span> 
     </span>
     <span class='ocr_line' id='line_1_49' title="bbox 605 4690 3319 4775; baseline 0.001 -22"><span class='ocrx_word' id='word_1_478' title='bbox 605 4690 710 4765; x_wconf 83' lang='lat' dir='ltr'><strong>(de</strong></span> <span class='ocrx_word' id='word_1_479' title='bbox 737 4690 856 4752; x_wconf 90' lang='lat' dir='ltr'><strong>Dei</strong></span> <span class='ocrx_word' id='word_1_480' title='bbox 898 4690 1282 4772; x_wconf 72' lang='lat' dir='ltr'><strong>providentia</strong></span> <span class='ocrx_word' id='word_1_481' title='bbox 1323 4690 1524 4755; x_wconf 87' lang='lat' dir='ltr'><strong>sciunt</strong></span> <span class='ocrx_word' id='word_1_482' title='bbox 1567 4693 1825 4767; x_wconf 89' lang='lat' dir='ltr'><strong>omnes),</strong></span> <span class='ocrx_word' id='word_1_483' title='bbox 1866 4710 2108 4755; x_wconf 84' lang='lat' dir='ltr'><strong>annona</strong></span> <span class='ocrx_word' id='word_1_484' title='bbox 2150 4691 2373 4771; x_wconf 86' lang='lat' dir='ltr'><strong>partim</strong></span> <span class='ocrx_word' id='word_1_485' title='bbox 2416 4710 2459 4753; x_wconf 89' lang='lat' dir='ltr'><strong>a</strong></span> <span class='ocrx_word' id='word_1_486' title='bbox 2500 4692 2703 4755; x_wconf 88' lang='lat' dir='ltr'><strong>causis</strong></span> <span class='ocrx_word' id='word_1_487' title='bbox 2746 4692 3015 4757; x_wconf 86' lang='lat' dir='ltr'><strong>fortuitis</strong></span> <span class='ocrx_word' id='word_1_488' title='bbox 3058 4694 3319 4775; x_wconf 79' lang='lat' dir='ltr'><strong>pendet:</strong></span> 
     </span>
     <span class='ocr_line' id='line_1_50' title="bbox 603 4778 3318 4863; baseline 0 -20"><span class='ocrx_word' id='word_1_489' title='bbox 603 4778 826 4859; x_wconf 82' lang='lat' dir='ltr'><strong>partim</strong></span> <span class='ocrx_word' id='word_1_490' title='bbox 885 4780 962 4841; x_wconf 90' lang='lat' dir='ltr'><strong>ab</strong></span> <span class='ocrx_word' id='word_1_491' title='bbox 1023 4780 1136 4843; x_wconf 85' lang='lat' dir='ltr'><strong>illa</strong></span> <span class='ocrx_word' id='word_1_492' title='bbox 1198 4780 1550 4862; x_wconf 82' lang='lat' dir='ltr'><strong>supradicta</strong></span> <span class='ocrx_word' id='word_1_493' title='bbox 1600 4778 1873 4859; x_wconf 80' lang='lat' dir='ltr'><strong>generali</strong></span> <span class='ocrx_word' id='word_1_494' title='bbox 1917 4779 2311 4859; x_wconf 86' lang='lat' dir='ltr'><strong>dispositione</strong></span> <span class='ocrx_word' id='word_1_495' title='bbox 2358 4799 2645 4845; x_wconf 84' lang='lat' dir='ltr'><strong>annorum</strong></span> <span class='ocrx_word' id='word_1_496' title='bbox 2658 4828 2677 4857; x_wconf 91' lang='lat'><strong>,</strong></span> <span class='ocrx_word' id='word_1_497' title='bbox 2708 4798 2975 4863; x_wconf 40' lang='lat' dir='ltr'><strong>‚quorum</strong></span> <span class='ocrx_word' id='word_1_498' title='bbox 3016 4782 3167 4847; x_wconf 88' lang='lat' dir='ltr'><strong>illud</strong></span> <span class='ocrx_word' id='word_1_499' title='bbox 3208 4803 3318 4847; x_wconf 78' lang='lat' dir='ltr'><strong>sua</strong></span> 
     </span>
     <span class='ocr_line' id='line_1_51' title="bbox 601 4867 3316 4953; baseline 0.001 -22"><span class='ocrx_word' id='word_1_500' title='bbox 601 4874 824 4932; x_wconf 83' lang='lat' dir='ltr'><strong>natura</strong></span> <span class='ocrx_word' id='word_1_501' title='bbox 881 4868 1177 4952; x_wconf 86' lang='lat' dir='ltr'><strong>praesciri</strong></span> <span class='ocrx_word' id='word_1_502' title='bbox 1239 4868 1448 4953; x_wconf 88' lang='lat' dir='ltr'><strong>nequit</strong></span> <span class='ocrx_word' id='word_1_503' title='bbox 1463 4914 1484 4945; x_wconf 87' lang='lat'><strong>,</strong></span> <span class='ocrx_word' id='word_1_504' title='bbox 1549 4867 1664 4932; x_wconf 87' lang='lat' dir='ltr'><strong>hoe</strong></span> <span class='ocrx_word' id='word_1_505' title='bbox 1727 4868 1927 4933; x_wconf 82' lang='lat' dir='ltr'><strong>adhue</strong></span> <span class='ocrx_word' id='word_1_506' title='bbox 1980 4868 2305 4951; x_wconf 86' lang='lat' dir='ltr'><strong>quaeritur.</strong></span> <span class='ocrx_word' id='word_1_507' title='bbox 2395 4869 2861 4953; x_wconf 81' lang='lat' dir='ltr'><strong>Astrologorum</strong></span> <span class='ocrx_word' id='word_1_508' title='bbox 2921 4889 3067 4937; x_wconf 86' lang='lat' dir='ltr'><strong>vero</strong></span> <span class='ocrx_word' id='word_1_509' title='bbox 3108 4881 3316 4953; x_wconf 74' lang='lat' dir='ltr'><strong>partes</strong></span> 
     </span>
    </p>
   </div>
  </div>
 </body>
</html>
