3634 5575
626 352 759 428 654
1672 352 1735 407 In
1770 354 1942 421 opem
1971 352 2288 421 Διωοιοςῑοι

624 516 895 573 manibus.
976 515 1103 586 Ego
1142 516 1211 568 de
1250 530 1379 571 mea
1416 512 1695 573 tenuitate
1734 518 1960 579 addam,
2019 532 2162 587 quae
2203 518 2276 577 ad
2314 515 2654 575 amendam
2695 511 3152 573 ddiberah'euem
3193 512 3358 577 bauo

624 596 903 668 pertinere
944 595 1251 649 arbitratus
1294 595 1467 649 fuero.
1555 595 1836 658 Quaedam
1889 602 2022 649 sunt
2079 595 2324 663 majora,
2381 612 2542 668 quam
2600 599 2668 648 nt
2717 595 3070 663 providentia
3121 596 3360 665 ροεοὶιι

626 676 835 729 averti:
896 681 957 727 et
1008 673 1101 727 ubi
1157 674 1637 744 deprecationibus
1696 676 1878 747 magis
1902 677 2222 747 'agendum
2306 676 2447 730 Nam
2508 676 2554 730 si
2613 674 2827 728 eoelum
2884 680 3044 740 ruat,
3105 675 3228 745 quis
3284 674 3354 726 in

624 756 809 809 Terris
852 759 1007 807 tutus
1050 769 1173 806 esse
1216 754 1459 823 poterit?
1482 744 1499 759 ⁹
1528 758 1606 808 At
1646 754 1692 808 si
1732 754 1878 809 haec
1915 755 2083 819 ratis,
2136 754 2192 808 in
2249 772 2360 825 qua
2419 772 2540 810 cum
2596 754 2785 823 aliqua
2842 770 3008 808 manu
3057 755 3348 807 bominum

626 834 831 905 navigo
852 873 865 896 ,
930 848 1186 901 superum
1238 833 1324 886 ira
1372 841 1689 905 mergatur:
1737 834 1857 905 jam
1899 836 1965 887 de
2007 834 2324 900 natatione,
2391 834 2598 889 tabulis
2661 840 2720 886 et
2763 841 2922 901 portu
2965 834 3352 905 cogitandum.

624 913 980 967 Natationem
1015 911 1137 980 jam
1178 913 1348 966 semel
1389 912 1761 967 difficillimam
1804 930 1922 967 sum
1964 920 2258 982 expertus;
2320 915 2551 969 tabulae
2610 913 2743 968 mihi
2784 919 2844 966 et
2895 912 3054 979 remi,
3107 911 3216 966 hoc
3258 920 3358 966 est

628 992 971 1055 substantia,
1027 992 1123 1043 dos
1183 999 1243 1045 et
1290 992 1609 1047 haereditas
1668 993 1856 1048 uxoris
1911 991 2082 1049 omnis
2123 1010 2266 1063 pene
2308 995 2488 1049 adhuc
2529 1000 2620 1049 est
2658 994 2713 1047 in
2753 990 2960 1061 Styria.
3045 994 3133 1047 De
3173 998 3352 1061 portu

631 1071 741 1125 scio
784 1079 841 1127 te
882 1070 1182 1124 rectissime
1226 1073 1616 1138 consulturum,
1662 1074 1753 1144 qui
1794 1080 1890 1127 sat
1929 1071 2098 1137 nosti,
2146 1090 2247 1126 nec
2288 1090 2500 1128 omnem
2541 1073 2673 1129 mibi
2712 1073 2880 1127 licere
2924 1071 3094 1135 adire,
3137 1078 3200 1125 et
3239 1088 3346 1125 ex-

628 1151 815 1221 pedire
858 1150 991 1205 meis
1034 1151 1229 1206 studiis
1248 1190 1265 1215 ,
1326 1159 1391 1207 ut
1440 1168 1603 1222 quam
1658 1152 1934 1207 minimum
1976 1151 2182 1207 talibus
2223 1151 2639 1211 inundationum
2678 1150 2938 1223 procellis
2979 1151 3248 1213 feriatur.
3291 1150 3356 1205 in

634 1247 793 1300 quem
832 1246 919 1284 me
960 1246 1081 1285 sum
1120 1237 1462 1301 recepturus.
1546 1232 1655 1287 Sed
1714 1233 1781 1285 de
1823 1232 1934 1285 illis
1983 1230 2118 1287 meis
2175 1231 2369 1297 remis,
2429 1233 2534 1287 hoc
2587 1240 2678 1287 est
2733 1234 2802 1287 de
2856 1231 3064 1285 dilecta
3109 1228 3356 1301 pecunia

627 1311 803 1363 dicam
828 1310 1009 1379 plura.
1067 1310 1319 1365 Mortuus
1348 1318 1435 1365 est
1464 1318 1597 1365 ante
1630 1312 1908 1367 biennium
1933 1327 2092 1365 socer
2129 1328 2300 1375 meus,
2344 1312 2552 1367 relictis
2595 1311 2752 1367 bonis
2791 1310 3158 1367 immobilibus
3197 1324 3344 1363 saue

630 1406 739 1457 non
778 1390 1185 1443 contemnendis
1236 1408 1345 1443 uno
1394 1391 1618 1445 milliari
1660 1391 1807 1445 infra
1849 1389 2152 1445 Graetium.
2216 1389 2356 1445 Nam
2401 1391 2562 1447 uxori
2603 1408 2762 1447 meae
2805 1406 2904 1461 pro
2945 1389 3142 1460 quinta
3181 1394 3354 1457 parte

628 1484 841 1523 summa
880 1468 1043 1522 trium
1082 1469 1313 1523 millium
1353 1488 1427 1523 ex
1470 1469 1856 1524 aestimatione
1897 1470 2198 1524 haeredum
2239 1470 2489 1525 debetur.
2555 1472 2714 1525 Bona
2753 1468 2918 1524 dividi
2959 1484 3070 1523 non
3107 1474 3354 1537 possunt

628 1566 726 1603 seu
768 1548 1076 1601 conditione
1120 1565 1225 1603 sua
1266 1566 1363 1603 seu
1402 1550 1714 1619 pertinacia
1743 1566 1984 1605 meorum
2013 1548 2276 1604 affinium.
2330 1550 2389 1603 Si
2430 1552 2756 1613 vendantur,
2803 1549 3040 1618 pretium
3081 1547 3192 1601 vile
3237 1546 3352 1600 erit

630 1630 687 1681 in
727 1634 892 1681 tanta
930 1628 1167 1695 penuria
1206 1636 1473 1683 emturum
1514 1630 1621 1683 hoc
1662 1638 1928 1700 tempore.
2015 1628 2274 1693 Quamvis
2315 1630 2424 1683 huc
2464 1647 2572 1701 ego
2615 1629 2900 1693 inclinem,
2957 1627 3006 1681 si
3045 1626 3352 1699 magistra·

630 1714 747 1761 tum
787 1707 1053 1761 haberem
1093 1709 1373 1762 faventem
1416 1710 1487 1761 ad
1528 1709 1928 1779 impetrandam
1971 1708 2308 1763 divisionem.
2373 1708 2513 1764 Nam
2557 1708 2856 1763 communio
2889 1706 3204 1777 perniciosa
3229 1712 3352 1759 est:

632 1793 762 1840 sunt
803 1786 947 1839 enim
986 1787 1315 1841 molendina.
1400 1788 1647 1851 Quonam
1688 1788 1864 1860 igitur
1902 1794 2069 1859 pacto
2113 1789 2262 1842 bona
2302 1789 2446 1853 ista,
2493 1804 2658 1859 quam
2695 1786 2813 1842 fleri
2853 1794 3077 1859 potest,
3128 1784 3354 1839 minimo

633 1868 831 1920 damno
874 1864 929 1919 in
970 1882 1149 1919 meam
1190 1872 1527 1936 potestatem
1567 1868 1854 1939 redigam,
1915 1868 2006 1921 diu
2039 1866 2160 1936 jam
2218 1870 2315 1921 sed
2370 1868 2580 1923 frustra
2634 1867 2898 1923 delibero.
2983 1864 3155 1919 Video
3219 1864 3358 1919 mihi

636 1945 953 2015 adjumento
1010 1946 1253 2003 futuram
1310 1948 1455 2003 hanc
1507 1964 1687 2003 meam
1726 1947 2090 2003 conditionem
2140 1946 2378 2001 aulicam
2419 1954 2479 2003 et
2517 1946 2566 2001 si
2607 1948 2735 2018 quid
2774 1945 3150 2015 inceptarem,
3207 1960 3354 1997 com·

636 2024 1011 2079 mendationes
1054 2024 1213 2080 inde:
1276 2028 1370 2081 sed
1414 2027 1699 2084 consilium
1742 2027 1860 2097 ipse
1903 2028 2138 2081 formare
2179 2032 2240 2080 et
2279 2027 2606 2096 principium
2647 2026 2854 2097 agendi
2901 2021 3150 2079 invenire
3191 2022 3250 2077 in
3291 2039 3356 2077 rc

636 2113 751 2159 tam
791 2105 1069 2174 perplexa
1108 2123 1219 2159 non
1257 2122 1497 2174 possum.
1550 2108 1725 2162 Nulla
1762 2106 1978 2176 quidem
2017 2105 2244 2175 privata
2283 2105 2488 2161 invidia
2523 2122 2734 2177 gravor
2771 2105 2832 2159 in
2871 2105 3008 2161 aula
3047 2102 3356 2158 Graeoensi

634 2190 696 2237 et
734 2200 915 2253 spero,
962 2184 1009 2237 si
1050 2202 1215 2239 unum
1256 2185 1495 2255 aliquem
1535 2204 1609 2241 ex
1652 2185 1965 2256 praecipuis
2003 2184 2334 2253 praesertim
2377 2202 2452 2239 ex
2491 2184 2773 2256 regiminis
2815 2184 3080 2237 haberem
3114 2198 3220 2253 per
3259 2198 3358 2235 cu·

634 2264 937 2333 juscunque
979 2264 1087 2319 mei
1126 2264 1360 2319 fautoris
1402 2265 1675 2335 privatam
1718 2263 2253 2327 commendat-ionem,
2299 2279 2336 2318 a
2373 2264 2506 2319 meis
2543 2264 2793 2336 partibus
2831 2263 3203 2318 astronomiae
3239 2276 3363 2315 una

638 2344 952 2396 faventem:
1005 2360 1172 2413 posse
1214 2346 1499 2415 negotium
1540 2344 1757 2408 confici,
1822 2360 1919 2413 pro
1976 2358 2082 2413 quo
2139 2359 2248 2414 ego
2289 2360 2398 2397 non
2438 2360 2616 2399 essem
2657 2344 2932 2415 ingratus.
3014 2344 3180 2396 Alter
3220 2356 3360 2393 vere

634 2422 813 2491 major
851 2439 938 2476 me
981 2423 1269 2492 scrupulus
1312 2430 1496 2496 urget.
1580 2423 1847 2495 Privigna
1903 2423 2037 2477 mibi
2090 2432 2179 2475 est
2235 2422 2327 2475 hic
2389 2422 2616 2495 quidem·
2643 2424 2868 2493 Pragae
2930 2424 3076 2491 apud
3119 2426 3362 2475 matrem

638 2519 797 2557 suam
838 2498 1012 2571 (quod
1052 2502 1109 2555 in
1149 2504 1399 2557 beneficii
1438 2512 1601 2573 parte
1646 2519 1892 2574 agnosco
1934 2503 2017 2555 ita
2052 2502 2377 2571 permissum
2418 2498 2593 2569 esse),
2646 2501 2802 2571 cujus
2858 2504 3006 2557 bona
3064 2500 3122 2553 in
3161 2499 3362 2571 Styx-ia

638 2581 741 2634 sub
785 2582 1062 2635 tutoribus
1106 2589 1235 2635 sunt
1274 2600 1382 2637 non
1424 2582 1645 2637 minoris
1688 2580 1984 2637 aestimata
2024 2583 2210 2635 decem
2251 2580 2480 2636 millium
2520 2583 2588 2635 de
2630 2580 2834 2651 potiori
2873 2588 3036 2650 parte
3087 2594 3358 2649 praesen·

640 2661 711 2715 tis
752 2660 1043 2730 pecuniae.
1118 2660 1356 2731 Propter
1395 2662 1663 2717 alimenta
1700 2660 1824 2730 ejus
1865 2660 2160 2731 privignae
2203 2662 2474 2715 debentur
2512 2660 2644 2716 mihi
2685 2658 2980 2731 quotannis
3022 2661 3096 2713 ad
3139 2658 3214 2713 ⁷0
3255 2658 3359 2711 flo-

636 2756 798 2795 renos
840 2740 1155 2810 praesentis
1196 2742 1497 2812 pecuniae,
1551 2746 1611 2796 et
1660 2746 1962 2813 praeterea
2012 2756 2144 2794 usus
2201 2741 2411 2796 fructus
2462 2740 2660 2796 vineae
2711 2747 2772 2795 et
2829 2738 3046 2795 aedium
3097 2738 3156 2792 in
3195 2738 3358 2792 urbe.

636 2819 743 2875 Hic
783 2837 893 2874 non
934 2827 1151 2876 tantum
1190 2837 1335 2876 uxor
1375 2839 1498 2876 mea
1539 2822 1777 2876 sollicite
1818 2822 2020 2886 instat,
2072 2825 2138 2875 ut
2175 2821 2268 2874 vel
2311 2821 2510 2876 saltem
2551 2821 2796 2892 anquam
2835 2819 3145 2891 portionem
3186 2825 3362 2872 extra

526 2963 537 2972 ,
634 2900 837 2956 limites
879 2900 1103 2972 styriae
1143 2907 1358 2956 tutores
1402 2904 1684 2972 deponant
1722 2907 1952 2972 propter
1993 2899 2378 2957 securitatem:
2444 2917 2678 2974 aequum
2719 2900 2863 2954 enim
2901 2915 3027 2954 esse
3048 2940 3062 2962 ,
3124 2904 3190 2951 ut
3229 2897 3362 2966 ipsa

637 2996 853 3050 quoque
893 2980 950 3033 in
990 2985 1153 3050 parte
1196 2983 1411 3036 tutelae
1454 2981 1559 3046 sit,
1622 2997 1799 3052 neque
1841 2983 2042 3034 absens
2094 2987 2153 3033 et
2205 2980 2420 3034 omnino
2462 2997 2501 3035 a
2539 2979 2876 3035 conscientia
2915 2979 3083 3050 huius
3125 2975 3356 3031 admini-

637 3059 922 3113 strationis
963 3065 1193 3126 remota,
1239 3061 1366 3114 olim
1410 3062 1705 3132 neglectae
1746 3065 2035 3114 maternae
2072 3059 2454 3129 providentiae
2495 3059 2744 3115 accusari
2771 3059 2981 3130 possit;
3025 3055 3358 3128 praesertim

640 3155 759 3192 cum
803 3143 1036 3202 constet,
1082 3139 1318 3193 alterum
1360 3147 1605 3196 tutorum
1646 3139 1863 3210 aliquot
1901 3135 2284 3209 millia'bnjus
2326 3138 2638 3210 praesentis
2680 3140 2947 3211 pecuniae
2977 3143 3165 3192 mutuo
3208 3151 3356 3190 sum-

638 3218 777 3270 sisse
820 3223 879 3270 et
918 3217 1150 3288 praedia
1190 3237 1289 3289 pro
1332 3237 1392 3274 se
1435 3221 1631 3275 emisse
1672 3236 1781 3274 non
1843 3220 2129 3273 admodum
2192 3226 2345 3280 tut-a;
2409 3221 2505 3272 sed
2561 3220 2730 3273 etiam
2770 3218 2890 3289 ipse
2929 3233 3038 3290 ego
3076 3215 3194 3270 tale
3223 3215 3354 3288 quid

636 3296 899 3366 percupio
940 3297 1091 3361 fieri,
1138 3305 1203 3352 ut
1240 3299 1287 3351 si
1330 3317 1436 3370 quo
1478 3300 1701 3371 longius
1744 3315 1781 3352 a
1821 3297 2014 3369 Styria
2055 3298 2268 3360 abeam,
2314 3298 2715 3368 expeditiorem
2755 3299 2995 3352 habeam
3034 3289 3356 3367 pensionem

636 3376 792 3430 illam
814 3415 829 3438 ,
872 3378 938 3429 de
982 3392 1092 3448 qua
1130 3380 1289 3432 modo
1330 3379 1463 3434 dixi.
1548 3379 1689 3434 Nam
1730 3379 1836 3432 hoc
1877 3377 2096 3448 quidem
2135 3383 2381 3446 tempore
2426 3377 2796 3448 cogitationes
2837 3393 2996 3432 meae
3037 3376 3353 3430 distrahun-

636 3465 744 3520 tur,
787 3462 853 3509 ut
892 3455 976 3510 ita
1015 3456 1259 3512 intentus
1302 3476 1425 3513 esse
1467 3461 1536 3513 ad
1578 3457 1766 3513 studia
1805 3474 1916 3511 non
1955 3455 2177 3528 possim,
2213 3455 2334 3524 jam
2376 3473 2476 3525 pro
2514 3458 2642 3514 dote
2679 3457 2866 3512 uxoris
2907 3455 3198 3524 sollicitus,
3231 3455 3354 3524 jam

636 3551 826 3590 curam
866 3551 1043 3607 agens
1084 3537 1299 3593 aedium
1339 3539 1651 3609 privignae,
1686 3537 1808 3607 jam
1845 3537 2042 3592 vineae
2080 3535 2352 3590 culturam
2389 3543 2656 3602 tractam,
2692 3537 2814 3606 jam
2851 3537 3119 3594 alimenta
3145 3533 3351 3588 crebris

638 3615 815 3670 literis
858 3632 1169 3688 reposeens.

814 3695 973 3748 Haec
1002 3695 1183 3750 omnia
1210 3696 1440 3768 negotia
1465 3695 2000 3767 multiplicabuntur,
2043 3694 2176 3749 fient
2205 3693 2387 3748 omnia
2413 3694 2722 3751 difficiliora
2757 3695 3040 3767 expeditu,
3083 3694 3132 3748 si
3157 3693 3352 3766 Praga

640 3775 967 3828 discessero.
1030 3775 1293 3830 Miserum
1334 3793 1435 3840 me,
1481 3776 1567 3830 cui
1606 3777 1749 3831 baec
1790 3775 1920 3831 olim
1962 3774 2098 3829 satis
2140 3774 2430 3845 splendida
2461 3774 2584 3845 jam
2626 3774 2764 3830 nulli
2815 3781 2945 3830 sunt
2985 3774 3142 3840 usui,
3188 3787 3348 3845 quam

638 3860 703 3908 ut
746 3853 1105 3908 difficiliorem
1146 3857 1380 3910 reddant
1422 3855 1793 3912 oeconomiam
1847 3861 2020 3927 utque
2071 3869 2300 3909 uxorem
2355 3861 2414 3908 et
2471 3854 2782 3928 prIvignam
2825 3855 2986 3910 lauta
3025 3853 3154 3908 olim
3193 3853 3250 3908 in
3293 3867 3352 3905 re

641 3934 953 3988 sumtiosius
996 3936 1162 3988 alam.
1580 3971 1591 3986 ,

818 4015 977 4068 Haec
1017 4013 1223 4085 itaque,
1267 4019 1332 4068 ut
1371 4014 1527 4069 initio
1568 4015 1701 4080 dixi,
1745 4017 1813 4069 ad
1857 4014 2198 4068 formandum
2239 4013 2521 4068 consilium
2557 4013 2836 4084 pertinere
2874 4029 2991 4084 sum
3025 4011 3350 4067 arbitratus.

638 4095 907 4164 Tempus,
961 4096 1146 4233 ut3)ad
1194 4094 1566 4163 pulcherrima
1612 4102 1805 4150 nostra
1855 4093 2040 4148 studia
2092 4109 2395 4148 sermonem
2437 4095 2786 4150 transferam.
2887 4097 2988 4162 (Ex
3023 4100 3176 4150 literis
3213 4098 3261 4148 d.
3299 4097 3348 4148 d.

643 4170 726 4220 12.
762 4172 880 4223 Jan.
926 4169 1024 4220 160
1086 4208 1100 4223 .

819 4255 966 4306 Brevi
1002 4263 1115 4322 post
1152 4253 1299 4322 (Maj.
1343 4255 1503 4320 1603)
1542 4259 1750 4310 nunciat
1782 4257 2030 4322 Keplerus
2067 4257 2325 4308 Hervarto
2344 4294 2358 4317 ,
2394 4273 2594 4310 uxorem
2631 4271 2772 4309 suam
2808 4259 2859 4310 ln
2897 4255 3114 4322 Styx-iam
3151 4257 3349 4312 abiisse.

640 4335 697 4380 ut
733 4343 810 4378 res
846 4342 964 4378 suas
1002 4330 1112 4394 ipsa
1148 4335 1358 4380 curaret.
1432 4329 1796 4382 Hervartus
1837 4327 1908 4392 (d.
1951 4325 2035 4378 ¹⁷.
2075 4329 2189 4379 Jun.
2233 4325 2396 4392 1603)
2433 4329 2561 4382 haec
2597 4329 2870 4394 respondit:
2923 4387 2928 4392 ⁸

820 4417 969 4467 Edler
1004 4417 1302 4468 Ehrnvester
1336 4418 1439 4467 und
1473 4417 1876 4483 Hoobgelehrter.
1951 4417 2092 4470 Euch
2144 4417 2284 4467 seind
2340 4419 2504 4470 meino
2550 4417 2904 4485 freundwillige
2955 4417 3136 4470 Dienst
3187 4415 3349 4474 bever,

641 4487 844 4538 sonders
880 4487 1032 4539 lieber
1067 4487 1197 4539 Herr
1231 4487 1335 4538 und
1368 4493 1512 4554 guter
1546 4489 1759 4540 Freund.

820 4575 910 4626 Ich
960 4575 1063 4627 hab
1114 4578 1205 4626 mit
1256 4577 1367 4626 dem
1416 4576 1579 4626 Herrn
1627 4575 1777 4626 Peter
1827 4577 2003 4636 Canai,
2057 4577 2198 4628 Rath
2240 4576 2343 4628 und
2398 4572 2712 4630 secretarien
2763 4577 2808 4628 J.
2849 4577 2904 4626 Ρ.
2944 4576 3028 4627 DJ
3067 4573 3351 4628 Perdinand

642 4661 737 4697 von
776 4645 1033 4698 Oestreicb
1048 4683 1062 4704 ,
1112 4661 1286 4713 'egen
1324 4646 1411 4698 des
1448 4647 1611 4698 Herm
1644 4647 2254 4714 Erbscbaltsbandlungen
2287 4647 2508 4714 ger-edet.
2581 4648 2651 4699 Er
2697 4649 2788 4698 bat
2829 4647 2944 4698 sich
2975 4647 3200 4698 erbottcn
3215 4683 3230 4706 ,
3270 4645 3350 4697 bel

644 4718 741 4768 den
779 4718 979 4769 Saeben
1014 4719 1121 4769 seia
1156 4717 1336 4769 Bestes
1372 4733 1435 4768 zu
1470 4719 1609 4769 tbun.
1685 4719 1773 4768 Als
1816 4720 1938 4769 vird
1989 4721 2080 4770 der
2109 4719 2238 4769 Hert
2289 4721 2396 4770 sein
2429 4717 2778 4776 Haustanen.
2833 4718 2924 4768 auf
2971 4719 3073 4770 den
3115 4717 3226 4770 Bm
3275 4719 3352 4770 nie

643 4789 1089 4847 achmetem,
1142 4789 1776 4845 ”lehc-visuum.
1829 4790 1989 4841 demit
2033 4791 2109 4840 sle
2153 4790 2260 4844 sich
2309 4788 3190 4856 bellummontem-emuna
3261 4788 3352 4845 lob

644 4859 3352 4932 &autumnoue-avemuAn-otminmdoemvomumoemnp
