<?xml version="1.0" encoding="UTF-8"?>
<!DOCTYPE html PUBLIC "-//W3C//DTD XHTML 1.0 Transitional//EN"
    "http://www.w3.org/TR/xhtml1/DTD/xhtml1-transitional.dtd">
<html xmlns="http://www.w3.org/1999/xhtml" xml:lang="en" lang="en">
 <head>
  <title>
</title>
<meta http-equiv="Content-Type" content="text/html;charset=utf-8" />
  <meta name='ocr-system' content='tesseract 3.04.00' />
  <meta name='ocr-capabilities' content='ocr_page ocr_carea ocr_par ocr_line ocrx_word'/>
</head>
<body>
  <div class='ocr_page' id='page_1' title='image "./joanniskepleria30frisgoog_0152.png"; bbox 0 0 3634 5575; ppageno 0'>
   <div class='ocr_carea' id='block_1_1' title="bbox 1645 289 3150 386">
    <p class='ocr_par' dir='ltr' id='par_1_1' title="bbox 1645 289 3150 386">
     <span class='ocr_line' id='line_1_1' title="bbox 1645 289 3150 386; baseline 0.005 -8"><span class='ocrx_word' id='word_1_1' title='bbox 1645 311 1814 378; x_wconf 68' lang='lat' dir='ltr'><strong>oms</strong></span> <span class='ocrx_word' id='word_1_2' title='bbox 1846 312 1933 366; x_wconf 80' lang='lat'><strong>11·</strong></span> <span class='ocrx_word' id='word_1_3' title='bbox 1984 289 1997 299; x_wconf 83' lang='lat'>&#39;</span> <span class='ocrx_word' id='word_1_4' title='bbox 3024 315 3150 386; x_wconf 84' lang='lat'><strong>133</strong></span> 
     </span>
    </p>
   </div>
   <div class='ocr_carea' id='block_1_2' title="bbox 419 471 3153 3224">
    <p class='ocr_par' dir='ltr' id='par_1_2' title="bbox 425 471 3153 1358">
     <span class='ocr_line' id='line_1_2' title="bbox 606 471 3152 558; baseline 0.003 -23"><span class='ocrx_word' id='word_1_5' title='bbox 606 471 814 536; x_wconf 88' lang='lat' dir='ltr'><strong>Etiam</strong></span> <span class='ocrx_word' id='word_1_6' title='bbox 841 471 1146 537; x_wconf 86' lang='lat' dir='ltr'><strong>Saturnus</strong></span> <span class='ocrx_word' id='word_1_7' title='bbox 1179 471 1491 535; x_wconf 86' lang='lat' dir='ltr'><strong>solitarius</strong></span> <span class='ocrx_word' id='word_1_8' title='bbox 1523 481 1622 536; x_wconf 86' lang='lat' dir='ltr'><strong>est</strong></span> <span class='ocrx_word' id='word_1_9' title='bbox 1658 493 1984 555; x_wconf 85' lang='lat' dir='ltr'><strong>amansque</strong></span> <span class='ocrx_word' id='word_1_10' title='bbox 2012 471 2386 548; x_wconf 71' lang='lat' dir='ltr'><strong>solitudinis,</strong></span> <span class='ocrx_word' id='word_1_11' title='bbox 2432 479 2613 558; x_wconf 85' lang='lat' dir='ltr'><strong>plane</strong></span> <span class='ocrx_word' id='word_1_12' title='bbox 2658 483 2728 540; x_wconf 90' lang='lat' dir='ltr'><strong>ut</strong></span> <span class='ocrx_word' id='word_1_13' title='bbox 2772 477 2901 558; x_wconf 83' lang='lat' dir='ltr'><strong>ejus</strong></span> <span class='ocrx_word' id='word_1_14' title='bbox 2947 479 3152 558; x_wconf 86' lang='lat' dir='ltr'><strong>anguli</strong></span> 
     </span>
     <span class='ocr_line' id='line_1_3' title="bbox 433 562 3151 647; baseline 0.002 -23"><span class='ocrx_word' id='word_1_15' title='bbox 433 562 730 625; x_wconf 83' lang='lat' dir='ltr'><strong>rectitudo</strong></span> <span class='ocrx_word' id='word_1_16' title='bbox 777 581 894 624; x_wconf 90' lang='lat' dir='ltr'><strong>non</strong></span> <span class='ocrx_word' id='word_1_17' title='bbox 941 569 1152 643; x_wconf 86' lang='lat' dir='ltr'><strong>potest</strong></span> <span class='ocrx_word' id='word_1_18' title='bbox 1197 563 1352 624; x_wconf 80' lang='lat' dir='ltr'><strong>ferre</strong></span> <span class='ocrx_word' id='word_1_19' title='bbox 1399 562 1584 624; x_wconf 90' lang='lat' dir='ltr'><strong>ullam</strong></span> <span class='ocrx_word' id='word_1_20' title='bbox 1629 563 2131 644; x_wconf 70' lang='lat' dir='ltr'><strong>inaequalitatem</strong></span> <span class='ocrx_word' id='word_1_21' title='bbox 2176 565 2274 628; x_wconf 86' lang='lat' dir='ltr'><strong>vel</strong></span> <span class='ocrx_word' id='word_1_22' title='bbox 2328 567 2659 642; x_wconf 79' lang='lat' dir='ltr'><strong>minimam,</strong></span> <span class='ocrx_word' id='word_1_23' title='bbox 2722 567 2893 646; x_wconf 87' lang='lat' dir='ltr'><strong>cnjus</strong></span> <span class='ocrx_word' id='word_1_24' title='bbox 2948 567 3151 647; x_wconf 82' lang='lat' dir='ltr'><strong>gratia</strong></span> 
     </span>
     <span class='ocr_line' id='line_1_4' title="bbox 429 649 3153 735; baseline 0.002 -23"><span class='ocrx_word' id='word_1_25' title='bbox 429 650 744 730; x_wconf 81' lang='lat' dir='ltr'><strong>multiplex</strong></span> <span class='ocrx_word' id='word_1_26' title='bbox 789 651 912 715; x_wconf 81' lang='lat' dir='ltr'><strong>fiat.</strong></span> <span class='ocrx_word' id='word_1_27' title='bbox 995 649 1224 714; x_wconf 88' lang='lat' dir='ltr'><strong>Contra</strong></span> <span class='ocrx_word' id='word_1_28' title='bbox 1253 650 1492 730; x_wconf 79' lang='lat' dir='ltr'><strong>Jupiter</strong></span> <span class='ocrx_word' id='word_1_29' title='bbox 1530 673 1562 712; x_wconf 92' lang='lat' dir='ltr'><strong>e</strong></span> <span class='ocrx_word' id='word_1_30' title='bbox 1610 671 1834 732; x_wconf 89' lang='lat' dir='ltr'><strong>genere</strong></span> <span class='ocrx_word' id='word_1_31' title='bbox 1882 653 2243 716; x_wconf 84' lang='lat' dir='ltr'><strong>infinitorum</strong></span> <span class='ocrx_word' id='word_1_32' title='bbox 2286 663 2597 717; x_wconf 88' lang='lat' dir='ltr'><strong>acutorum</strong></span> <span class='ocrx_word' id='word_1_33' title='bbox 2643 674 2821 717; x_wconf 89' lang='lat' dir='ltr'><strong>unum</strong></span> <span class='ocrx_word' id='word_1_34' title='bbox 2868 656 3153 735; x_wconf 84' lang='lat' dir='ltr'><strong>angulum</strong></span> 
     </span>
     <span class='ocr_line' id='line_1_5' title="bbox 428 739 3151 826; baseline 0.001 -24"><span class='ocrx_word' id='word_1_35' title='bbox 428 748 644 802; x_wconf 80' lang='lat' dir='ltr'><strong>nactus</strong></span> <span class='ocrx_word' id='word_1_36' title='bbox 689 739 1000 820; x_wconf 88' lang='lat' dir='ltr'><strong>popularis</strong></span> <span class='ocrx_word' id='word_1_37' title='bbox 1046 739 1182 802; x_wconf 90' lang='lat' dir='ltr'><strong>ideo</strong></span> <span class='ocrx_word' id='word_1_38' title='bbox 1230 740 1430 802; x_wconf 83' lang='lat' dir='ltr'><strong>factus</strong></span> <span class='ocrx_word' id='word_1_39' title='bbox 1489 747 1612 815; x_wconf 87' lang='lat' dir='ltr'><strong>est,</strong></span> <span class='ocrx_word' id='word_1_40' title='bbox 1671 742 1982 804; x_wconf 87' lang='lat' dir='ltr'><strong>moderate</strong></span> <span class='ocrx_word' id='word_1_41' title='bbox 2038 750 2240 804; x_wconf 88' lang='lat' dir='ltr'><strong>tamen</strong></span> <span class='ocrx_word' id='word_1_42' title='bbox 2288 751 2353 806; x_wconf 87' lang='lat' dir='ltr'><strong>et</strong></span> <span class='ocrx_word' id='word_1_43' title='bbox 2396 752 2825 826; x_wconf 80' lang='lat' dir='ltr'><strong>temperanter.</strong></span> <span class='ocrx_word' id='word_1_44' title='bbox 2916 746 3151 807; x_wconf 86' lang='lat' dir='ltr'><strong>Auctor</strong></span> 
     </span>
     <span class='ocr_line' id='line_1_6' title="bbox 428 826 3150 914; baseline 0.002 -23"><span class='ocrx_word' id='word_1_45' title='bbox 428 829 588 892; x_wconf 87' lang='lat' dir='ltr'><strong>enim</strong></span> <span class='ocrx_word' id='word_1_46' title='bbox 633 838 734 892; x_wconf 85' lang='lat' dir='ltr'><strong>est</strong></span> <span class='ocrx_word' id='word_1_47' title='bbox 785 826 1193 895; x_wconf 75' lang='lat' dir='ltr'><strong>amicitiarum</strong></span> <span class='ocrx_word' id='word_1_48' title='bbox 1248 829 1675 908; x_wconf 66' lang='lat' dir='ltr'><strong>honestiorum.</strong></span> <span class='ocrx_word' id='word_1_49' title='bbox 1769 831 1873 893; x_wconf 89' lang='lat' dir='ltr'><strong>Ita</strong></span> <span class='ocrx_word' id='word_1_50' title='bbox 1916 831 2086 893; x_wconf 84' lang='lat' dir='ltr'><strong>Mars</strong></span> <span class='ocrx_word' id='word_1_51' title='bbox 2148 839 2212 894; x_wconf 87' lang='lat' dir='ltr'><strong>et</strong></span> <span class='ocrx_word' id='word_1_52' title='bbox 2258 832 2468 895; x_wconf 89' lang='lat' dir='ltr'><strong>Venus</strong></span> <span class='ocrx_word' id='word_1_53' title='bbox 2532 832 2853 914; x_wconf 82' lang='lat' dir='ltr'><strong>populares</strong></span> <span class='ocrx_word' id='word_1_54' title='bbox 2910 839 2975 896; x_wconf 91' lang='lat' dir='ltr'><strong>et</strong></span> <span class='ocrx_word' id='word_1_55' title='bbox 3032 833 3150 914; x_wconf 86' lang='lat' dir='ltr'><strong>ipsi</strong></span> 
     </span>
     <span class='ocr_line' id='line_1_7' title="bbox 429 917 3151 1002; baseline -0 -16"><span class='ocrx_word' id='word_1_56' title='bbox 429 924 586 994; x_wconf 76' lang='lat' dir='ltr'><strong>sunt,</strong></span> <span class='ocrx_word' id='word_1_57' title='bbox 633 919 748 980; x_wconf 88' lang='lat' dir='ltr'><strong>sed</strong></span> <span class='ocrx_word' id='word_1_58' title='bbox 775 918 1039 982; x_wconf 88' lang='lat' dir='ltr'><strong>nimium.</strong></span> <span class='ocrx_word' id='word_1_59' title='bbox 1105 917 1266 982; x_wconf 90' lang='lat' dir='ltr'><strong>Nam</strong></span> <span class='ocrx_word' id='word_1_60' title='bbox 1294 919 1544 980; x_wconf 89' lang='lat' dir='ltr'><strong>obtusus</strong></span> <span class='ocrx_word' id='word_1_61' title='bbox 1576 926 1638 981; x_wconf 91' lang='lat' dir='ltr'><strong>et</strong></span> <span class='ocrx_word' id='word_1_62' title='bbox 1673 919 1959 1000; x_wconf 88' lang='lat' dir='ltr'><strong>prodigus</strong></span> <span class='ocrx_word' id='word_1_63' title='bbox 2007 919 2271 998; x_wconf 90' lang='lat' dir='ltr'><strong>ipsorum</strong></span> <span class='ocrx_word' id='word_1_64' title='bbox 2320 923 2573 1002; x_wconf 85' lang='lat' dir='ltr'><strong>angulus</strong></span> <span class='ocrx_word' id='word_1_65' title='bbox 2621 921 3151 1002; x_wconf 76' lang='lat' dir='ltr'><strong>intemperantiam</strong></span> 
     </span>
     <span class='ocr_line' id='line_1_8' title="bbox 427 1007 3150 1092; baseline 0.001 -22"><span class='ocrx_word' id='word_1_66' title='bbox 427 1014 618 1070; x_wconf 84' lang='lat' dir='ltr'><strong>notat.</strong></span> <span class='ocrx_word' id='word_1_67' title='bbox 687 1007 1024 1070; x_wconf 87' lang='lat' dir='ltr'><strong>Mercurius</strong></span> <span class='ocrx_word' id='word_1_68' title='bbox 1073 1007 1145 1067; x_wconf 90' lang='lat' dir='ltr'><strong>de</strong></span> <span class='ocrx_word' id='word_1_69' title='bbox 1193 1014 1411 1069; x_wconf 89' lang='lat' dir='ltr'><strong>natura</strong></span> <span class='ocrx_word' id='word_1_70' title='bbox 1458 1007 1706 1070; x_wconf 89' lang='lat' dir='ltr'><strong>Saturni</strong></span> <span class='ocrx_word' id='word_1_71' title='bbox 1756 1016 1822 1070; x_wconf 90' lang='lat' dir='ltr'><strong>et</strong></span> <span class='ocrx_word' id='word_1_72' title='bbox 1862 1007 2037 1069; x_wconf 87' lang='lat' dir='ltr'><strong>Jovis</strong></span> <span class='ocrx_word' id='word_1_73' title='bbox 2085 1017 2182 1071; x_wconf 87' lang='lat' dir='ltr'><strong>est</strong></span> <span class='ocrx_word' id='word_1_74' title='bbox 2228 1009 2462 1072; x_wconf 87' lang='lat' dir='ltr'><strong>ratione</strong></span> <span class='ocrx_word' id='word_1_75' title='bbox 2512 1010 2736 1092; x_wconf 84' lang='lat' dir='ltr'><strong>anguli.</strong></span> <span class='ocrx_word' id='word_1_76' title='bbox 2812 1009 2898 1073; x_wconf 88' lang='lat' dir='ltr'><strong>Et</strong></span> <span class='ocrx_word' id='word_1_77' title='bbox 2942 1017 3150 1074; x_wconf 89' lang='lat' dir='ltr'><strong>amant</strong></span> 
     </span>
     <span class='ocr_line' id='line_1_9' title="bbox 427 1094 3149 1180; baseline 0.001 -22"><span class='ocrx_word' id='word_1_78' title='bbox 427 1095 653 1160; x_wconf 90' lang='lat' dir='ltr'><strong>literati</strong></span> <span class='ocrx_word' id='word_1_79' title='bbox 701 1096 939 1177; x_wconf 88' lang='lat' dir='ltr'><strong>quidem</strong></span> <span class='ocrx_word' id='word_1_80' title='bbox 985 1095 1388 1170; x_wconf 82' lang='lat' dir='ltr'><strong>solitudinem,</strong></span> <span class='ocrx_word' id='word_1_81' title='bbox 1441 1094 1548 1157; x_wconf 89' lang='lat' dir='ltr'><strong>sed</strong></span> <span class='ocrx_word' id='word_1_82' title='bbox 1595 1095 1903 1160; x_wconf 89' lang='lat' dir='ltr'><strong>inhumani</strong></span> <span class='ocrx_word' id='word_1_83' title='bbox 1948 1103 2152 1159; x_wconf 90' lang='lat' dir='ltr'><strong>tamen</strong></span> <span class='ocrx_word' id='word_1_84' title='bbox 2202 1117 2318 1159; x_wconf 91' lang='lat' dir='ltr'><strong>non</strong></span> <span class='ocrx_word' id='word_1_85' title='bbox 2366 1108 2530 1163; x_wconf 89' lang='lat' dir='ltr'><strong>sunt.</strong></span> <span class='ocrx_word' id='word_1_86' title='bbox 2604 1097 2837 1162; x_wconf 88' lang='lat' dir='ltr'><strong>Amant</strong></span> <span class='ocrx_word' id='word_1_87' title='bbox 2875 1119 2999 1176; x_wconf 89' lang='lat' dir='ltr'><strong>eos,</strong></span> <span class='ocrx_word' id='word_1_88' title='bbox 3049 1098 3149 1180; x_wconf 89' lang='lat' dir='ltr'><strong>qui</strong></span> 
     </span>
     <span class='ocr_line' id='line_1_10' title="bbox 427 1183 3149 1269; baseline 0.001 -22"><span class='ocrx_word' id='word_1_89' title='bbox 427 1184 641 1248; x_wconf 84' lang='lat' dir='ltr'><strong>iisdem</strong></span> <span class='ocrx_word' id='word_1_90' title='bbox 670 1185 887 1248; x_wconf 89' lang='lat' dir='ltr'><strong>studiis</strong></span> <span class='ocrx_word' id='word_1_91' title='bbox 917 1185 1316 1258; x_wconf 89' lang='lat' dir='ltr'><strong>oblectantur,</strong></span> <span class='ocrx_word' id='word_1_92' title='bbox 1359 1183 1712 1266; x_wconf 90' lang='lat' dir='ltr'><strong>modumque</strong></span> <span class='ocrx_word' id='word_1_93' title='bbox 1745 1193 2025 1250; x_wconf 85' lang='lat' dir='ltr'><strong>statuunt</strong></span> <span class='ocrx_word' id='word_1_94' title='bbox 2070 1185 2128 1248; x_wconf 91' lang='lat' dir='ltr'><strong>in</strong></span> <span class='ocrx_word' id='word_1_95' title='bbox 2160 1187 2738 1259; x_wconf 64' lang='lat' dir='ltr'><strong>conversationibuS,</strong></span> <span class='ocrx_word' id='word_1_96' title='bbox 2786 1187 2922 1268; x_wconf 88' lang='lat' dir='ltr'><strong>plus</strong></span> <span class='ocrx_word' id='word_1_97' title='bbox 2970 1207 3149 1269; x_wconf 88' lang='lat' dir='ltr'><strong>quam</strong></span> 
     </span>
     <span class='ocr_line' id='line_1_11' title="bbox 425 1272 3037 1358; baseline 0.001 -22"><span class='ocrx_word' id='word_1_98' title='bbox 425 1273 684 1356; x_wconf 84' lang='lat' dir='ltr'><strong>Jupiter,</strong></span> <span class='ocrx_word' id='word_1_99' title='bbox 735 1275 899 1355; x_wconf 87' lang='lat' dir='ltr'><strong>cujus</strong></span> <span class='ocrx_word' id='word_1_100' title='bbox 949 1272 1140 1335; x_wconf 87' lang='lat' dir='ltr'><strong>omnis</strong></span> <span class='ocrx_word' id='word_1_101' title='bbox 1189 1273 1350 1336; x_wconf 88' lang='lat' dir='ltr'><strong>actio</strong></span> <span class='ocrx_word' id='word_1_102' title='bbox 1399 1280 1494 1335; x_wconf 87' lang='lat' dir='ltr'><strong>est</strong></span> <span class='ocrx_word' id='word_1_103' title='bbox 1537 1275 1598 1336; x_wconf 91' lang='lat' dir='ltr'><strong>in</strong></span> <span class='ocrx_word' id='word_1_104' title='bbox 1647 1275 1937 1336; x_wconf 88' lang='lat' dir='ltr'><strong>coetubus</strong></span> <span class='ocrx_word' id='word_1_105' title='bbox 1983 1275 2288 1338; x_wconf 89' lang='lat' dir='ltr'><strong>hominum</strong></span> <span class='ocrx_word' id='word_1_106' title='bbox 2333 1276 2605 1358; x_wconf 88' lang='lat' dir='ltr'><strong>interque</strong></span> <span class='ocrx_word' id='word_1_107' title='bbox 2652 1285 3037 1356; x_wconf 82' lang='lat' dir='ltr'><strong>purpuratos.</strong></span> 
     </span>
    </p>

    <p class='ocr_par' dir='ltr' id='par_1_3' title="bbox 426 1361 3150 1978">
     <span class='ocr_line' id='line_1_12' title="bbox 600 1361 3147 1447; baseline 0.001 -21"><span class='ocrx_word' id='word_1_108' title='bbox 600 1362 843 1443; x_wconf 85' lang='lat' dir='ltr'><strong>Jupiter</strong></span> <span class='ocrx_word' id='word_1_109' title='bbox 878 1371 945 1426; x_wconf 89' lang='lat' dir='ltr'><strong>et</strong></span> <span class='ocrx_word' id='word_1_110' title='bbox 971 1363 1183 1425; x_wconf 88' lang='lat' dir='ltr'><strong>Venus</strong></span> <span class='ocrx_word' id='word_1_111' title='bbox 1233 1361 1509 1425; x_wconf 91' lang='lat' dir='ltr'><strong>foecundi</strong></span> <span class='ocrx_word' id='word_1_112' title='bbox 1554 1371 1716 1426; x_wconf 91' lang='lat' dir='ltr'><strong>sunt.</strong></span> <span class='ocrx_word' id='word_1_113' title='bbox 1811 1362 1976 1427; x_wconf 88' lang='lat' dir='ltr'><strong>Sane</strong></span> <span class='ocrx_word' id='word_1_114' title='bbox 2024 1363 2163 1444; x_wconf 87' lang='lat' dir='ltr'><strong>quia</strong></span> <span class='ocrx_word' id='word_1_115' title='bbox 2206 1364 2445 1445; x_wconf 87' lang='lat' dir='ltr'><strong>Jupiter</strong></span> <span class='ocrx_word' id='word_1_116' title='bbox 2492 1365 2642 1428; x_wconf 89' lang='lat' dir='ltr'><strong>facit</strong></span> <span class='ocrx_word' id='word_1_117' title='bbox 2688 1366 2765 1427; x_wconf 89' lang='lat' dir='ltr'><strong>ad</strong></span> <span class='ocrx_word' id='word_1_118' title='bbox 2811 1366 3147 1447; x_wconf 86' lang='lat' dir='ltr'><strong>plerorum-</strong></span> 
     </span>
     <span class='ocr_line' id='line_1_13' title="bbox 427 1451 3147 1535; baseline 0.001 -23"><span class='ocrx_word' id='word_1_119' title='bbox 427 1471 538 1532; x_wconf 89' lang='lat' dir='ltr'><strong>que</strong></span> <span class='ocrx_word' id='word_1_120' title='bbox 587 1451 1109 1535; x_wconf 82' lang='lat' dir='ltr'><strong>compositionem,</strong></span> <span class='ocrx_word' id='word_1_121' title='bbox 1159 1451 1371 1515; x_wconf 87' lang='lat' dir='ltr'><strong>Venus</strong></span> <span class='ocrx_word' id='word_1_122' title='bbox 1419 1457 1620 1514; x_wconf 83' lang='lat' dir='ltr'><strong>autem</strong></span> <span class='ocrx_word' id='word_1_123' title='bbox 1665 1452 1841 1514; x_wconf 88' lang='lat' dir='ltr'><strong>Jovis</strong></span> <span class='ocrx_word' id='word_1_124' title='bbox 1889 1451 2058 1533; x_wconf 89' lang='lat' dir='ltr'><strong>quasi</strong></span> <span class='ocrx_word' id='word_1_125' title='bbox 2110 1453 2351 1516; x_wconf 89' lang='lat' dir='ltr'><strong>soboles</strong></span> <span class='ocrx_word' id='word_1_126' title='bbox 2399 1461 2525 1530; x_wconf 88' lang='lat' dir='ltr'><strong>est,</strong></span> <span class='ocrx_word' id='word_1_127' title='bbox 2587 1473 2723 1516; x_wconf 90' lang='lat' dir='ltr'><strong>cum</strong></span> <span class='ocrx_word' id='word_1_128' title='bbox 2767 1473 2887 1516; x_wconf 87' lang='lat' dir='ltr'><strong>una</strong></span> <span class='ocrx_word' id='word_1_129' title='bbox 2933 1453 3147 1516; x_wconf 86' lang='lat' dir='ltr'><strong>Venus</strong></span> 
     </span>
     <span class='ocr_line' id='line_1_14' title="bbox 426 1539 3143 1624; baseline 0.002 -26"><span class='ocrx_word' id='word_1_130' title='bbox 426 1539 642 1620; x_wconf 85' lang='lat' dir='ltr'><strong>viginti</strong></span> <span class='ocrx_word' id='word_1_131' title='bbox 686 1540 876 1604; x_wconf 73' lang='lat' dir='ltr'><strong>Jove‘s</strong></span> <span class='ocrx_word' id='word_1_132' title='bbox 925 1540 1334 1602; x_wconf 87' lang='lat' dir='ltr'><strong>breviusculos</strong></span> <span class='ocrx_word' id='word_1_133' title='bbox 1380 1540 1440 1602; x_wconf 85' lang='lat' dir='ltr'><strong>in</strong></span> <span class='ocrx_word' id='word_1_134' title='bbox 1489 1559 1554 1602; x_wconf 87' lang='lat' dir='ltr'><strong>se</strong></span> <span class='ocrx_word' id='word_1_135' title='bbox 1601 1541 1927 1604; x_wconf 86' lang='lat' dir='ltr'><strong>contineat.</strong></span> <span class='ocrx_word' id='word_1_136' title='bbox 1992 1541 2233 1621; x_wconf 90' lang='lat' dir='ltr'><strong>Jupiter</strong></span> <span class='ocrx_word' id='word_1_137' title='bbox 2279 1550 2483 1605; x_wconf 89' lang='lat' dir='ltr'><strong>autem</strong></span> <span class='ocrx_word' id='word_1_138' title='bbox 2524 1543 2586 1604; x_wconf 92' lang='lat' dir='ltr'><strong>in</strong></span> <span class='ocrx_word' id='word_1_139' title='bbox 2631 1562 2831 1605; x_wconf 89' lang='lat' dir='ltr'><strong>mares</strong></span> <span class='ocrx_word' id='word_1_140' title='bbox 2879 1543 3143 1624; x_wconf 89' lang='lat' dir='ltr'><strong>aequior,</strong></span> 
     </span>
     <span class='ocr_line' id='line_1_15' title="bbox 428 1629 3147 1712; baseline 0.001 -22"><span class='ocrx_word' id='word_1_141' title='bbox 428 1630 637 1693; x_wconf 86' lang='lat' dir='ltr'><strong>Venus</strong></span> <span class='ocrx_word' id='word_1_142' title='bbox 683 1630 744 1692; x_wconf 89' lang='lat' dir='ltr'><strong>iu</strong></span> <span class='ocrx_word' id='word_1_143' title='bbox 795 1630 1127 1692; x_wconf 86' lang='lat' dir='ltr'><strong>foeminas:</strong></span> <span class='ocrx_word' id='word_1_144' title='bbox 1197 1629 1352 1692; x_wconf 88' lang='lat' dir='ltr'><strong>unde</strong></span> <span class='ocrx_word' id='word_1_145' title='bbox 1411 1629 1512 1690; x_wconf 81' lang='lat' dir='ltr'><strong>ille</strong></span> <span class='ocrx_word' id='word_1_146' title='bbox 1575 1649 1704 1692; x_wconf 74' lang='lat' dir='ltr'><strong>inas</strong></span> <span class='ocrx_word' id='word_1_147' title='bbox 1766 1630 2021 1705; x_wconf 88' lang='lat' dir='ltr'><strong>dicitur,</strong></span> <span class='ocrx_word' id='word_1_148' title='bbox 2089 1630 2239 1692; x_wconf 77' lang='lat' dir='ltr'><strong>haec</strong></span> <span class='ocrx_word' id='word_1_149' title='bbox 2288 1631 2569 1694; x_wconf 80' lang='lat' dir='ltr'><strong>foemina.</strong></span> <span class='ocrx_word' id='word_1_150' title='bbox 2662 1631 2939 1712; x_wconf 86' lang='lat' dir='ltr'><strong>Pyramis</strong></span> <span class='ocrx_word' id='word_1_151' title='bbox 2986 1631 3147 1693; x_wconf 91' lang='lat' dir='ltr'><strong>enim</strong></span> 
     </span>
     <span class='ocr_line' id='line_1_16' title="bbox 426 1715 3145 1801; baseline 0.001 -21"><span class='ocrx_word' id='word_1_152' title='bbox 426 1717 642 1780; x_wconf 84' lang='lat' dir='ltr'><strong>efficax</strong></span> <span class='ocrx_word' id='word_1_153' title='bbox 689 1725 821 1793; x_wconf 88' lang='lat' dir='ltr'><strong>est,</strong></span> <span class='ocrx_word' id='word_1_154' title='bbox 892 1715 1246 1781; x_wconf 71' lang='lat' dir='ltr'><strong>icosaedron</strong></span> <span class='ocrx_word' id='word_1_155' title='bbox 1307 1717 1580 1780; x_wconf 87' lang='lat' dir='ltr'><strong>effectum</strong></span> <span class='ocrx_word' id='word_1_156' title='bbox 1640 1726 1702 1781; x_wconf 89' lang='lat' dir='ltr'><strong>et</strong></span> <span class='ocrx_word' id='word_1_157' title='bbox 1763 1717 2024 1782; x_wconf 84' lang='lat' dir='ltr'><strong>soboles.</strong></span> <span class='ocrx_word' id='word_1_158' title='bbox 2120 1719 2215 1782; x_wconf 84' lang='lat' dir='ltr'><strong>Ex</strong></span> <span class='ocrx_word' id='word_1_159' title='bbox 2260 1720 2359 1782; x_wconf 89' lang='lat' dir='ltr'><strong>bis</strong></span> <span class='ocrx_word' id='word_1_160' title='bbox 2406 1719 2623 1782; x_wconf 90' lang='lat' dir='ltr'><strong>iisdem</strong></span> <span class='ocrx_word' id='word_1_161' title='bbox 2666 1719 2979 1801; x_wconf 88' lang='lat' dir='ltr'><strong>principiis</strong></span> <span class='ocrx_word' id='word_1_162' title='bbox 3027 1719 3145 1784; x_wconf 89' lang='lat' dir='ltr'><strong>ali-</strong></span> 
     </span>
     <span class='ocr_line' id='line_1_17' title="bbox 427 1807 3150 1890; baseline 0 -20"><span class='ocrx_word' id='word_1_163' title='bbox 427 1815 650 1888; x_wconf 88' lang='lat' dir='ltr'><strong>quanto</strong></span> <span class='ocrx_word' id='word_1_164' title='bbox 703 1807 1068 1890; x_wconf 83' lang='lat' dir='ltr'><strong>&#39;explicatior</strong></span> <span class='ocrx_word' id='word_1_165' title='bbox 1131 1825 1318 1870; x_wconf 85' lang='lat' dir='ltr'><strong>causa</strong></span> <span class='ocrx_word' id='word_1_166' title='bbox 1371 1807 1672 1882; x_wconf 85' lang='lat' dir='ltr'><strong>redditur,</strong></span> <span class='ocrx_word' id='word_1_167' title='bbox 1740 1827 1923 1889; x_wconf 85' lang='lat' dir='ltr'><strong>quare</strong></span> <span class='ocrx_word' id='word_1_168' title='bbox 1970 1808 2305 1871; x_wconf 89' lang='lat' dir='ltr'><strong>Mercurius</strong></span> <span class='ocrx_word' id='word_1_169' title='bbox 2362 1809 2686 1889; x_wconf 90' lang='lat' dir='ltr'><strong>promiscui</strong></span> <span class='ocrx_word' id='word_1_170' title='bbox 2731 1829 2911 1871; x_wconf 87' lang='lat' dir='ltr'><strong>sexus</strong></span> <span class='ocrx_word' id='word_1_171' title='bbox 2958 1808 3042 1872; x_wconf 86' lang='lat' dir='ltr'><strong>sit</strong></span> <span class='ocrx_word' id='word_1_172' title='bbox 3086 1815 3150 1870; x_wconf 90' lang='lat' dir='ltr'><strong>et</strong></span> 
     </span>
     <span class='ocr_line' id='line_1_18' title="bbox 426 1895 1559 1978; baseline 0 -19"><span class='ocrx_word' id='word_1_173' title='bbox 426 1916 608 1978; x_wconf 85' lang='lat' dir='ltr'><strong>quare</strong></span> <span class='ocrx_word' id='word_1_174' title='bbox 656 1897 714 1960; x_wconf 89' lang='lat' dir='ltr'><strong>in</strong></span> <span class='ocrx_word' id='word_1_175' title='bbox 762 1895 1171 1960; x_wconf 85' lang='lat' dir='ltr'><strong>foecunditate</strong></span> <span class='ocrx_word' id='word_1_176' title='bbox 1219 1896 1559 1959; x_wconf 89' lang='lat' dir='ltr'><strong>mediocris.</strong></span> 
     </span>
    </p>

    <p class='ocr_par' dir='ltr' id='par_1_4' title="bbox 423 1983 3151 2404">
     <span class='ocr_line' id='line_1_19' title="bbox 599 1983 3145 2068; baseline -0 -19"><span class='ocrx_word' id='word_1_177' title='bbox 599 1984 772 2049; x_wconf 88' lang='lat' dir='ltr'><strong>Jovis</strong></span> <span class='ocrx_word' id='word_1_178' title='bbox 817 1986 1101 2066; x_wconf 88' lang='lat' dir='ltr'><strong>primum,</strong></span> <span class='ocrx_word' id='word_1_179' title='bbox 1162 1984 1298 2046; x_wconf 90' lang='lat' dir='ltr'><strong>dein</strong></span> <span class='ocrx_word' id='word_1_180' title='bbox 1346 1983 1627 2061; x_wconf 85' lang='lat' dir='ltr'><strong>Saturni,</strong></span> <span class='ocrx_word' id='word_1_181' title='bbox 1686 1991 1751 2046; x_wconf 89' lang='lat' dir='ltr'><strong>et</strong></span> <span class='ocrx_word' id='word_1_182' title='bbox 1805 1984 2043 2048; x_wconf 90' lang='lat' dir='ltr'><strong>demum</strong></span> <span class='ocrx_word' id='word_1_183' title='bbox 2089 1986 2377 2050; x_wconf 87' lang='lat' dir='ltr'><strong>Mercurii</strong></span> <span class='ocrx_word' id='word_1_184' title='bbox 2428 1986 2840 2068; x_wconf 87' lang='lat' dir='ltr'><strong>tranquillitas</strong></span> <span class='ocrx_word' id='word_1_185' title='bbox 2888 1992 2953 2046; x_wconf 90' lang='lat' dir='ltr'><strong>et</strong></span> <span class='ocrx_word' id='word_1_186' title='bbox 2996 2005 3145 2048; x_wconf 89' lang='lat' dir='ltr'><strong>con-</strong></span> 
     </span>
     <span class='ocr_line' id='line_1_20' title="bbox 425 2072 3151 2157; baseline -0.001 -19"><span class='ocrx_word' id='word_1_187' title='bbox 425 2072 658 2138; x_wconf 87' lang='lat' dir='ltr'><strong>stantia</strong></span> <span class='ocrx_word' id='word_1_188' title='bbox 703 2094 930 2137; x_wconf 90' lang='lat' dir='ltr'><strong>morum</strong></span> <span class='ocrx_word' id='word_1_189' title='bbox 977 2084 1075 2136; x_wconf 89' lang='lat' dir='ltr'><strong>est</strong></span> <span class='ocrx_word' id='word_1_190' title='bbox 1120 2095 1157 2136; x_wconf 90' lang='lat' dir='ltr'><strong>a</strong></span> <span class='ocrx_word' id='word_1_191' title='bbox 1202 2073 1510 2153; x_wconf 90' lang='lat' dir='ltr'><strong>paucitate</strong></span> <span class='ocrx_word' id='word_1_192' title='bbox 1555 2074 1907 2157; x_wconf 86' lang='lat' dir='ltr'><strong>planorum:</strong></span> <span class='ocrx_word' id='word_1_193' title='bbox 1971 2073 2231 2137; x_wconf 90' lang='lat' dir='ltr'><strong>Veneris</strong></span> <span class='ocrx_word' id='word_1_194' title='bbox 2286 2083 2351 2136; x_wconf 89' lang='lat' dir='ltr'><strong>et</strong></span> <span class='ocrx_word' id='word_1_195' title='bbox 2394 2076 2616 2138; x_wconf 88' lang='lat' dir='ltr'><strong>Martis</strong></span> <span class='ocrx_word' id='word_1_196' title='bbox 2664 2074 3037 2138; x_wconf 82' lang='lat' dir='ltr'><strong>turbulentia</strong></span> <span class='ocrx_word' id='word_1_197' title='bbox 3082 2081 3151 2138; x_wconf 87' lang='lat' dir='ltr'><strong>et</strong></span> 
     </span>
     <span class='ocr_line' id='line_1_21' title="bbox 424 2161 3144 2243; baseline -0.001 -17"><span class='ocrx_word' id='word_1_198' title='bbox 424 2164 647 2228; x_wconf 86' lang='lat' dir='ltr'><strong>levitas</strong></span> <span class='ocrx_word' id='word_1_199' title='bbox 695 2183 734 2224; x_wconf 88' lang='lat' dir='ltr'><strong>a</strong></span> <span class='ocrx_word' id='word_1_200' title='bbox 776 2164 1180 2230; x_wconf 89' lang='lat' dir='ltr'><strong>multitudine.</strong></span> <span class='ocrx_word' id='word_1_201' title='bbox 1266 2162 1522 2227; x_wconf 90' lang='lat' dir='ltr'><strong>Varium</strong></span> <span class='ocrx_word' id='word_1_202' title='bbox 1568 2171 1632 2224; x_wconf 87' lang='lat' dir='ltr'><strong>et</strong></span> <span class='ocrx_word' id='word_1_203' title='bbox 1675 2161 1962 2225; x_wconf 90' lang='lat' dir='ltr'><strong>mutabile</strong></span> <span class='ocrx_word' id='word_1_204' title='bbox 2011 2182 2247 2243; x_wconf 90' lang='lat' dir='ltr'><strong>semper</strong></span> <span class='ocrx_word' id='word_1_205' title='bbox 2292 2163 2570 2227; x_wconf 89' lang='lat' dir='ltr'><strong>foemina.</strong></span> <span class='ocrx_word' id='word_1_206' title='bbox 2643 2164 2730 2226; x_wconf 90' lang='lat' dir='ltr'><strong>Et</strong></span> <span class='ocrx_word' id='word_1_207' title='bbox 2774 2163 2966 2242; x_wconf 85' lang='lat' dir='ltr'><strong>figura</strong></span> <span class='ocrx_word' id='word_1_208' title='bbox 3011 2161 3144 2223; x_wconf 90' lang='lat' dir='ltr'><strong>Ve-</strong></span> 
     </span>
     <span class='ocr_line' id='line_1_22' title="bbox 423 2250 3144 2333; baseline 0 -19"><span class='ocrx_word' id='word_1_209' title='bbox 423 2253 584 2314; x_wconf 81' lang='lat' dir='ltr'><strong>neris</strong></span> <span class='ocrx_word' id='word_1_210' title='bbox 631 2251 891 2315; x_wconf 89' lang='lat' dir='ltr'><strong>omnium</strong></span> <span class='ocrx_word' id='word_1_211' title='bbox 938 2253 1198 2314; x_wconf 86' lang='lat' dir='ltr'><strong>maxime</strong></span> <span class='ocrx_word' id='word_1_212' title='bbox 1244 2251 1416 2314; x_wconf 88' lang='lat' dir='ltr'><strong>varia</strong></span> <span class='ocrx_word' id='word_1_213' title='bbox 1462 2258 1528 2313; x_wconf 89' lang='lat' dir='ltr'><strong>et</strong></span> <span class='ocrx_word' id='word_1_214' title='bbox 1573 2250 1875 2314; x_wconf 80' lang='lat' dir='ltr'><strong>volubilis,</strong></span> <span class='ocrx_word' id='word_1_215' title='bbox 1950 2251 2157 2333; x_wconf 85' lang='lat' dir='ltr'><strong>Atque</strong></span> <span class='ocrx_word' id='word_1_216' title='bbox 2205 2251 2267 2314; x_wconf 91' lang='lat' dir='ltr'><strong>hi</strong></span> <span class='ocrx_word' id='word_1_217' title='bbox 2314 2254 2541 2332; x_wconf 81' lang='lat' dir='ltr'><strong>gradus</strong></span> <span class='ocrx_word' id='word_1_218' title='bbox 2586 2261 2757 2316; x_wconf 85' lang='lat' dir='ltr'><strong>sunt:</strong></span> <span class='ocrx_word' id='word_1_219' title='bbox 2807 2253 2963 2314; x_wconf 88' lang='lat' dir='ltr'><strong>unde</strong></span> <span class='ocrx_word' id='word_1_220' title='bbox 3010 2269 3144 2316; x_wconf 87' lang='lat' dir='ltr'><strong>me-</strong></span> 
     </span>
     <span class='ocr_line' id='line_1_23' title="bbox 424 2340 1402 2415; baseline -0.002 -12"><span class='ocrx_word' id='word_1_221' title='bbox 424 2341 556 2404; x_wconf 90' lang='lat' dir='ltr'><strong>dius</strong></span> <span class='ocrx_word' id='word_1_222' title='bbox 601 2340 968 2415; x_wconf 87' lang='lat' dir='ltr'><strong>Mercurius,</strong></span> <span class='ocrx_word' id='word_1_223' title='bbox 1017 2341 1220 2404; x_wconf 86' lang='lat' dir='ltr'><strong>media</strong></span> <span class='ocrx_word' id='word_1_224' title='bbox 1265 2340 1402 2402; x_wconf 84' lang='lat' dir='ltr'><strong>fide.</strong></span> 
     </span>
    </p>

    <p class='ocr_par' dir='ltr' id='par_1_5' title="bbox 419 2426 3142 2778">
     <span class='ocr_line' id='line_1_24' title="bbox 579 2426 3142 2509; baseline -0.001 -16.976"><span class='ocrx_word' id='word_1_225' title='bbox 579 2429 884 2502; x_wconf 86' lang='lat' dir='ltr'><strong>Mercurii</strong></span> <span class='ocrx_word' id='word_1_226' title='bbox 931 2429 1220 2492; x_wconf 85' lang='lat' dir='ltr'><strong>versatile</strong></span> <span class='ocrx_word' id='word_1_227' title='bbox 1269 2436 1332 2491; x_wconf 92' lang='lat' dir='ltr'><strong>et</strong></span> <span class='ocrx_word' id='word_1_228' title='bbox 1377 2429 1572 2491; x_wconf 89' lang='lat' dir='ltr'><strong>celere</strong></span> <span class='ocrx_word' id='word_1_229' title='bbox 1619 2427 1923 2509; x_wconf 85' lang='lat' dir='ltr'><strong>ingenium</strong></span> <span class='ocrx_word' id='word_1_230' title='bbox 1960 2429 2149 2491; x_wconf 79' lang='lat' dir='ltr'><strong>refert</strong></span> <span class='ocrx_word' id='word_1_231' title='bbox 2184 2428 2457 2492; x_wconf 66' lang='lat' dir='ltr'><strong>octaedri</strong></span> <span class='ocrx_word' id='word_1_232' title='bbox 2490 2427 2819 2492; x_wconf 88' lang='lat' dir='ltr'><strong>mobilitas.</strong></span> <span class='ocrx_word' id='word_1_233' title='bbox 2884 2427 3042 2490; x_wconf 90' lang='lat' dir='ltr'><strong>Nam</strong></span> <span class='ocrx_word' id='word_1_234' title='bbox 3091 2426 3142 2490; x_wconf 88' lang='lat' dir='ltr'><strong>si</strong></span> 
     </span>
     <span class='ocr_line' id='line_1_25' title="bbox 423 2516 3142 2601; baseline -0.002 -20"><span class='ocrx_word' id='word_1_235' title='bbox 423 2538 604 2601; x_wconf 85' lang='lat' dir='ltr'><strong>super</strong></span> <span class='ocrx_word' id='word_1_236' title='bbox 667 2519 818 2582; x_wconf 90' lang='lat' dir='ltr'><strong>duos</strong></span> <span class='ocrx_word' id='word_1_237' title='bbox 883 2519 1136 2600; x_wconf 86' lang='lat' dir='ltr'><strong>angulos</strong></span> <span class='ocrx_word' id='word_1_238' title='bbox 1193 2518 1446 2590; x_wconf 88' lang='lat' dir='ltr'><strong>volvas,</strong></span> <span class='ocrx_word' id='word_1_239' title='bbox 1513 2523 1769 2598; x_wconf 91' lang='lat' dir='ltr'><strong>quatuor</strong></span> <span class='ocrx_word' id='word_1_240' title='bbox 1836 2517 2119 2580; x_wconf 87' lang='lat' dir='ltr'><strong>continua</strong></span> <span class='ocrx_word' id='word_1_241' title='bbox 2182 2518 2379 2580; x_wconf 89' lang='lat' dir='ltr'><strong>latera</strong></span> <span class='ocrx_word' id='word_1_242' title='bbox 2432 2535 2541 2597; x_wconf 87' lang='lat' dir='ltr'><strong>per</strong></span> <span class='ocrx_word' id='word_1_243' title='bbox 2598 2517 2857 2579; x_wconf 89' lang='lat' dir='ltr'><strong>medium</strong></span> <span class='ocrx_word' id='word_1_244' title='bbox 2918 2516 3142 2595; x_wconf 83' lang='lat' dir='ltr'><strong>figurae</strong></span> 
     </span>
     <span class='ocr_line' id='line_1_26' title="bbox 422 2603 3141 2714; baseline -0.002 -43"><span class='ocrx_word' id='word_1_245' title='bbox 422 2607 718 2672; x_wconf 88' lang='lat' dir='ltr'><strong>directum</strong></span> <span class='ocrx_word' id='word_1_246' title='bbox 775 2608 893 2671; x_wconf 86' lang='lat' dir='ltr'><strong>iter</strong></span> <span class='ocrx_word' id='word_1_247' title='bbox 947 2614 1283 2670; x_wconf 88' lang='lat' dir='ltr'><strong>transeunt.</strong></span> <span class='ocrx_word' id='word_1_248' title='bbox 1397 2605 1656 2670; x_wconf 86' lang='lat' dir='ltr'><strong>Ceteras</strong></span> <span class='ocrx_word' id='word_1_249' title='bbox 1716 2605 1939 2686; x_wconf 85' lang='lat' dir='ltr'><strong>figuras</strong></span> <span class='ocrx_word' id='word_1_250' title='bbox 2004 2605 2537 2688; x_wconf 87' lang='lat' dir='ltr'><strong>quomodocunque</strong></span> <span class='ocrx_word' id='word_1_251' title='bbox 2590 2607 2840 2714; x_wconf 84' lang='lat' dir='ltr'><strong>volvas,</strong></span> <span class='ocrx_word' id='word_1_252' title='bbox 2906 2603 3141 2668; x_wconf 83' lang='lat' dir='ltr'><strong>videbis</strong></span> 
     </span>
     <span class='ocr_line' id='line_1_27' title="bbox 419 2693 2267 2778; baseline 0 -20"><span class='ocrx_word' id='word_1_253' title='bbox 419 2716 528 2778; x_wconf 88' lang='lat' dir='ltr'><strong>per</strong></span> <span class='ocrx_word' id='word_1_254' title='bbox 571 2695 833 2760; x_wconf 89' lang='lat' dir='ltr'><strong>medium</strong></span> <span class='ocrx_word' id='word_1_255' title='bbox 881 2704 1236 2760; x_wconf 87' lang='lat' dir='ltr'><strong>transversa</strong></span> <span class='ocrx_word' id='word_1_256' title='bbox 1281 2703 1346 2756; x_wconf 91' lang='lat' dir='ltr'><strong>et</strong></span> <span class='ocrx_word' id='word_1_257' title='bbox 1391 2694 1682 2775; x_wconf 90' lang='lat' dir='ltr'><strong>impedita</strong></span> <span class='ocrx_word' id='word_1_258' title='bbox 1727 2693 2007 2758; x_wconf 85' lang='lat' dir='ltr'><strong>incedere</strong></span> <span class='ocrx_word' id='word_1_259' title='bbox 2054 2695 2267 2759; x_wconf 86' lang='lat' dir='ltr'><strong>latera.</strong></span> 
     </span>
    </p>

    <p class='ocr_par' dir='ltr' id='par_1_6' title="bbox 421 2782 3144 3224">
     <span class='ocr_line' id='line_1_28' title="bbox 597 2782 3143 2865; baseline -0.001 -16"><span class='ocrx_word' id='word_1_260' title='bbox 597 2787 768 2849; x_wconf 87' lang='lat' dir='ltr'><strong>Mars</strong></span> <span class='ocrx_word' id='word_1_261' title='bbox 813 2786 1018 2850; x_wconf 87' lang='lat' dir='ltr'><strong>multis</strong></span> <span class='ocrx_word' id='word_1_262' title='bbox 1065 2784 1360 2849; x_wconf 87' lang='lat' dir='ltr'><strong>lateribus</strong></span> <span class='ocrx_word' id='word_1_263' title='bbox 1422 2783 1710 2865; x_wconf 83' lang='lat' dir='ltr'><strong>pauciora</strong></span> <span class='ocrx_word' id='word_1_264' title='bbox 1765 2785 1951 2865; x_wconf 91' lang='lat' dir='ltr'><strong>plana</strong></span> <span class='ocrx_word' id='word_1_265' title='bbox 2008 2784 2222 2861; x_wconf 85' lang='lat' dir='ltr'><strong>efficit,</strong></span> <span class='ocrx_word' id='word_1_266' title='bbox 2288 2783 2501 2851; x_wconf 89' lang='lat' dir='ltr'><strong>Venus</strong></span> <span class='ocrx_word' id='word_1_267' title='bbox 2550 2783 2804 2847; x_wconf 89' lang='lat' dir='ltr'><strong>totidem</strong></span> <span class='ocrx_word' id='word_1_268' title='bbox 2852 2782 3143 2847; x_wconf 84' lang='lat' dir='ltr'><strong>lateribus</strong></span> 
     </span>
     <span class='ocr_line' id='line_1_29' title="bbox 421 2872 3143 2959; baseline -0.001 -20"><span class='ocrx_word' id='word_1_269' title='bbox 421 2877 600 2957; x_wconf 90' lang='lat' dir='ltr'><strong>plura</strong></span> <span class='ocrx_word' id='word_1_270' title='bbox 643 2875 866 2959; x_wconf 86' lang='lat' dir='ltr'><strong>plana:</strong></span> <span class='ocrx_word' id='word_1_271' title='bbox 931 2876 1156 2938; x_wconf 89' lang='lat' dir='ltr'><strong>Martis</strong></span> <span class='ocrx_word' id='word_1_272' title='bbox 1203 2874 1389 2936; x_wconf 89' lang='lat' dir='ltr'><strong>etiam</strong></span> <span class='ocrx_word' id='word_1_273' title='bbox 1436 2874 1607 2937; x_wconf 89' lang='lat' dir='ltr'><strong>multi</strong></span> <span class='ocrx_word' id='word_1_274' title='bbox 1669 2883 1923 2937; x_wconf 88' lang='lat' dir='ltr'><strong>conatus</strong></span> <span class='ocrx_word' id='word_1_275' title='bbox 1980 2874 2133 2937; x_wconf 89' lang='lat' dir='ltr'><strong>irriti</strong></span> <span class='ocrx_word' id='word_1_276' title='bbox 2189 2881 2366 2937; x_wconf 88' lang='lat' dir='ltr'><strong>sunt:</strong></span> <span class='ocrx_word' id='word_1_277' title='bbox 2436 2874 2645 2935; x_wconf 86' lang='lat' dir='ltr'><strong>Venus</strong></span> <span class='ocrx_word' id='word_1_278' title='bbox 2693 2872 3010 2937; x_wconf 87' lang='lat' dir='ltr'><strong>conatibus</strong></span> <span class='ocrx_word' id='word_1_279' title='bbox 3054 2872 3143 2935; x_wconf 90' lang='lat' dir='ltr'><strong>illi</strong></span> 
     </span>
     <span class='ocr_line' id='line_1_30' title="bbox 422 2954 3144 3050; baseline -0.002 -23"><span class='ocrx_word' id='word_1_280' title='bbox 422 2984 554 3050; x_wconf 86' lang='lat' dir='ltr'><strong>par,</strong></span> <span class='ocrx_word' id='word_1_281' title='bbox 600 2964 982 3045; x_wconf 86' lang='lat' dir='ltr'><strong>prosperiore</strong></span> <span class='ocrx_word' id='word_1_282' title='bbox 1029 2971 1234 3027; x_wconf 87' lang='lat' dir='ltr'><strong>tamen</strong></span> <span class='ocrx_word' id='word_1_283' title='bbox 1282 2963 1472 3026; x_wconf 90' lang='lat' dir='ltr'><strong>utitur</strong></span> <span class='ocrx_word' id='word_1_284' title='bbox 1519 2963 1778 3026; x_wconf 89' lang='lat' dir='ltr'><strong>fortuna.</strong></span> <span class='ocrx_word' id='word_1_285' title='bbox 1862 2964 1993 3027; x_wconf 85' lang='lat' dir='ltr'><strong>Nec</strong></span> <span class='ocrx_word' id='word_1_286' title='bbox 2040 2962 2101 3025; x_wconf 90' lang='lat' dir='ltr'><strong>id</strong></span> <span class='ocrx_word' id='word_1_287' title='bbox 2148 2954 2361 3027; x_wconf 84' lang='lat' dir='ltr'><strong>mirum</strong></span> <span class='ocrx_word' id='word_1_288' title='bbox 2408 2981 2544 3024; x_wconf 83' lang='lat' dir='ltr'><strong>esse</strong></span> <span class='ocrx_word' id='word_1_289' title='bbox 2592 2962 2793 3026; x_wconf 88' lang='lat' dir='ltr'><strong>debet</strong></span> <span class='ocrx_word' id='word_1_290' title='bbox 2876 2961 3144 3024; x_wconf 82' lang='lat' dir='ltr'><strong>Facilius</strong></span> 
     </span>
     <span class='ocr_line' id='line_1_31' title="bbox 421 3052 3143 3134; baseline -0.001 -19"><span class='ocrx_word' id='word_1_291' title='bbox 421 3054 580 3117; x_wconf 87' lang='lat' dir='ltr'><strong>enim</strong></span> <span class='ocrx_word' id='word_1_292' title='bbox 625 3054 878 3117; x_wconf 87' lang='lat' dir='ltr'><strong>choreae</strong></span> <span class='ocrx_word' id='word_1_293' title='bbox 920 3052 1314 3117; x_wconf 86' lang='lat' dir='ltr'><strong>instituuntur</strong></span> <span class='ocrx_word' id='word_1_294' title='bbox 1351 3072 1530 3134; x_wconf 90' lang='lat' dir='ltr'><strong>quam</strong></span> <span class='ocrx_word' id='word_1_295' title='bbox 1567 3052 1748 3125; x_wconf 87' lang='lat' dir='ltr'><strong>bella,</strong></span> <span class='ocrx_word' id='word_1_296' title='bbox 1796 3062 1859 3115; x_wconf 90' lang='lat' dir='ltr'><strong>et</strong></span> <span class='ocrx_word' id='word_1_297' title='bbox 1903 3070 2016 3132; x_wconf 90' lang='lat' dir='ltr'><strong>par</strong></span> <span class='ocrx_word' id='word_1_298' title='bbox 2060 3061 2211 3127; x_wconf 88' lang='lat' dir='ltr'><strong>erat,</strong></span> <span class='ocrx_word' id='word_1_299' title='bbox 2263 3052 2441 3115; x_wconf 87' lang='lat' dir='ltr'><strong>citius</strong></span> <span class='ocrx_word' id='word_1_300' title='bbox 2489 3053 2565 3114; x_wconf 89' lang='lat' dir='ltr'><strong>ad</strong></span> <span class='ocrx_word' id='word_1_301' title='bbox 2614 3052 2789 3115; x_wconf 88' lang='lat' dir='ltr'><strong>finem</strong></span> <span class='ocrx_word' id='word_1_302' title='bbox 2832 3052 3143 3130; x_wconf 86' lang='lat' dir='ltr'><strong>pervenire</strong></span> 
     </span>
     <span class='ocr_line' id='line_1_32' title="bbox 422 3140 3141 3224; baseline -0.001 -19"><span class='ocrx_word' id='word_1_303' title='bbox 422 3161 680 3215; x_wconf 84' lang='lat' dir='ltr'><strong>amores,</strong></span> <span class='ocrx_word' id='word_1_304' title='bbox 727 3161 905 3224; x_wconf 83' lang='lat' dir='ltr'><strong>quam</strong></span> <span class='ocrx_word' id='word_1_305' title='bbox 951 3142 1104 3215; x_wconf 86' lang='lat' dir='ltr'><strong>iras,</strong></span> <span class='ocrx_word' id='word_1_306' title='bbox 1153 3142 1293 3223; x_wconf 91' lang='lat' dir='ltr'><strong>quia</strong></span> <span class='ocrx_word' id='word_1_307' title='bbox 1337 3142 1452 3203; x_wconf 82' lang='lat' dir='ltr'><strong>hae</strong></span> <span class='ocrx_word' id='word_1_308' title='bbox 1499 3140 1800 3222; x_wconf 90' lang='lat' dir='ltr'><strong>perimunt</strong></span> <span class='ocrx_word' id='word_1_309' title='bbox 1848 3140 2135 3218; x_wconf 87' lang='lat' dir='ltr'><strong>homines,</strong></span> <span class='ocrx_word' id='word_1_310' title='bbox 2187 3142 2274 3205; x_wconf 91' lang='lat' dir='ltr'><strong>illi</strong></span> <span class='ocrx_word' id='word_1_311' title='bbox 2319 3140 2591 3222; x_wconf 85' lang='lat' dir='ltr'><strong>gignunt.</strong></span> <span class='ocrx_word' id='word_1_312' title='bbox 2684 3140 2917 3204; x_wconf 90' lang='lat' dir='ltr'><strong>Eodem</strong></span> <span class='ocrx_word' id='word_1_313' title='bbox 2960 3146 3141 3221; x_wconf 82' lang='lat' dir='ltr'><strong>pacto</strong></span> 
     </span>
    </p>
   </div>
   <div class='ocr_carea' id='block_1_3' title="bbox 420 3228 1600 3329">
    <p class='ocr_par' dir='ltr' id='par_1_7' title="bbox 420 3228 1600 3329">
     <span class='ocr_line' id='line_1_33' title="bbox 420 3228 1600 3329; baseline 0.001 -36"><span class='ocrx_word' id='word_1_314' title='bbox 420 3231 756 3294; x_wconf 87' lang='lat' dir='ltr'><strong>Mercurius</strong></span> <span class='ocrx_word' id='word_1_315' title='bbox 803 3228 1070 3294; x_wconf 88' lang='lat' dir='ltr'><strong>Saturno</strong></span> <span class='ocrx_word' id='word_1_316' title='bbox 1117 3230 1350 3293; x_wconf 85' lang='lat' dir='ltr'><strong>felicior</strong></span> <span class='ocrx_word' id='word_1_317' title='bbox 1373 3237 1512 3329; x_wconf 29' lang='lat' dir='ltr'><strong>rest.</strong></span> <span class='ocrx_word' id='word_1_318' title='bbox 1547 3231 1600 3303; x_wconf 79' lang='lat'><strong>⁰)</strong></span> 
     </span>
    </p>
   </div>
   <div class='ocr_carea' id='block_1_4' title="bbox 1397 3404 2169 3581">
    <p class='ocr_par' dir='ltr' id='par_1_8' title="bbox 1397 3404 2169 3581">
     <span class='ocr_line' id='line_1_34' title="bbox 1397 3404 2169 3470; baseline -0.003 0"><span class='ocrx_word' id='word_1_319' title='bbox 1397 3406 1489 3470; x_wconf 89' lang='lat' dir='ltr'><strong>IN</strong></span> <span class='ocrx_word' id='word_1_320' title='bbox 1538 3404 1816 3469; x_wconf 88' lang='lat' dir='ltr'><strong>CAPUT</strong></span> <span class='ocrx_word' id='word_1_321' title='bbox 1861 3404 2169 3470; x_wconf 87' lang='lat' dir='ltr'>NONUM</span> 
     </span>
     <span class='ocr_line' id='line_1_35' title="bbox 1465 3526 2093 3581; baseline 0 -2"><span class='ocrx_word' id='word_1_322' title='bbox 1465 3528 1698 3581; x_wconf 67' lang='lat' dir='ltr'><strong>noran</strong></span> <span class='ocrx_word' id='word_1_323' title='bbox 1737 3526 2093 3580; x_wconf 66' lang='lat' dir='ltr'><strong>moreius,</strong></span> 
     </span>
    </p>
   </div>
   <div class='ocr_carea' id='block_1_5' title="bbox 416 3635 3143 3791">
    <p class='ocr_par' dir='ltr' id='par_1_9' title="bbox 416 3635 3143 3791">
     <span class='ocr_line' id='line_1_36' title="bbox 578 3635 3141 3711; baseline -0 -17"><span class='ocrx_word' id='word_1_324' title='bbox 578 3635 642 3709; x_wconf 88' lang='lat' dir='ltr'><strong>a)</strong></span> <span class='ocrx_word' id='word_1_325' title='bbox 682 3640 906 3711; x_wconf 87' lang='lat' dir='ltr'><strong>Loquor</strong></span> <span class='ocrx_word' id='word_1_326' title='bbox 945 3656 1066 3693; x_wconf 88' lang='lat' dir='ltr'><strong>cum</strong></span> <span class='ocrx_word' id='word_1_327' title='bbox 1113 3638 1431 3711; x_wconf 82' lang='lat' dir='ltr'><strong>astrologis.</strong></span> <span class='ocrx_word' id='word_1_328' title='bbox 1515 3638 1659 3692; x_wconf 84' lang='lat' dir='ltr'><strong>Nam</strong></span> <span class='ocrx_word' id='word_1_329' title='bbox 1699 3638 1746 3692; x_wconf 87' lang='lat' dir='ltr'><strong>si</strong></span> <span class='ocrx_word' id='word_1_330' title='bbox 1792 3654 1973 3693; x_wconf 82' lang='lat' dir='ltr'><strong>meam</strong></span> <span class='ocrx_word' id='word_1_331' title='bbox 2020 3638 2355 3692; x_wconf 86' lang='lat' dir='ltr'><strong>sententiam</strong></span> <span class='ocrx_word' id='word_1_332' title='bbox 2398 3636 2599 3700; x_wconf 83' lang='lat' dir='ltr'><strong>dicam,</strong></span> <span class='ocrx_word' id='word_1_333' title='bbox 2649 3638 2835 3691; x_wconf 87' lang='lat' dir='ltr'><strong>nullus</strong></span> <span class='ocrx_word' id='word_1_334' title='bbox 2882 3637 2940 3691; x_wconf 87' lang='lat' dir='ltr'><strong>in</strong></span> <span class='ocrx_word' id='word_1_335' title='bbox 2985 3640 3141 3693; x_wconf 89' lang='lat' dir='ltr'><strong>coelo</strong></span> 
     </span>
     <span class='ocr_line' id='line_1_37' title="bbox 416 3717 3143 3791; baseline -0.001 -15"><span class='ocrx_word' id='word_1_336' title='bbox 416 3720 693 3776; x_wconf 75' lang='lat' dir='ltr'><strong>maleficus</strong></span> <span class='ocrx_word' id='word_1_337' title='bbox 722 3719 854 3774; x_wconf 85' lang='lat' dir='ltr'><strong>mihi</strong></span> <span class='ocrx_word' id='word_1_338' title='bbox 881 3724 1168 3773; x_wconf 82' lang='lat' dir='ltr'><strong>censetur:</strong></span> <span class='ocrx_word' id='word_1_339' title='bbox 1211 3720 1372 3791; x_wconf 88' lang='lat' dir='ltr'><strong>idque</strong></span> <span class='ocrx_word' id='word_1_340' title='bbox 1403 3736 1526 3773; x_wconf 88' lang='lat' dir='ltr'><strong>cum</strong></span> <span class='ocrx_word' id='word_1_341' title='bbox 1553 3719 1625 3773; x_wconf 88' lang='lat' dir='ltr'><strong>ob</strong></span> <span class='ocrx_word' id='word_1_342' title='bbox 1655 3718 1798 3773; x_wconf 79' lang='lat' dir='ltr'><strong>alias</strong></span> <span class='ocrx_word' id='word_1_343' title='bbox 1825 3718 2090 3782; x_wconf 84' lang='lat' dir='ltr'><strong>rationes,</strong></span> <span class='ocrx_word' id='word_1_344' title='bbox 2136 3724 2253 3773; x_wconf 87' lang='lat' dir='ltr'><strong>tum</strong></span> <span class='ocrx_word' id='word_1_345' title='bbox 2281 3718 2519 3773; x_wconf 80' lang='lat' dir='ltr'><strong>maxime</strong></span> <span class='ocrx_word' id='word_1_346' title='bbox 2546 3722 2777 3787; x_wconf 85' lang='lat' dir='ltr'><strong>propter</strong></span> <span class='ocrx_word' id='word_1_347' title='bbox 2804 3717 2963 3781; x_wconf 88' lang='lat' dir='ltr'><strong>hanc,</strong></span> <span class='ocrx_word' id='word_1_348' title='bbox 3011 3718 3143 3788; x_wconf 77' lang='lat' dir='ltr'><strong>quia</strong></span> 
     </span>
    </p>
   </div>
   <div class='ocr_carea' id='block_1_6' title="bbox 285 3788 3139 3871">
    <p class='ocr_par' dir='ltr' id='par_1_10' title="bbox 285 3788 3139 3871">
     <span class='ocr_line' id='line_1_38' title="bbox 285 3788 3139 3871; baseline -0.002 -14"><span class='ocrx_word' id='word_1_349' title='bbox 285 3788 298 3793; x_wconf 46' lang='lat'><em>⁶</em></span> <span class='ocrx_word' id='word_1_350' title='bbox 415 3800 648 3857; x_wconf 85' lang='lat' dir='ltr'><strong>hominis</strong></span> <span class='ocrx_word' id='word_1_351' title='bbox 685 3800 858 3871; x_wconf 87' lang='lat' dir='ltr'><strong>ipsius</strong></span> <span class='ocrx_word' id='word_1_352' title='bbox 899 3806 1105 3855; x_wconf 87' lang='lat' dir='ltr'><strong>natura</strong></span> <span class='ocrx_word' id='word_1_353' title='bbox 1142 3805 1231 3854; x_wconf 89' lang='lat' dir='ltr'><strong>est</strong></span> <span class='ocrx_word' id='word_1_354' title='bbox 1271 3800 1360 3854; x_wconf 87' lang='lat' dir='ltr'><strong>hic</strong></span> <span class='ocrx_word' id='word_1_355' title='bbox 1399 3799 1452 3854; x_wconf 92' lang='lat' dir='ltr'><strong>in</strong></span> <span class='ocrx_word' id='word_1_356' title='bbox 1493 3800 1668 3853; x_wconf 82' lang='lat' dir='ltr'><strong>Terra</strong></span> <span class='ocrx_word' id='word_1_357' title='bbox 1702 3814 1951 3863; x_wconf 83' lang='lat' dir='ltr'><strong>versans,</strong></span> <span class='ocrx_word' id='word_1_358' title='bbox 2002 3815 2143 3870; x_wconf 87' lang='lat' dir='ltr'><strong>quae</strong></span> <span class='ocrx_word' id='word_1_359' title='bbox 2188 3798 2589 3852; x_wconf 82' lang='lat' dir='ltr'><strong>radiationibus</strong></span> <span class='ocrx_word' id='word_1_360' title='bbox 2630 3798 2985 3867; x_wconf 80' lang='lat' dir='ltr'><strong>planetarum</strong></span> <span class='ocrx_word' id='word_1_361' title='bbox 3013 3814 3139 3853; x_wconf 88' lang='lat' dir='ltr'><strong>con-</strong></span> 
     </span>
    </p>
   </div>
   <div class='ocr_carea' id='block_1_7' title="bbox 411 3877 3143 4835">
    <p class='ocr_par' dir='ltr' id='par_1_11' title="bbox 413 3877 3143 4191">
     <span class='ocr_line' id='line_1_39' title="bbox 417 3877 3137 3950; baseline -0.002 -14"><span class='ocrx_word' id='word_1_362' title='bbox 417 3882 574 3937; x_wconf 75' lang='lat' dir='ltr'><strong>eiliat-</strong></span> <span class='ocrx_word' id='word_1_363' title='bbox 613 3882 867 3937; x_wconf 80' lang='lat' dir='ltr'><strong>effectum</strong></span> <span class='ocrx_word' id='word_1_364' title='bbox 907 3880 965 3934; x_wconf 93' lang='lat' dir='ltr'><strong>in</strong></span> <span class='ocrx_word' id='word_1_365' title='bbox 992 3897 1146 3943; x_wconf 87' lang='lat' dir='ltr'><strong>sese;</strong></span> <span class='ocrx_word' id='word_1_366' title='bbox 1189 3880 1333 3934; x_wconf 89' lang='lat' dir='ltr'><strong>sicut</strong></span> <span class='ocrx_word' id='word_1_367' title='bbox 1369 3879 1606 3943; x_wconf 71' lang='lat' dir='ltr'><strong>auditne,</strong></span> <span class='ocrx_word' id='word_1_368' title='bbox 1657 3878 1959 3933; x_wconf 87' lang='lat' dir='ltr'><strong>instructus</strong></span> <span class='ocrx_word' id='word_1_369' title='bbox 2006 3879 2280 3934; x_wconf 80' lang='lat' dir='ltr'><strong>facultate</strong></span> <span class='ocrx_word' id='word_1_370' title='bbox 2322 3879 2676 3950; x_wconf 83' lang='lat' dir='ltr'><strong>dignoscendi</strong></span> <span class='ocrx_word' id='word_1_371' title='bbox 2720 3877 3137 3932; x_wconf 80' lang='lat' dir='ltr'><strong>concordantias</strong></span> 
     </span>
     <span class='ocr_line' id='line_1_40' title="bbox 414 3958 3139 4025; baseline -0.001 -9"><span class='ocrx_word' id='word_1_372' title='bbox 414 3978 625 4024; x_wconf 81' lang='lat' dir='ltr'><strong>vocum,</strong></span> <span class='ocrx_word' id='word_1_373' title='bbox 674 3961 934 4017; x_wconf 81' lang='lat' dir='ltr'><strong>conciliat</strong></span> <span class='ocrx_word' id='word_1_374' title='bbox 960 3960 1202 4015; x_wconf 87' lang='lat' dir='ltr'><strong>musicae</strong></span> <span class='ocrx_word' id='word_1_375' title='bbox 1230 3962 1375 4017; x_wconf 83' lang='lat' dir='ltr'><strong>hanc</strong></span> <span class='ocrx_word' id='word_1_376' title='bbox 1400 3960 1525 4025; x_wconf 83' lang='lat' dir='ltr'><strong>vim,</strong></span> <span class='ocrx_word' id='word_1_377' title='bbox 1575 3964 1640 4013; x_wconf 89' lang='lat' dir='ltr'><strong>ut</strong></span> <span class='ocrx_word' id='word_1_378' title='bbox 1666 3959 1769 4013; x_wconf 87' lang='lat' dir='ltr'><strong>illa</strong></span> <span class='ocrx_word' id='word_1_379' title='bbox 1805 3958 2001 4013; x_wconf 81' lang='lat' dir='ltr'><strong>incitet</strong></span> <span class='ocrx_word' id='word_1_380' title='bbox 2028 3958 2346 4014; x_wconf 83' lang='lat' dir='ltr'><strong>audientem</strong></span> <span class='ocrx_word' id='word_1_381' title='bbox 2386 3961 2455 4013; x_wconf 89' lang='lat' dir='ltr'><strong>ad</strong></span> <span class='ocrx_word' id='word_1_382' title='bbox 2484 3960 2816 4013; x_wconf 81' lang='lat' dir='ltr'><strong>salt-andum.</strong></span> <span class='ocrx_word' id='word_1_383' title='bbox 2899 3958 2987 4011; x_wconf 88' lang='lat' dir='ltr'><strong>De</strong></span> <span class='ocrx_word' id='word_1_384' title='bbox 3029 3958 3139 4012; x_wconf 86' lang='lat' dir='ltr'><strong>hac</strong></span> 
     </span>
     <span class='ocr_line' id='line_1_41' title="bbox 413 4038 3143 4113; baseline -0.002 -17"><span class='ocrx_word' id='word_1_385' title='bbox 413 4060 477 4097; x_wconf 88' lang='lat' dir='ltr'><strong>re</strong></span> <span class='ocrx_word' id='word_1_386' title='bbox 519 4042 612 4113; x_wconf 77' lang='lat' dir='ltr'><strong>egi</strong></span> <span class='ocrx_word' id='word_1_387' title='bbox 637 4039 826 4096; x_wconf 88' lang='lat' dir='ltr'><strong>multis</strong></span> <span class='ocrx_word' id='word_1_388' title='bbox 863 4041 920 4095; x_wconf 88' lang='lat' dir='ltr'><strong>in</strong></span> <span class='ocrx_word' id='word_1_389' title='bbox 945 4056 1282 4111; x_wconf 86' lang='lat' dir='ltr'><strong>responso</strong></span> <span class='ocrx_word' id='word_1_390' title='bbox 1321 4042 1389 4094; x_wconf 90' lang='lat' dir='ltr'><strong>ad</strong></span> <span class='ocrx_word' id='word_1_391' title='bbox 1429 4040 1653 4109; x_wconf 82' lang='lat' dir='ltr'><strong>objecta</strong></span> <span class='ocrx_word' id='word_1_392' title='bbox 1690 4040 1947 4093; x_wconf 86' lang='lat' dir='ltr'><strong>Doctoris</strong></span> <span class='ocrx_word' id='word_1_393' title='bbox 1985 4039 2309 4094; x_wconf 88' lang='lat' dir='ltr'><strong>Roeslini</strong></span> <span class='ocrx_word' id='word_1_394' title='bbox 2372 4044 2565 4093; x_wconf 88' lang='lat' dir='ltr'><strong>contra</strong></span> <span class='ocrx_word' id='word_1_395' title='bbox 2620 4038 2819 4093; x_wconf 89' lang='lat' dir='ltr'><strong>librum</strong></span> <span class='ocrx_word' id='word_1_396' title='bbox 2860 4038 2928 4091; x_wconf 88' lang='lat' dir='ltr'><strong>de</strong></span> <span class='ocrx_word' id='word_1_397' title='bbox 2970 4038 3143 4092; x_wconf 77' lang='lat' dir='ltr'><strong>stella</strong></span> 
     </span>
     <span class='ocr_line' id='line_1_42' title="bbox 415 4116 3138 4191; baseline -0.001 -15"><span class='ocrx_word' id='word_1_398' title='bbox 415 4139 576 4185; x_wconf 77' lang='lat' dir='ltr'><strong>nova,</strong></span> <span class='ocrx_word' id='word_1_399' title='bbox 617 4122 683 4189; x_wconf 82' lang='lat' dir='ltr'><strong>¹et</strong></span> <span class='ocrx_word' id='word_1_400' title='bbox 710 4119 846 4175; x_wconf 85' lang='lat' dir='ltr'><strong>alibi</strong></span> <span class='ocrx_word' id='word_1_401' title='bbox 875 4121 1096 4191; x_wconf 86' lang='lat' dir='ltr'><strong>passim,</strong></span> <span class='ocrx_word' id='word_1_402' title='bbox 1127 4120 1403 4191; x_wconf 87' lang='lat' dir='ltr'><strong>etiamque</strong></span> <span class='ocrx_word' id='word_1_403' title='bbox 1445 4120 1499 4174; x_wconf 92' lang='lat' dir='ltr'><strong>in</strong></span> <span class='ocrx_word' id='word_1_404' title='bbox 1527 4120 1623 4175; x_wconf 92' lang='lat' dir='ltr'><strong>lib.</strong></span> <span class='ocrx_word' id='word_1_405' title='bbox 1656 4118 1750 4174; x_wconf 88' lang='lat' dir='ltr'><strong>IV.</strong></span> <span class='ocrx_word' id='word_1_406' title='bbox 1799 4119 2251 4175; x_wconf 87' lang='lat' dir='ltr'><strong>Harmonicorum</strong></span> <span class='ocrx_word' id='word_1_407' title='bbox 2292 4119 2515 4190; x_wconf 83' lang='lat' dir='ltr'><strong>passim,</strong></span> <span class='ocrx_word' id='word_1_408' title='bbox 2554 4117 2885 4189; x_wconf 64' lang='lat' dir='ltr'><strong>praesertim</strong></span> <span class='ocrx_word' id='word_1_409' title='bbox 2930 4134 3051 4187; x_wconf 86' lang='lat' dir='ltr'><strong>cap.</strong></span> <span class='ocrx_word' id='word_1_410' title='bbox 3084 4116 3138 4172; x_wconf 80' lang='lat'><strong>7.</strong></span> 
     </span>
    </p>

    <p class='ocr_par' dir='ltr' id='par_1_12' title="bbox 413 4195 3141 4589">
     <span class='ocr_line' id='line_1_43' title="bbox 573 4195 3141 4272; baseline -0.003 -16"><span class='ocrx_word' id='word_1_411' title='bbox 573 4199 636 4268; x_wconf 88' lang='lat' dir='ltr'><strong>b)</strong></span> <span class='ocrx_word' id='word_1_412' title='bbox 677 4204 800 4257; x_wconf 84' lang='lat' dir='ltr'><strong>Hoc</strong></span> <span class='ocrx_word' id='word_1_413' title='bbox 836 4200 1142 4272; x_wconf 80' lang='lat' dir='ltr'><strong>allegorice</strong></span> <span class='ocrx_word' id='word_1_414' title='bbox 1183 4200 1528 4255; x_wconf 87' lang='lat' dir='ltr'><strong>intellectum</strong></span> <span class='ocrx_word' id='word_1_415' title='bbox 1568 4198 1814 4270; x_wconf 78' lang='lat' dir='ltr'><strong>physicis</strong></span> <span class='ocrx_word' id='word_1_416' title='bbox 1859 4200 2168 4256; x_wconf 86' lang='lat' dir='ltr'><strong>rationibus</strong></span> <span class='ocrx_word' id='word_1_417' title='bbox 2198 4200 2419 4255; x_wconf 82' lang='lat' dir='ltr'><strong>defendi</strong></span> <span class='ocrx_word' id='word_1_418' title='bbox 2448 4204 2668 4268; x_wconf 83' lang='lat' dir='ltr'><strong>potest:</strong></span> <span class='ocrx_word' id='word_1_419' title='bbox 2709 4205 2777 4253; x_wconf 84' lang='lat' dir='ltr'><strong>ut</strong></span> <span class='ocrx_word' id='word_1_420' title='bbox 2810 4197 2857 4251; x_wconf 86' lang='lat' dir='ltr'><strong>si</strong></span> <span class='ocrx_word' id='word_1_421' title='bbox 2886 4198 2989 4253; x_wconf 87' lang='lat' dir='ltr'><strong>sub</strong></span> <span class='ocrx_word' id='word_1_422' title='bbox 3030 4195 3141 4251; x_wconf 89' lang='lat' dir='ltr'><strong>odii</strong></span> 
     </span>
     <span class='ocr_line' id='line_1_44' title="bbox 413 4277 3137 4353; baseline -0.002 -17"><span class='ocrx_word' id='word_1_423' title='bbox 413 4284 687 4338; x_wconf 74' lang='lat' dir='ltr'><strong>vocabulo</strong></span> <span class='ocrx_word' id='word_1_424' title='bbox 730 4280 1018 4336; x_wconf 79' lang='lat' dir='ltr'><strong>discrimen</strong></span> <span class='ocrx_word' id='word_1_425' title='bbox 1073 4282 1452 4353; x_wconf 80' lang='lat' dir='ltr'><strong>qualecunque</strong></span> <span class='ocrx_word' id='word_1_426' title='bbox 1505 4279 1863 4350; x_wconf 76' lang='lat' dir='ltr'><strong>intelligatur</strong></span> <span class='ocrx_word' id='word_1_427' title='bbox 1917 4280 2073 4345; x_wconf 86' lang='lat' dir='ltr'><strong>situs,</strong></span> <span class='ocrx_word' id='word_1_428' title='bbox 2132 4286 2329 4344; x_wconf 85' lang='lat' dir='ltr'><strong>motus,</strong></span> <span class='ocrx_word' id='word_1_429' title='bbox 2386 4280 2621 4343; x_wconf 80' lang='lat' dir='ltr'><strong>luminis,</strong></span> <span class='ocrx_word' id='word_1_430' title='bbox 2680 4277 2897 4333; x_wconf 82' lang='lat' dir='ltr'><strong>coloris.</strong></span> <span class='ocrx_word' id='word_1_431' title='bbox 2978 4277 3137 4343; x_wconf 87' lang='lat' dir='ltr'><strong>Vide,</strong></span> 
     </span>
     <span class='ocr_line' id='line_1_45' title="bbox 414 4358 3139 4432; baseline -0.001 -15"><span class='ocrx_word' id='word_1_432' title='bbox 414 4364 605 4428; x_wconf 84' lang='lat' dir='ltr'><strong>lector,</strong></span> <span class='ocrx_word' id='word_1_433' title='bbox 647 4368 822 4432; x_wconf 76' lang='lat' dir='ltr'><strong>caput</strong></span> <span class='ocrx_word' id='word_1_434' title='bbox 843 4361 1096 4416; x_wconf 82' lang='lat' dir='ltr'><strong>ultimum</strong></span> <span class='ocrx_word' id='word_1_435' title='bbox 1121 4361 1395 4415; x_wconf 80' lang='lat' dir='ltr'><strong>Ptolemai</strong></span> <span class='ocrx_word' id='word_1_436' title='bbox 1436 4359 1891 4424; x_wconf 76' lang='lat' dir='ltr'><strong>harmonicorum,</strong></span> <span class='ocrx_word' id='word_1_437' title='bbox 1933 4361 2029 4416; x_wconf 90' lang='lat' dir='ltr'><strong>ubi</strong></span> <span class='ocrx_word' id='word_1_438' title='bbox 2057 4361 2377 4431; x_wconf 85' lang='lat' dir='ltr'><strong>prodierint,</strong></span> <span class='ocrx_word' id='word_1_439' title='bbox 2420 4374 2673 4431; x_wconf 78' lang='lat' dir='ltr'><strong>quaeque</strong></span> <span class='ocrx_word' id='word_1_440' title='bbox 2711 4358 2769 4414; x_wconf 90' lang='lat' dir='ltr'><strong>in</strong></span> <span class='ocrx_word' id='word_1_441' title='bbox 2808 4358 2866 4413; x_wconf 87' lang='lat' dir='ltr'><strong>id</strong></span> <span class='ocrx_word' id='word_1_442' title='bbox 2904 4364 3139 4415; x_wconf 76' lang='lat' dir='ltr'><strong>annota-</strong></span> 
     </span>
     <span class='ocr_line' id='line_1_46' title="bbox 413 4437 3139 4513; baseline -0.001 -17"><span class='ocrx_word' id='word_1_443' title='bbox 413 4443 601 4507; x_wconf 76' lang='lat' dir='ltr'><strong>verim,</strong></span> <span class='ocrx_word' id='word_1_444' title='bbox 648 4441 978 4513; x_wconf 74' lang='lat' dir='ltr'><strong>praesertim</strong></span> <span class='ocrx_word' id='word_1_445' title='bbox 1013 4442 1266 4497; x_wconf 77' lang='lat' dir='ltr'><strong>ultimam</strong></span> <span class='ocrx_word' id='word_1_446' title='bbox 1299 4456 1478 4497; x_wconf 83' lang='lat' dir='ltr'><strong>meam</strong></span> <span class='ocrx_word' id='word_1_447' title='bbox 1517 4439 1955 4511; x_wconf 81' lang='lat' dir='ltr'><strong>speculationem</strong></span> <span class='ocrx_word' id='word_1_448' title='bbox 1994 4442 2063 4496; x_wconf 86' lang='lat' dir='ltr'><strong>de</strong></span> <span class='ocrx_word' id='word_1_449' title='bbox 2090 4440 2315 4496; x_wconf 79' lang='lat' dir='ltr'><strong>Saturni</strong></span> <span class='ocrx_word' id='word_1_450' title='bbox 2352 4445 2412 4494; x_wconf 90' lang='lat' dir='ltr'><strong>et</strong></span> <span class='ocrx_word' id='word_1_451' title='bbox 2436 4438 2635 4493; x_wconf 81' lang='lat' dir='ltr'><strong>Martis</strong></span> <span class='ocrx_word' id='word_1_452' title='bbox 2664 4437 2865 4493; x_wconf 82' lang='lat' dir='ltr'><strong>mutuis</strong></span> <span class='ocrx_word' id='word_1_453' title='bbox 2895 4439 3139 4495; x_wconf 82' lang='lat' dir='ltr'><strong>excessi-</strong></span> 
     </span>
     <span class='ocr_line' id='line_1_47' title="bbox 414 4512 1945 4589; baseline -0.002 -12"><span class='ocrx_word' id='word_1_454' title='bbox 414 4524 518 4577; x_wconf 82' lang='lat' dir='ltr'><strong>bus</strong></span> <span class='ocrx_word' id='word_1_455' title='bbox 557 4525 650 4577; x_wconf 75' lang='lat' dir='ltr'><strong>vei</strong></span> <span class='ocrx_word' id='word_1_456' title='bbox 692 4522 1016 4586; x_wconf 80' lang='lat' dir='ltr'><strong>defectibus,</strong></span> <span class='ocrx_word' id='word_1_457' title='bbox 1059 4522 1214 4577; x_wconf 81' lang='lat' dir='ltr'><strong>Jovis</strong></span> <span class='ocrx_word' id='word_1_458' title='bbox 1253 4538 1386 4576; x_wconf 78' lang='lat' dir='ltr'><strong>vero</strong></span> <span class='ocrx_word' id='word_1_459' title='bbox 1425 4520 1825 4577; x_wconf 84' lang='lat' dir='ltr'><strong>mediocritate.</strong></span> <span class='ocrx_word' id='word_1_460' title='bbox 1870 4512 1945 4589; x_wconf 80' lang='lat'><strong>⁸⁸)</strong></span> 
     </span>
    </p>

    <p class='ocr_par' dir='ltr' id='par_1_13' title="bbox 411 4596 3139 4835">
     <span class='ocr_line' id='line_1_48' title="bbox 573 4596 3135 4672; baseline -0.002 -15"><span class='ocrx_word' id='word_1_461' title='bbox 573 4600 626 4670; x_wconf 89' lang='lat' dir='ltr'><strong>c)</strong></span> <span class='ocrx_word' id='word_1_462' title='bbox 665 4603 793 4659; x_wconf 80' lang='lat' dir='ltr'><strong>Etsi</strong></span> <span class='ocrx_word' id='word_1_463' title='bbox 835 4601 972 4657; x_wconf 83' lang='lat' dir='ltr'><strong>nihil</strong></span> <span class='ocrx_word' id='word_1_464' title='bbox 1027 4607 1116 4657; x_wconf 80' lang='lat' dir='ltr'><strong>est</strong></span> <span class='ocrx_word' id='word_1_465' title='bbox 1157 4604 1261 4659; x_wconf 79' lang='lat' dir='ltr'><strong>hoc</strong></span> <span class='ocrx_word' id='word_1_466' title='bbox 1302 4606 1500 4672; x_wconf 81' lang='lat' dir='ltr'><strong>caput,</strong></span> <span class='ocrx_word' id='word_1_467' title='bbox 1558 4600 1662 4655; x_wconf 87' lang='lat' dir='ltr'><strong>nisi</strong></span> <span class='ocrx_word' id='word_1_468' title='bbox 1715 4600 1873 4655; x_wconf 83' lang='lat' dir='ltr'><strong>lusus</strong></span> <span class='ocrx_word' id='word_1_469' title='bbox 1918 4599 2313 4672; x_wconf 82' lang='lat' dir='ltr'><strong>astrologicus,</strong></span> <span class='ocrx_word' id='word_1_470' title='bbox 2371 4615 2473 4652; x_wconf 89' lang='lat' dir='ltr'><strong>nec</strong></span> <span class='ocrx_word' id='word_1_471' title='bbox 2523 4612 2655 4668; x_wconf 86' lang='lat' dir='ltr'><strong>pars</strong></span> <span class='ocrx_word' id='word_1_472' title='bbox 2698 4596 2881 4671; x_wconf 80' lang='lat' dir='ltr'><strong>operis</strong></span> <span class='ocrx_word' id='word_1_473' title='bbox 2923 4598 3135 4653; x_wconf 88' lang='lat' dir='ltr'><strong>censeri</strong></span> 
     </span>
     <span class='ocr_line' id='line_1_49' title="bbox 412 4677 3139 4747; baseline -0.001 -9"><span class='ocrx_word' id='word_1_474' title='bbox 412 4685 598 4747; x_wconf 81' lang='lat' dir='ltr'><strong>debet,</strong></span> <span class='ocrx_word' id='word_1_475' title='bbox 641 4686 738 4737; x_wconf 74' lang='lat' dir='ltr'><strong>sed</strong></span> <span class='ocrx_word' id='word_1_476' title='bbox 777 4698 1077 4738; x_wconf 77' lang='lat' dir='ltr'><strong>excursus:</strong></span> <span class='ocrx_word' id='word_1_477' title='bbox 1121 4682 1374 4738; x_wconf 78' lang='lat' dir='ltr'><strong>conferat</strong></span> <span class='ocrx_word' id='word_1_478' title='bbox 1413 4688 1600 4737; x_wconf 80' lang='lat' dir='ltr'><strong>tamen</strong></span> <span class='ocrx_word' id='word_1_479' title='bbox 1639 4680 1776 4735; x_wconf 90' lang='lat' dir='ltr'><strong>illud</strong></span> <span class='ocrx_word' id='word_1_480' title='bbox 1817 4682 1995 4735; x_wconf 89' lang='lat' dir='ltr'><strong>lector</strong></span> <span class='ocrx_word' id='word_1_481' title='bbox 2034 4697 2156 4735; x_wconf 89' lang='lat' dir='ltr'><strong>cum</strong></span> <span class='ocrx_word' id='word_1_482' title='bbox 2196 4677 2503 4734; x_wconf 85' lang='lat' dir='ltr'><strong>Ptolemaei</strong></span> <span class='ocrx_word' id='word_1_483' title='bbox 2541 4678 2851 4733; x_wconf 77' lang='lat' dir='ltr'><strong>rationibus</strong></span> <span class='ocrx_word' id='word_1_484' title='bbox 2865 4720 2879 4743; x_wconf 92' lang='lat'><strong>,</strong></span> <span class='ocrx_word' id='word_1_485' title='bbox 2925 4683 3041 4733; x_wconf 85' lang='lat' dir='ltr'><strong>tam</strong></span> <span class='ocrx_word' id='word_1_486' title='bbox 3081 4679 3139 4735; x_wconf 90' lang='lat' dir='ltr'><strong>in</strong></span> 
     </span>
     <span class='ocr_line' id='line_1_50' title="bbox 411 4758 3133 4835; baseline -0.002 -16"><span class='ocrx_word' id='word_1_487' title='bbox 411 4764 752 4827; x_wconf 85' lang='lat' dir='ltr'><strong>Tetrabiblo‚</strong></span> <span class='ocrx_word' id='word_1_488' title='bbox 797 4780 960 4835; x_wconf 81' lang='lat' dir='ltr'><strong>quam</strong></span> <span class='ocrx_word' id='word_1_489' title='bbox 999 4763 1056 4817; x_wconf 90' lang='lat' dir='ltr'><strong>in</strong></span> <span class='ocrx_word' id='word_1_490' title='bbox 1084 4761 1459 4819; x_wconf 81' lang='lat' dir='ltr'><strong>Harmonicis:</strong></span> <span class='ocrx_word' id='word_1_491' title='bbox 1503 4760 1716 4817; x_wconf 79' lang='lat' dir='ltr'><strong>videbit</strong></span> <span class='ocrx_word' id='word_1_492' title='bbox 1753 4767 1973 4816; x_wconf 80' lang='lat' dir='ltr'><strong>nostras</strong></span> <span class='ocrx_word' id='word_1_493' title='bbox 2000 4758 2353 4816; x_wconf 84' lang='lat' dir='ltr'><strong>Ptolemaicis</strong></span> <span class='ocrx_word' id='word_1_494' title='bbox 2394 4776 2504 4813; x_wconf 88' lang='lat' dir='ltr'><strong>non</strong></span> <span class='ocrx_word' id='word_1_495' title='bbox 2544 4758 2851 4824; x_wconf 82' lang='lat' dir='ltr'><strong>inferiores,</strong></span> <span class='ocrx_word' id='word_1_496' title='bbox 2894 4774 2961 4815; x_wconf 77' lang='lat' dir='ltr'><strong>ao</strong></span> <span class='ocrx_word' id='word_1_497' title='bbox 2988 4759 3133 4815; x_wconf 80' lang='lat' dir='ltr'><strong>forte</strong></span> 
     </span>
    </p>
   </div>
   <div class='ocr_carea' id='block_1_8' title="bbox 409 4842 850 4901">
    <p class='ocr_par' dir='ltr' id='par_1_14' title="bbox 409 4842 850 4901">
     <span class='ocr_line' id='line_1_51' title="bbox 409 4842 850 4901; baseline 0.002 -3"><span class='ocrx_word' id='word_1_498' title='bbox 409 4842 668 4901; x_wconf 82' lang='lat' dir='ltr'><strong>meliores</strong></span> <span class='ocrx_word' id='word_1_499' title='bbox 707 4860 850 4899; x_wconf 78' lang='lat' dir='ltr'><strong>esse.</strong></span> 
     </span>
    </p>
   </div>
   <div class='ocr_carea' id='block_1_9' title="bbox 1588 4911 1976 4929">
    <p class='ocr_par' dir='ltr' id='par_1_15' title="bbox 1588 4911 1976 4929">
     <span class='ocr_line' id='line_1_52' title="bbox 1588 4911 1976 4929; baseline 0 646"><span class='ocrx_word' id='word_1_500' title='bbox 1588 4911 1976 4929; x_wconf 95' lang='lat' dir='ltr'><strong> </strong></span> 
     </span>
    </p>
   </div>
  </div>
 </body>
</html>
