3634 5575
1371 481 1434 531 de
1469 479 1614 532 rebus
1652 481 1975 548 utrologicis.
2892 483 3020 552 369

321 639 490 684 tamen
527 634 922 686 observationum
959 637 1287 690 fundamenta
1301 675 1315 698 ,
1363 655 1424 690 ex
1458 641 1635 706 quibu
1679 639 2006 690 nobilissimus
2049 641 2131 692 ille
2177 643 2508 692 astronomiae
2545 643 2847 694 instaurator
2881 643 3020 696 theo-

318 703 442 753 riam
479 703 731 757 Lunarem
770 709 1057 768 construxit,
1095 710 1240 762 valde
1277 711 1630 769 desideramus,
1669 719 1722 761 et
1758 725 1871 762 cum
1906 711 2078 763 stellas
2114 715 2269 762 etiam
2302 714 2566 764 nonnullas
2602 715 2655 763 in
2691 729 2779 766 sno
2816 716 3025 766 fixarum

319 775 552 840 catalogo
597 780 842 838 omiserit,
899 793 1027 844 quae
1074 795 1108 830 a
1149 780 1438 834 Ptolemaeo
1483 790 1534 834 et
1585 783 1857 846 Gopernieo
1906 791 2260 839 recensentur,
2315 786 2491 835 obnixe
2528 799 2789 852 rogamus,
2826 794 2885 838 ut
2918 795 3026 838 tum

320 846 454 909 ipsas
491 847 670 902 Lunae
707 851 1074 902 observationes
1089 887 1104 909 ,
1143 859 1248 904 tum
1285 857 1440 905 etiam
1473 855 1648 906 harum
1684 856 2143 918 praetermissarum
2178 855 2257 904 vel
2292 855 2579 912 distantias,
2617 859 2697 908 vel
2733 858 3023 910 declinatio·

321 929 408 964 nes
447 925 498 968 et
536 933 638 970 asc.
678 929 842 972 rectas
879 937 914 974 a
948 921 1182 986 Tychone
1221 925 1588 978 animadversas
1625 925 1806 990 publici
1840 927 1962 990 juris
2000 925 2469 992 aliquandostacere
2504 928 2638 978 velis.

461 1006 494 1056 J
499 1021 580 1056 am
615 1008 964 1076 Hegulontius,
1001 1013 1290 1064 intermistis
1325 1013 1617 1080 quibusdam
1654 1014 1715 1064 de
1753 1013 1903 1065 stella
1935 1029 2065 1066 nova
2100 1017 2408 1080 serpentarii.
2444 1030 2573 1082 quae
2597 1018 2649 1066 in
2674 1016 2797 1068 libro
2820 1016 3029 1081 Kepleri

321 1074 383 1124 de
421 1091 483 1128 ea
517 1080 665 1132 stella
699 1082 954 1148 leguntur,
991 1085 1182 1150 pergit:

468 1168 629 1234 Atque
664 1171 716 1220 in
749 1171 827 1221 his
865 1186 1017 1236 opera
1052 1179 1143 1223 tua
1178 1173 1289 1223 aliis
1325 1189 1424 1223 non
1461 1176 1622 1223 minus
1661 1181 1874 1238 accepta
1910 1176 2028 1232 erit,
2080 1188 2229 1240 quam
2264 1173 2396 1224 mihi.
2472 1173 2598 1232 Sed,
2650 1174 2781 1239 quod
2818 1171 2883 1224 ad
2916 1187 3029 1238 pro·

322 1240 534 1300 positum
569 1255 734 1291 meum
770 1245 933 1306 potius
970 1250 1194 1310 spectat,
1247 1260 1360 1295 cum
1396 1259 1490 1310 ego
1527 1259 1720 1310 semper
1753 1253 1977 1295 motuum
2014 1246 2405 1308 speculationem
2439 1246 2663 1296 inutilem
2699 1246 2803 1295 fere
2834 1245 3027 1308 judiea—

321 1311 498 1371 verim,
547 1313 644 1362 nisi
681 1320 734 1364 et
769 1315 1023 1365 stellarum
1075 1319 1202 1367 vires
1241 1317 1404 1382 aliquo
1439 1317 1584 1366 modo
1619 1318 1871 1381 percipere
1906 1317 2081 1367 liceret
2126 1313 2267 1380 (nam
2302 1319 2411 1367 sine
2460 1317 2557 1367 hac
2606 1317 2886 1382 cognitione
2932 1329 3031 1365 nee

320 1380 632 1444 planetarum
679 1387 802 1435 varii
839 1399 1012 1448 casus,
1069 1402 1163 1438 nec
1199 1387 1408 1440 fixarum
1455 1394 1688 1437 constans
1736 1395 1787 1438 et
1822 1387 2116 1452 quotidiana
2162 1390 2539 1454 circumgyratio
2590 1401 2737 1438 mam
2782 1385 2939 1436 ullam
2974 1387 3029 1436 in

322 1452 544 1504 hnmana
577 1457 682 1507 vita
716 1456 901 1508 habere
939 1455 1203 1521 videntur),
1245 1485 1312 1494 —
1348 1459 1480 1510 hanc
1517 1458 1715 1524 quidem
1751 1459 1812 1508 ob
1850 1473 2055 1510 causam
2091 1460 2267 1510 labens
2300 1458 2555 1524 libensque
2578 1459 2709 1510 hanc
2732 1458 3035 1522 provinciam

323 1525 374 1574 in
409 1539 489 1575 me
525 1529 750 1592 suscepi.
797 1529 1141 1580 nonnullorum
1188 1529 1321 1594 apud
1369 1545 1459 1580 nos
1499 1530 1774 1580 calumnias
1821 1535 1995 1580 contra
2040 1531 2359 1594 astrologiam
2402 1529 2718 1591 jndiciariam
2753 1528 3033 1578 retundere.

327 1595 450 1646 Cum
486 1612 600 1648 vero
634 1597 774 1650 nulla
811 1601 872 1650 de
906 1615 961 1651 re
1000 1602 1159 1650 acrior
1195 1607 1306 1650 orta
1339 1601 1406 1650 sit
1441 1603 1571 1652 inter
1605 1616 1696 1651 nos
1733 1601 1987 1662 dimicatio
2003 1636 2017 1658 ,
2066 1615 2215 1670 quam
2262 1601 2397 1650 circa
2432 1598 2719 1650 coelestium
2753 1599 3031 1664 configura-

323 1669 512 1717 tionum
546 1669 644 1718 vim
681 1675 732 1719 et
766 1672 1013 1730 virtutem,
1049 1671 1147 1722 hac
1185 1671 1382 1736 quidem
1417 1673 1470 1722 in
1505 1687 1574 1730 re,
1602 1671 1752 1722 Doct.
1780 1671 1889 1730 Vir,
1927 1686 2069 1735 opem
2096 1677 2148 1722 et
2173 1671 2407 1720 auxilium
2430 1675 2572 1720 tuum
2596 1677 2790 1736 expeto.
2855 1669 3041 1733 objicit

326 1739 652 1797 adversarius,
690 1756 859 1792 omnes
895 1743 1124 1807 planetas
1159 1743 1314 1793 bonos
1353 1757 1385 1791 a
1419 1742 1532 1793 Deo
1569 1751 1764 1794 creatos
1789 1749 1843 1792 et
1865 1749 2127 1806 propterea
2149 1741 2312 1792 radios
2338 1757 2509 1793 eorum
2532 1755 2701 1792 omnes
2727 1749 2781 1792 et
2804 1748 3039 1806 aspectu

323 1810 476 1860 bonos
513 1825 623 1861 esse
659 1827 752 1863 nec
790 1815 1086 1878 quadratum
1122 1815 1381 1879 hexagono
1417 1815 1578 1880 magis
1613 1814 1899 1865 infaustum.
1976 1813 2097 1864 Vult
2144 1820 2407 1880 praeterea
2421 1847 2438 1871 ,
2482 1827 2603 1878 quos
2650 1813 2885 1878 asu-clegi
2928 1827 3039 1864 sex-

323 1882 436 1932 tiles
459 1879 548 1934 ὰο.
589 1883 858 1947 appellant,
896 1886 1097 1936 minime
1133 1887 1210 1936 ita
1244 1899 1297 1935 se
1333 1885 1534 1945 habere,
1573 1885 1689 1950 quia
1724 1900 1837 1936 cnm
1872 1885 2125 1936 stellarum
2160 1884 2289 1936 radii
2324 1899 2357 1936 a
2381 1885 2563 1934 Terrae
2594 1883 2855 1948 superficie
2877 1897 3040 1936 rever·

325 1954 572 2012 berentur,
610 1957 770 2020 sitque
805 1957 935 2007 inter
970 1956 1165 2008 'I'errae¹
1189 1957 1608 2008 semidiametrum
1647 1962 1700 2006 et
1732 1957 1963 2020 planetas
2002 1954 2317 2020 (praesertim
2344 1952 2623 2017 inferiores)
2660 1955 2905 2006 sensibilis
2926 1969 3042 2020 pro-

322 2025 500 2091 portio,
537 2026 840 2078 incidentiae
878 2034 930 2078 et
965 2029 1242 2078 reflexionis
1279 2029 1490 2094 angulos
1523 2029 1725 2078 minime
1761 2028 2028 2092 praedictis
2066 2027 2276 2077 arcubus
2314 2033 2643 2092 congruentes
2691 2025 2891 2076 efficere
2926 2040 3040 2091 pos-

324 2103 456 2146 sunt.
527 2095 801 2148 Radiornm
834 2099 956 2150 item
979 2100 1274 2150 refractione
1311 2114 1402 2148 nos
1421 2101 1614 2164 premit,
1652 2113 1780 2165 qnae
1809 2103 1861 2150 et
1896 2099 2149 2148 fallaciam
2174 2097 2344 2163 anguli
2367 2098 2647 2147 necessario
2670 2098 2868 2164 ingerit.
2905 2099 3045 2160 cnjus
3072 2145 3079 2154 ,

325 2167 488 2217 nullus
522 2169 576 2218 in
611 2169 818 2220 zodiaco
855 2185 1002 2222 arcus
1038 2185 1272 2222 mensura
1308 2185 1418 2221 esse
1452 2177 1631 2236 potest.
1705 2169 1936 2234 Denique
1972 2172 2219 2220 rationem
2255 2181 2288 2218 a
2320 2183 2403 2218 me
2440 2167 2712 2234 efflagitat,
2752 2181 2839 2218 cur
2870 2168 3044 2231 huju-

327 2237 460 2288 modi
495 2239 756 2290 intervalla
789 2243 844 2292 in
878 2244 1082 2292 zodiaco
1119 2245 1322 2304 maioris
1357 2243 1457 2292 sint
1491 2241 1681 2292 virtutis
1694 2275 1709 2298 ,
1756 2253 1907 2306 quam
1954 2243 1998 2291 si
2032 2240 2208 2292 stellae
2256 2254 2369 2290 sese
2416 2245 2589 2290 mutuo
2624 2239 2934 2290 intuerentur
2984 2253 3047 2290 ex

329 2309 568 2362 distantia
613 2312 852 2375 prioribus
889 2313 1123 2364 dissimili.
1197 2313 1351 2364 Nihili
1399 2313 1481 2363 hic
1526 2315 1620 2362 iste
1656 2313 1778 2364 facit
1812 2313 2060 2363 rationem
2093 2312 2255 2368 illam,
2309 2324 2458 2376 qnam
2492 2309 2810 2362 Ptolemaeus
2844 2310 2965 2362 libro
2999 2309 3043 2360 1.

333 2379 568 2445 Quadrip.
620 2395 652 2432 a
696 2385 1004 2448 proportione
1054 2386 1344 2435 harmonica
1379 2391 1549 2434 mutuo
1587 2385 1776 2433 sumsit.
1852 2382 1908 2432 Si
1940 2383 2161 2433 fonassis
2196 2388 2288 2431 tua
2332 2383 2756 2448 Astrologiae
2805 2382 3045 2434 Funda-

329 2459 546 2502 menta
581 2454 646 2503 ad
679 2469 860 2504 manus
895 2463 1090 2506 nostras
1125 2457 1480 2520 pervenissent,
1519 2457 1737 2505 rationes
1775 2455 1967 2519 aliquas
2003 2453 2419 2518 suppeditassent,
2456 2453 2631 2518 quibus
2657 2454 2924 2504 adversarii
2958 2467 3044 2517 pe·

331 2522 582 2581 talantiaa
613 2525 808 2576 facilius
845 2541 1164 2578 occurrerem.
1239 2527 1338 2578 Sed
1376 2543 1488 2576 cum
1522 2526 1768 2576 hactenus
1805 2541 1926 2590 opus
1949 2525 2046 2575 hoc
2068 2531 2209 2574 tunm
2232 2537 2331 2574 non
2356 2526 2421 2574 sit
2444 2524 2495 2574 in
2522 2525 2755 2589 Angliam
2779 2531 3045 2589 portatum.

333 2595 510 2644 iterum
537 2580 696 2662 'atque
731 2599 909 2648 iterum
945 2613 1064 2662 rogo
1086 2633 1101 2656 ,
1157 2603 1216 2648 ut
1250 2601 1293 2649 si
1329 2599 1448 2664 qnid
1481 2599 1758 2648 secretioris
1793 2597 2133 2660 philosophiae
2180 2597 2384 2653 novisti,
2436 2595 2567 2661 quod
2602 2596 2667 2646 ad
2702 2596 2794 2645 has
2830 2597 3048 2646 rationes

335 2665 680 2717 convellendas
717 2669 901 2727 faciat,
937 2670 1056 2718 mihi
1094 2667 1456 2722 communicare
1492 2685 1592 2720 non
1629 2669 1909 2736 dedigneris
1946 2666 2035 2721 dte.
2111 2667 2257 2718 Vale.
2330 2666 2545 2718 Londini
2581 2665 2671 2720 duc.
2710 2673 2768 2717 ut
2802 2679 2967 2732 supra.

513 2773 890 2855 Keplerus
937 2777 1279 2857 respondit:
1355 2777 1600 2840 Literas
1667 2784 1809 2839 tuas
1830 2824 1846 2851 ,
1910 2775 2147 2841 Praest.
2197 2775 2349 2851 Vir,
2412 2793 2599 2856 opera
2643 2781 3047 2838 mercatorum
3070 2812 3083 2820 -

338 2860 437 2942 qui
482 2864 880 2928 Francofurto
901 2866 1176 2941 ·rediere‚
1227 2866 1517 2931 Calendis
1565 2866 1718 2948 Maji
1762 2866 1989 2945 accepi.
2082 2864 2299 2927 Beasti
2346 2882 2459 2939 me,
2511 2862 2776 2927 invitans
2822 2882 2919 2926 me
2969 2864 3049 2927 ad

338 2952 716 3016 scribendum
765 2956 838 3017 de
887 2954 1338 3019 mathematicis
1385 2957 1636 3031 artibus,
1689 2974 1840 3037 quas
1887 2972 2001 3034 ego
2048 2954 2336 3016 divinitus
2382 2953 2641 3015 humano
2689 2951 2894 3033 generi
2935 2954 3048 3014 da-

346 3047 444 3103 tas
493 3042 794 3121 existimo,
845 3063 962 3107 non
1008 3053 1248 3107 tantum
1293 3048 1372 3109 ad
1419 3065 1562 3109 usus
1611 3046 1831 3119 varim,
1882 3044 1991 3106 sed
2022 3044 2207 3106 etiam
2253 3043 2333 3105 ad
2372 3040 2837 3105 oblectationem
2872 3041 3053 3106 animi

340 3129 831 3197 honestissimam
876 3135 1123 3216 Deoque
1172 3136 1600 3215 gratissimam,
1649 3142 1718 3195 ut
1764 3153 1917 3215 quae
1964 3134 2286 3213 conjuncta
2332 3140 2429 3193 est
2466 3150 2601 3193 cum
2643 3130 3049 3194 celebratione

341 3219 775 3299 sapientissimi
821 3224 1071 3303 opificis.
1163 3224 1399 3305 Itaque,
1449 3224 1502 3286 si
1549 3224 1689 3305 quid
1737 3231 1853 3297 est,
1906 3221 2063 3302 quod
2110 3221 2367 3283 hominis
2414 3220 2743 3283 coelestem
2790 3220 3052 3285 animum

343 3308 403 3369 in
453 3310 564 3371 hoc
612 3310 791 3373 exilio
837 3312 1256 3393 pulverulento
1304 3314 1571 3376 detinere
1622 3318 1687 3373 et
1734 3312 1983 3374 delinire
2028 3310 2243 3391 possit,
2292 3318 2359 3371 ut
2398 3309 2575 3388 juvet
2618 3310 2852 3385 vivere,
2902 3310 3054 3373 haec

341 3399 610 3478 profecto
669 3408 765 3463 est
819 3400 1166 3465 oblectatio·
1259 3401 1394 3474 Quo
1462 3402 1699 3465 nomine
1746 3409 1956 3464 nostro
2022 3398 2225 3461 seculo
2291 3398 2505 3461 merito
2572 3398 2834 3481 mihique
2902 3400 3053 3463 adeo

347 3486 462 3569 ipsi
507 3489 784 3568 gratulor
829 3492 902 3553 de
951 3492 1199 3555 inventa
1245 3491 1663 3575 typographia,
1716 3508 1835 3571 qua
1881 3490 2155 3552 effectum
2200 3488 2408 3562 video,
2457 3494 2525 3549 ut
2570 3486 2631 3549 in
2676 3495 2853 3551 tanta
2894 3509 3053 3571 pau-

347 3576 533 3639 citate
583 3578 898 3656 hominum,
949 3580 1050 3663 qui
1097 3581 1176 3642 ad
1221 3581 1470 3644 subtilia
1513 3580 1635 3644 ista
1679 3588 2000 3661 penetrare
2049 3578 2177 3659 apti
2222 3584 2380 3655 sunt,
2430 3575 2708 3639 inventus
2738 3584 2943 3641 tamen
2972 3579 3057 3643 sit

347 3666 407 3728 in
451 3666 770 3731 Britannia
818 3670 910 3731 vir
957 3670 1208 3733 eximius
1230 3720 1248 3748 ,
1316 3670 1414 3753 qui
1457 3670 1601 3733 mihi
1649 3690 1786 3733 sese
1835 3670 2125 3732 lectorem
2170 3665 2288 3729 mei
2348 3665 2485 3731 libri
2532 3666 2727 3731 literis
2774 3675 3053 3742 testetur,

345 3763 698 3837 partemque
764 3759 1090 3834 mercedis,
1157 3779 1336 3841 quam
1403 3760 1515 3822 hac
1581 3758 1907 3842 scriptione
1965 3757 2358 3840 quaerebam,
2424 3756 2554 3838 ipse
2621 3764 3057 3836 repraesentet.

345 3844 506 3907 Nam
553 3865 706 3929 quae
753 3846 812 3909 in
859 3868 1055 3911 meum
1100 3849 1386 3912 honorem
1430 3848 1610 3929 pleno
1659 3868 1760 3910 ore
1808 3849 2073 3931 profers,
2137 3868 2212 3911 ea
2258 3846 2346 3908 sic
2394 3844 2636 3927 quidem
2683 3844 2942 3927 accipio,
2990 3852 3059 3909 ut

347 3934 484 3997 inde
533 3954 824 3999 summam
869 3936 932 3999 in
977 3945 1041 4000 te
1086 3936 1571 4000 benevolentiam
1619 3938 1679 3999 in
1725 3938 1936 4000 harum
1984 3937 2201 3999 artium
2250 3936 2511 3999 cultores
2560 3934 2905 4010 aestimem3
2952 3952 3060 4014 per

349 4043 484 4086 sese
531 4043 674 4086 vero
720 4043 840 4087 non
887 4034 1122 4091 tantam
1170 4026 1290 4090 vim
1338 4027 1561 4089 habent
1591 4026 1912 4101 afficiendi,
1962 4034 2249 4109 quantam
2294 4022 2445 4086 haec
2475 4044 2551 4087 ex
2577 4023 3063 4109 confabulatione

351 4112 710 4175 suavissima
757 4122 894 4178 ort-a
938 4117 1251 4197 voluptas,
1314 4116 1454 4197 quia
1498 4114 1558 4179 in
1605 4135 1700 4178 me
1756 4136 1874 4179 non
1920 4114 2189 4189 invenio,
2247 4132 2431 4197 quare
2478 4114 2585 4178 illa
2630 4114 2741 4175 abs
2788 4120 2851 4175 te
2898 4113 3065 4177 dicta

355 4202 625 4265 encomia
670 4204 816 4269 mihi
859 4204 1146 4287 privatim
1193 4207 1593 4287 comprobem.

527 4292 766 4376 Sequar
813 4303 1016 4358 tamen
1079 4295 1376 4377 epistolae
1438 4303 1580 4357 tuae
1643 4294 1829 4357 filum.
1922 4294 2114 4372 Ecce,
2183 4312 2363 4377 quam
2407 4288 2723 4373 magnifice
2760 4290 3067 4373 jacturam

349 4382 864 4463 praestantissimi
911 4382 1242 4447 astronomi
1286 4383 1399 4446 hac
1445 4382 1692 4447 tutelari
1737 4404 1877 4447 mea
1930 4384 2310 4446 successione
2356 4390 2681 4461 pensatam
2728 4380 3063 4443 arbitraris.

348 4470 488 4532 Non
535 4471 832 4549 diffiteor,
899 4493 1033 4551 me,
1097 4473 1380 4557 Tychone
1427 4480 1702 4553 mortue,
1765 4471 2127 4535 haeredibus
2172 4471 2270 4531 vel
2318 4470 2667 4533 absentibus
2713 4470 2811 4532 vel
2855 4488 3068 4551 parum

349 4558 592 4639 peritis,
650 4560 1144 4625 observationum
1197 4562 1545 4624 relictarum
1591 4562 1849 4624 tutelam
1893 4560 2038 4623 mihi
2085 4558 2453 4621 confidenter
2508 4565 2572 4619 et
2639 4556 2845 4621 forsan
2892 4578 3069 4622 arro-

349 4654 568 4728 ganter
611 4668 970 4729 usurpasse,
1020 4650 1295 4714 adversis
1342 4651 1668 4713 haeredum
1715 4642 2159 4724 voluntatibus,
2220 4667 2337 4710 non
2384 4646 2641 4709 obscura
2686 4654 2889 4711 tamen
2928 4648 3069 4727 Jus-

351 4736 520 4801 sione
567 4736 990 4819 imperatoris3
1059 4740 1158 4821 qui
1207 4758 1340 4801 cum
1386 4758 1587 4803 curam
1633 4738 2169 4803 instrumentorum
2212 4734 2360 4801 mihi
2405 4735 2867 4813 demandasset,
2934 4756 3071 4819 ego,

357 4826 481 4889 late
532 4838 782 4910 accepto
830 4830 1138 4907 mandato,
1189 4828 1648 4891 observationes
1694 4828 2080 4911 potissimum
2124 4824 2327 4906 recepi
2356 4823 2675 4886 curandas.
2750 4826 2951 4890 Multa
2997 4846 3075 4889 ex

356 4935 428 4979 eo
476 4918 890 4982 controversia
935 4939 1031 4983 me
1077 4919 1236 4983 inter
1283 4926 1348 4979 et
1376 4918 1690 4994 haeredeS,
1741 4920 1883 4983 dum
1908 4938 2023 5000 ego
2051 4917 2359 4999 publicum
2388 4913 2764 4977 commodum
2793 4914 3071 4996 respicio,

353 5003 505 5087 ipsis
565 5008 640 5069 de
695 5006 936 5090 privato
993 5028 1102 5073 suo
1150 5029 1189 5071 a
1236 5004 1505 5071 Caesare
1567 5016 1811 5087 praeter
1868 5016 2077 5072 votum
2134 5006 2295 5069 lente
2355 5003 2677 5093 admodum
2722 5006 3073 5069 satisfieret.

459 5110 638 5163 Kepleri
665 5113 806 5164 opera
833 5111 870 5155 10
2583 5109 2651 5163 24
