3634 5575
540 361 668 434 100
1423 362 1483 418 In
1519 361 1883 437 dedicationem
1922 361 2153 414 editionis
2186 363 2361 430 prioris

1255 576 1346 640 m
1394 569 2047 680 nnch‘noNEM
2091 551 2551 650 ΑΝΤῙρσΑΜ

1591 696 1823 752 nous
1852 695 2219 772 sumens,

671 804 758 874 ·a)
797 811 962 862 Anno
997 805 1186 870 -1595,
1247 805 1336 860 die
1388 808 1450 862 9.·
1498 802 1653 876 (19.)
1671 839 1686 867 x
1705 807 1865 861 Julii'
1898 805 2170 878 postridie
2206 805 2419 862 natalis
2452 805 2669 861 decimi
2705 803 2889 859 octavi
2918 805 3265 860 'serenissimi

536 887 863 946 Perdinandi
887 885 1238 950 Archiduois,
1281 887 1514 942 Roman.
1545 903 1692 942 nunc
1719 886 2367 958 Imperatoris-Augusti,
2410 884 2849 958 Hungariaeque
2876 889 2939 940 et
2964 886 3265 940 Bobemiae

535 968 716 1041 regis:
757 966 916 1036 cnjus
957 966 1014 1022 in
1055 965 1262 1022 ditione
1303 966 1646 1022 bes-edituis.
1663 966 1859 1037 Styria
1890 973 2036 1028 tunc
2060 969 2345 1022 merebam·
2372 965 2687 1037 stipendia,
2732 965 2914 1020 inveni
2951 967 3057 1020 boc
3082 983 3265 1021 secre-

535 1057 680 1106 tum
741 1047 1042 1117 sit-imque
1095 1047 1168 1100 ad
1207 1045 1344 1100 illud
1383 1047 1752 1108 excolendum
1805 1061 2137 1110 conversus
2196 1047 2419 1102 Octobri
2464 1053 2759 1117 sequente,
2822 1045 2878 1099 in
2918 1046 3265 1100 dedicatione

535 1125 876 1200 prenestini
915 1124 1304 1190 anniversarii,
1367 1129 1512 1198 quod
1551 1135 1680 1182 erat
1717 1143 1794 1180 ex
1836 1127 2015 1182 officio
2056 1126 2417 1190 scribendum.
2462 1127 2755 1182 editionem
2796 1125 2973 1180 libelli
3016 1125 3259 1196 promisi,

537 1215 604 1266 ut
639 1207 1010 1298 significarem
1057 1206 1309 1278 publice,
1370 1223 1536 1282 quam
1585 1205 1786 1297 ,ςιιιγιε
1819 1205 1977 1280 mibi
2016 1206 2429 1279 philosophiam
2476 1205 2691 1263 amanti
2730 1213 2885 1260 esset
2924 1206 3041 1260 ista
3080 1204 3267 1275 conje-

537 1287 724 1346 ctandi
761 1285 1085 1342 necessitas.
1167 1286 1261 1340 Ex
1301 1303 1368 1339 eo
1409 1287 1692 1356 profectus
1735 1285 1790 1339 in
1819 1285 2327 1358 wirtembergiam.
2378 1281 2525 1341 inter
2564 1285 2867 1342 domestica
2909 1286 3143 1357 negotia
3184 1284 3265 1340 ni-

537 1367 622 1424 bil
663 1383 841 1438 aeque
881 1364 1042 1436 pensi
1082 1365 1282 1429 habuI,
1327 1382 1395 1420 ac
1437 1366 1732 1420 editionem
1773 1365 1981 1429 libelli,
2028 1381 2185 1436 quae-
2212 1365 2347 1420 mihi
2378 1364 2701 1442 juvenculo,
2747 1365 2905 1418 nulla
2944 1364 3266 1420 eruditionis

539 1449 690 1503 ffima
728 1445 971 1518 publica,
1013 1445 1388 1516 typographis
1432 1443 1539 1500 sibi
1579 1445 1668 1498 de
1689 1437 1885 1498 dam'no
1926 1445 2315 1509 metuentibus,
2359 1445 2651 1516 plurimum
2687 1445 2945 1500 exhibuit
2984 1445 3271 1500 molestia·

537 1541 683 1582 rum.
745 1531 804 1580 et
844 1530 1010 1580 erant
1050 1524 1143 1595 qui
1196 1525 1546 1580 absurditate
1605 1524 1738 1578 moti
1800 1524 2076 1596 dog-matis
2130 1525 2494 1595 Copernicani
2550 1524 2843 1579 conatibus
2903 1526 3037 1580 meis
3100 1525 3268 1578 inter·

539 1607 820 1662 oederent.
901 1605 1100 1673 Itaque
1139 1601 1356 1676 scripta
1395 1605 1740 1660 dedicatione
1781 1603 1897 1658 ista
1938 1605 2120 1659 Idibus
2149 1604 2290 1674 Maii
2332 1605 2719 1668 Stuccardiae,
2767 1611 2925 1673 post
2940 1608 3078 1659 duos
3120 1621 3269 1659 men·

539 1703 630 1742 ses
669 1699 926 1741 reversus
968 1699 1086 1738 sum
1125 1683 1184 1737 in
1223 1682 1486 1754 styriam,
1525 1683 1730 1740 relicta
1770 1684 2069 1739 Maestlino
2108 1686 2461 1755 praeceptori
2500 1701 2623 1739 meo
2662 1684 2921 1760 editionis
2964 1701 3099 1739 cura
3122 1701 3271 1755 pene

539 1768 860 1836 desperata.
942 1763 1046 1816 illc
1085 1777 1230 1816 vvero-
1262 1765 1336 1817 ad
1375 1766 1794 1828 exornandum,·
1830 1766 2311 1820 commendandum
2352 1771 2413 1818 et
2442 1765 2601 1819 inter
2639 1763 2887 1818 homines
2928 1766 3271 1836 vulg-andum

541 1843 893 1916 opusculum,
951 1845 1100 1913 quod
1139 1842 1355 1914 ing-enti
1397 1861 1518 1900 cum
1567 1843 1953 1918 gratulatione
2012 1843 2245 1914 primum
2284 1851 2623 1915 aspexerat,
2688 1843 2825 1898 nibil
2868 1844 3001 1898 fecit
3040 1845 3269 1914 reliqui:

543 1923 888 1996 peracitqoe
919 1923 1228 1992 prudentia
1266 1930 1327 1978 et
1365 1923 1640 1980 industria
1665 1933 1802 1990 -sua,
1846 1931 1915 1978 ut
1942 1924 2177 1978 libellus
2218 1926 2443 1980 tandem
2484 1926 2741 1978 ederetur
2780 1925 2889 1976 line
2933 1925 3065 1978 anni
3100 1924 3267 1987 1596,

544 2011 608 2060 et
645 2000 1003 2074 sequentibus
1045 2002 1300 2057 nundinis
1341 2005 1660 2060 vernalibus
1703 2003 1835 2058 anni
1882 2004 2033 2059 1597
2076 2005 2341 2076 catalogo
2384 2003 2831 2060 Francomttensi
2894 2005 3265 2058 insereretur:

540 2087 677 2140 duro
717 2081 950 2139 nominis
991 2082 1098 2136 mei
1141 2082 1288 2144 fato,
1275 2103 1287 2115 ·
1348 2099 1476 2138 nam
1533 2100 1637 2155 pro
1675 2083 1927 2154 Keplero
1984 2092 2387 2153 expresserunt
2426 2083 2719 2154 Repleum.
2803 2083 2922 2145 Quo
2970 2084 3093 2155 ipso
3135 2091 3271 2137 tem-

539 2180 704 2234 pore,
763 2162 1042 2232 flagrante
1101 2163 1252 2216 bello
1293 2163 1616 2235 Hungarico
1676 2180 1798 2217 cum
1841 2163 2059 2228 Turcis,
2118 2166 2185 2218 de
2244 2163 2539 2235 provinciis
2582 2162 2879 2218 limitaneis
2926 2163 3273 2218 Ferdinando

536 2241 728 2298 heredi
787 2241 1066 2296 tradendis
1127 2241 1312 2298 arduis
1382 2243 1875 2322 deliberationibus
1949 2251 2169 2358 actum,
2155 2285 2183 2320 ‚U
2250 2244 2455 2316 quippe
2530 2242 2747 2297 exactis
2826 2243 2984 2297 annis
3046 2243 3265 2298 heredis

541 2321 908 2378 tutelaribus.

703 2401 838 2456 Cum
879 2398 1056 2472 igitur
1095 2416 1258 2456 casus
1300 2400 1548 2472 quidam,
1593 2403 1794 2475 oppido
1837 2419 2003 2474 quam
2046 2402 2303 2473 pulcher,
2360 2401 2521 2456 initia
2560 2402 2999 2472 speculationum
3040 2399 3275 2456 istarum

541 2497 665 2538 oum
703 2479 1125 2553 gubernationis
1159 2481 1599 2536 Perdinandinae
1647 2482 1955 2553 primordiis
1999 2483 2393 2545 connexuerit3
2437 2482 2557 2554 quis
2584 2489 2740 2536 vetet
2776 2482 2943 2535 etiam
2989 2497 3275 2536 successus

539 2562 784 2633 reliquos
823 2563 1293 2616 commemorando
1334 2562 1592 2632 exsequi.
1581 2583 1594 2596 ·
1654 2565 1802 2617 undo
1826 2564 1976 2616 fides
2026 2563 2273 2618 armetur
2311 2561 2443 2632 spei
2486 2561 2736 2632 optimae
2771 2562 2969 2654 plena,
3030 2579 3137 2616 non
3182 2577 3276 2616 ca·

541 2657 664 2698 sum
701 2657 944 2704 meeum,
989 2641 1086 2696 sed
1125 2641 1350 2712 genium
1389 2643 1929 2712 perspicacissimum
1959 2649 2029 2698 et
2054 2641 2541 2713 vigilantissimum
2568 2641 2757 2704 fuisse,
2798 2641 2927 2712 qui.
2919 2641 3079 2696 hanc
3104 2642 3277 2696 ritem

541 2721 824 2789 imbellem
861 2719 1124 2791 humique
1165 2727 1482 2790 serpentem
1524 2723 1684 2778 ulmis
1725 2721 1849 2778 illis
1882 2722 2209 2784 sublimibus
2252 2722 2625 2793 coaptaverit.

571 2852 576 2859 .
699 2801 925 2857 Etenim
967 2800 1190 2863 factum
1217 2806 1307 2862 est
1347 2801 1444 2859 ino
1485 2802 1608 2875 ipso
1649 2818 1798 2875 anno
1850 2802 2018 2867 1597,
2048 2808 2131 2873 ιιι
2171 2804 2373 2873 Tycbo
2388 2804 2687 2873 Eruimus,
2732 2803 2814 2857 vir
2854 2771 3061 2867 illustri
3102 2808 3275 2857 stem-

545 2888 696 2938 mate
736 2879 951 2935 Danico
992 2886 1334 2951 prognatus,
1389 2881 1738 2953 consiliisque
1780 2883 2181 2943 restaurandae
2224 2882 2603 2963 astronomiae
2637 2882 2908 2957 susceptis
2951 2883 3276 2937 celebratis-

547 2962 735 3024 simus,
778 2976 1052 3022 successu,
1097 2962 1278 3035 quoad
1318 2958 1486 3025 vixit,
1532 2954 1907 3029 felicissimus,
1956 2967 2021 3016 ut
2060 2960 2151 3017 hic
2192 2956 2414 3033 inquam
2452 2960 2641 3016 Dania
2682 2962 2872 3031 patria
2911 2961 3114 3016 relicta
3154 2979 3277 3017 cum

545 3038 691 3096 omni
735 3044 1016 3110 apparatu
1057 3040 1423 3094 astronomica
1466 3040 1735 3095 transiret
1785 3041 1843 3095 in
1886 3042 2256 3097 Germaniam.
2342 3044 2476 3095 Cum
2534 3048 2722 3095 autem
2763 3041 2928 3111 hujus
2972 3042 3074 3096 viri
3116 3041 3275 3097 insti-

541 3126 672 3176 tuta
700 3118 832 3174 mihi
874 3136 948 3173 ex
988 3118 1176 3181 relatu
1218 3124 1278 3172 et
1315 3119 1784 3190 praelectionibus
1813 3122 2098 3178 Maestlini
2142 3122 2341 3177 dudum
2378 3128 2569 3176 essent
2596 3128 2747 3184 nota,
2794 3138 2911 3178 cum
2946 3122 3277 3178 mentionem

542 3200 696 3255 iilius
737 3204 804 3254 ut
845 3196 1036 3251 summi
1077 3198 1302 3253 artificis
1343 3198 1552 3268 passim
1593 3201 1648 3253 in
1689 3200 1810 3270 ipso
1853 3201 2047 3255 libello
2090 3200 2377 3255 fecissemz
2426 3201 2719 3272 pulchrum
2759 3196 3100 3273 aequumque
3143 3202 3275 3255 mihi

547 3280 726 3335 visum
766 3282 882 3341 est,
943 3278 1176 3347 primum
1232 3286 1402 3349 atque
1451 3279 1704 3334 libellum
1743 3296 1922 3335 meum
1986 3282 2251 3353 catalogo
2298 3280 2741 3336 francofurtensi
2804 3281 3069 3335 insertum
3124 3282 3275 3345 scivi,

549 3360 698 3415 inter
749 3357 985 3412 eeteros'
1011 3358 1326 3413 matheseos
1367 3358 1710 3429 professores
1766 3360 1939 3415 etiam
1980 3361 2343 3432 Tycbonem„
2374 3367 2439 3415 ut
2476 3361 2936 3433 antesignanum,
2990 3363 3279 3417 consulere

548 3455 718 3509 super
755 3438 994 3493 materia
1033 3438 1241 3501 libelli
1299 3455 1464 3509 quam
1506 3457 1630 3497 cum
1687 3442 1911 3511 proprio
1980 3448 2099 3496 tum
2140 3440 2425 3497 Haestlini
2478 3440 2689 3509 judicio
2752 3441 2978 3495 maximi
3018 3442 3279 3497 momenti

545 3535 662 3573 rem
703 3534 828 3572 esse
871 3518 1051 3573 rebar.
1133 3518 1212 3573 Et
1251 3519 1422 3573 ceteri
1462 3519 1682 3590 quidem
1721 3527 1936 3591 promte
1980 3523 2409 3591 responderunt,
2464 3520 2755 3575 Galilaeus
2797 3521 3062 3587 Patavio,
3110 3524 3279 3577 Ursus

543 3599 754 3669 Praga.
797 3596 1108 3677 Limnaeus
1131 3599 1303 3653 Jena:
1343 3593 1417 3667 ²⁸)
1459 3602 1533 3654 ad
1559 3600 1877 3671 Tychonem
1914 3618 2048 3655 vero
2090 3601 2335 3671 epistola
2372 3616 2498 3655 mea
2538 3600 2750 3655 tardius
2793 3602 3002 3666 delata,
3046 3604 3189 3673 quod
3232 3603 3279 3655 is

541 3679 724 3731 locum
761 3658 1108 3746 inscriptum
1133 3678 1352 3733 interea
1389 3686 1692 3743 mutasset,
1753 3680 2105 3751 voluptatem
2158 3698 2235 3735 ex
2294 3696 2561 3751 responso
2612 3680 2753 3735 tanti
2805 3681 2907 3734 viri
2964 3689 3279 3737 secuturam

542 3773 645 3828 per
687 3756 966 3828 integrum
1007 3772 1211 3812 annum
1238 3758 1501 3821 detinuit,
1546 3759 1708 3817 hausi
1737 3760 1963 3813 tandem
1990 3759 2146 3814 illam
2174 3760 2387 3814 affatim
2430 3758 2770 3831 adjunxique
2812 3760 3066 3815 laetitiae
3095 3763 3278 3832 publi·

545 3852 676 3902 cae,
721 3852 865 3908 quae
909 3843 1040 3889 tunc
1080 3837 1323 3907 Styriam
1367 3840 1602 3891 tenebat
1643 3839 1712 3891 ob
1755 3839 1989 3893 exordia
2028 3840 2450 3909 gubernationis
2492 3840 2852 3904 Fer-dinami,
2904 3840 3277 3897 florentissimi

543 3916 825 3987 principis.
911 3915 1238 3987 Quanquam
1279 3916 1502 3986 eclipsis
1546 3934 1754 3990 magna
1779 3918 1924 3971 Solis
1968 3918 2023 3971 in
2066 3920 2505 3973 dodecatemorio
2547 3918 2794 3988 piscium,
2840 3920 2929 3991 qui
2965 3920 3117 3975 locus
3146 3923 3278 3977 Fer-

545 3996 782 4050 dinando
825 3994 1115 4057 culminat,
1167 3996 1450 4065 multoque
1493 3997 1672 4067 magis
1716 3996 2069 4068 intemperies
2112 3998 2387 4052 hominum
2432 4005 2732 4063 certorum,
2788 4000 2908 4067 jam
2951 4000 3117 4072 signa
3158 4018 3280 4055 meo

535 4074 744 4147 judicio
787 4074 1192 4143 praetulissent
1231 4076 1506 4129 aerumnis
1547 4077 1720 4146 paulo
1761 4085 1893 4146 post
1931 4095 2033 4149 per
2072 4078 2389 4147 provincias
2432 4078 2561 4132 illas
2606 4080 2933 4135 consecutis.

585 4193 593 4202 .
705 4160 1110 4225 Argumentum
1151 4155 1440 4209 literarum
1481 4157 1685 4211 Brabei
1730 4158 1837 4210 hoc
1876 4164 2019 4221 erat,
2063 4158 2143 4212 uti
2188 4158 2475 4228 suspensis
2512 4159 2987 4227 speculationibus
3030 4176 3067 4215 a
3108 4161 3279 4231 priori

547 4234 1006 4289 descendentibus
1049 4234 1284 4289 animum
1327 4234 1512 4305 potius
1556 4238 1625 4289 ad
1667 4238 2086 4292 observationes
2130 4254 2266 4308 quas
2310 4238 2473 4293 simul
2512 4239 2799 4303 offerebat,
2852 4240 3279 4297 considerandas

547 4313 881 4384 adjicerem:
942 4314 1108 4385 inque
1161 4314 1226 4369 iis
1269 4313 1442 4385 primo
1485 4318 1664 4385 gradu
1707 4318 1887 4381 facto,
1946 4326 2149 4386 postea
2190 4320 2403 4371 demum
2458 4320 2527 4373 ad
2580 4335 2782 4373 causas
2824 4322 3178 4376 ascenderem
3220 4330 3283 4375 et

547 4394 664 4449 tale
706 4394 834 4465 quid
875 4393 932 4448 in
973 4410 1078 4449 sua
1118 4394 1304 4464 potius
1347 4394 1664 4464 hypothesi,
1708 4414 1873 4467 quam
1914 4398 2035 4466 ipse
2074 4398 2382 4465 Copernica
2422 4398 2688 4452 veriorem
2734 4400 3017 4464 censebat,
3062 4402 3279 4457 commi-

547 4473 816 4528 niscerer:
877 4474 1142 4545 denique,
1202 4480 1268 4529 nt
1309 4476 1380 4527 ad
1429 4472 1608 4544 ipsum
1645 4493 1734 4531 me
1794 4478 2123 4539 conferrem,
2186 4476 2390 4547 quippe
2435 4478 2527 4547 qui
2578 4476 2699 4545 jam
2750 4495 2903 4533 mare
2962 4482 3279 4537 transisset.

548 4552 792 4623 Cumque
833 4570 940 4608 non
983 4553 1174 4609 statim
1217 4570 1325 4624 ego
1368 4557 1770 4624 responderem,
1815 4556 2071 4611 Brabeus
2114 4558 2309 4611 eodem
2348 4565 2678 4628 arg-umento
2720 4558 2909 4627 plures
2952 4562 3023 4613 ad
3050 4578 3137 4614 me
3178 4578 3281 4631 per

548 4648 752 4687 annum
792 4640 1112 4703 sequentem
1153 4632 1376 4705 scripsit
1419 4635 1712 4704 epistolas,
1775 4652 2005 4707 quarum
2048 4652 2162 4691 una
2209 4644 2341 4706 post
2383 4637 2576 4702 aliam,
2638 4654 2742 4692 sua
2784 4639 3070 4707 quaelibet
3124 4656 3282 4695 mora

545 4710 894 4780 interposita,
939 4710 1070 4767 mihi
1112 4723 1240 4769 sunt
1279 4712 1551 4770 redditae.
1638 4716 1859 4771 Interim
1906 4716 2117 4771 Graetii
2174 4716 2442 4785 dissipato
2495 4724 2685 4771 nostro
2729 4724 2903 4772 coetu'
2932 4720 3279 4784 discentium,

547 4789 1004 4861 ipse-‘salarifim,
1047 4796 1200 4863 ’quod'
1233 4790 1522 4863 ‹mpiebam
1565 4811 1602 4848 a
1641 4796 1960 4866 proceribus
2002 4796 2321 4866 provinciae
2363 4796 2483 4849 sine
2526 4812 2731 4866 opera,
2786 4798 2927 4853 bene
2970 4800 3277 4855 collocatu-

547 4886 641 4925 rus
683 4872 969 4927 consilium
1009 4875 1231 4929 tandem
1285 4873 1440 4947 cepi,
1500 4875 1816 4951 Tychonem
1856 4877 2043 4932 Brahe
2086 4876 2347 4931 visitandi
2390 4875 2557 4931 toties
2600 4876 2945 4933 invitantem.
3034 4882 3283 4936 Venerat
