3634 5575
629 398 714 465 52
1811 399 2134 451 Ptooemium.
2192 468 2199 479 Ι

629 560 965 623 mutandus.
1058 555 1217 628 Quia
1259 557 1446 637 igitur
1489 566 1715 619 certum
1758 575 1943 637 penes
2000 576 2108 619 vos
2179 555 2415 619 minime
2474 562 2635 631 erat,
2693 556 3179 619 inveteraturane
3246 553 3329 615 sit

630 650 779 711 haec
826 647 1078 709 mutatio
1125 666 1234 708 nec
1279 664 1376 721 ne,
1423 645 1572 707 nihil
1617 646 1711 707 hic
1755 655 1999 720 temere,
2048 644 2195 707 nihil
2230 664 2389 706 vana
2424 646 2681 726 quadam
2718 644 3137 728 desperatione
3184 660 3325 704 cor-

629 738 1014 819 rumpendum
1059 754 1194 797 esse
1240 734 1570 815 putabatiS,
1622 736 1776 815 quod
1824 736 2094 837 nequiret
2138 734 2196 795 in
2234 743 2536 814 posterum
2566 734 2821 797 rest-itui.
2886 732 3159 813 Denique
3186 749 3323 791 mo-

631 826 889 901 nebatiS,
940 833 1217 887 eventum
1260 824 1646 904 profectionis
1693 843 1865 885 meae
1912 824 1969 884 in
2016 823 2241 885 incerto
2291 842 2444 893 esse,
2492 823 2735 904 fierique
2780 842 2989 903 posse,
3038 830 3105 883 ut
3152 818 3325 883 Cha-

631 915 840 998 rybdin
877 915 1076 977 vitans
1123 914 1182 976 in
1225 911 1491 995 Scyllam
1529 912 1803 974 incidam.
1872 912 1957 973 Et
1984 913 2133 974 haec
2162 912 2397 993 quidem
2436 922 2787 991 argumenta
2818 921 2945 973 tum
2973 910 3327 972 valuerunt.

620 1006 748 1086 jam
791 1012 1113 1085 postquam
1161 1020 1236 1063 ex
1280 1002 1392 1062 bac
1441 1020 1636 1062 annua
1695 1000 1879 1063 veluti
1948 1001 2087 1063 crisi
2151 1001 2223 1061 de
2288 1001 2592 1063 turbarum
2656 1001 2864 1063 barum
2918 1000 3084 1062 exitu
3130 999 3325 1078 deque

629 1093 896 1155 venturis
941 1092 1306 1171 temporibus
1345 1090 1636 1169 judicium
1673 1090 1872 1151 facere
1912 1090 2127 1152 didicit
2172 1089 2650 1169 respondendum
2686 1099 2784 1153 est
2818 1088 3044 1169 aliquid
3082 1088 3161 1149 ad
3204 1105 3319 1167 op-

629 1183 862 1263 positas
909 1180 1194 1243 rationes.
1273 1176 1448 1249 Quod
1494 1179 1728 1259 quidem
1776 1179 2010 1254 faciam,
2064 1198 2310 1240 exorsus
2358 1178 2432 1240 ab
2470 1179 2699 1241 ultima.
2777 1176 3181 1257 Quaecunque
3226 1194 3322 1236 me

629 1290 886 1352 namque
917 1271 1157 1332 fortuna
1184 1277 1471 1347 sequatur
1498 1268 1616 1330 alio
1655 1268 2009 1349 profectum,
2060 1276 2285 1329 certum
2330 1267 2541 1342 habeo,
2591 1267 2943 1330 atrociorem
2988 1286 3106 1328 non
3155 1266 3321 1327 futu-

629 1380 776 1436 ram,
825 1378 999 1439 quam
1048 1376 1196 1440 quae
1245 1356 1416 1417 nobis
1461 1356 1748 1437 impendit
1795 1357 2047 1418 durante
2094 1356 2206 1419 hac
2251 1356 2421 1436 Reip.
2470 1364 2709 1418 nostrae
2758 1357 2966 1419 forma.
3060 1355 3327 1416 Ventum

631 1458 727 1511 est
753 1450 883 1527 jam
913 1448 988 1509 ad
1021 1446 1200 1508 exilia
1229 1445 1481 1507 civium:
1535 1464 1684 1525 quae
1731 1445 1957 1507 indicta
2002 1453 2158 1520 sunt,
2209 1446 2648 1525 repraesentari
2685 1446 2941 1507 nondum
2979 1449 3323 1525 coeperunt,

629 1550 946 1641 postquam
990 1535 1241 1615 principi
1288 1535 1450 1595 cives
1498 1534 1937 1636 supplicarunt,
1998 1553 2461 1614 responsumque
2519 1534 2803 1598 differtur.
2900 1531 3017 1604 Qui
3065 1552 3139 1594 ex
3185 1532 3329 1594 aula

629 1628 691 1690 in
739 1628 891 1688 hanc
937 1624 1296 1685 mentionem
1345 1622 1648 1697 incidunt,
1706 1624 1987 1703 graviora
2042 1624 2381 1685 minantur:
2451 1642 2695 1704 quorum
2749 1642 2927 1685 voces
2982 1622 3035 1683 si
3081 1622 3327 1683 oracula

631 1718 770 1791 sint,
820 1732 1122 1815 nunquam
1146 1712 1566 1773 commissurus
1597 1719 1694 1773 est
1719 1713 2014 1793 princepe,
2063 1721 2131 1773 ut
2176 1712 2270 1772 vel
2320 1710 2664 1774 Lutherano
2710 1713 2876 1774 locus
2923 1711 2979 1773 in
3026 1711 3171 1773 urbe
3218 1711 3323 1785 sit,

631 1805 726 1865 vel
791 1804 981 1865 libera
1045 1800 1326 1881 migranti
1389 1809 1665 1878 potestas
1728 1801 2055 1874 avehendi,
2124 1802 2562 1875 commutandi,
2621 1801 2913 1862 vendendi
2970 1800 3128 1861 bona
3192 1818 3325 1861 sua.

633 1890 1061 1973 Confingentur
1109 1891 1250 1964 doli,
1303 1890 1512 1971 quibus
1559 1891 1616 1952 in
1666 1890 1913 1951 crimina
1948 1890 2286 1970 majestatis
2326 1890 2700 1970 implicentur
2733 1890 2914 1963 civeS,
2964 1898 3033 1950 ut
3077 1888 3325 1967 rapinae

631 1990 1014 2062 praetextum
1073 1980 1337 2041 habeant
1384 1978 1682 2059 justitiae.
1777 1977 2069 2041 Carceres
2125 1978 2313 2059 primo
2376 1979 2573 2058 parati
2639 1987 2844 2048 erunt,
2910 1985 3034 2040 tum
3096 1977 3327 2039 multae

628 2070 1029 2152 pecuniariae,
1078 2070 1290 2171 quibu-s
1338 2068 1425 2129 illi
1471 2068 1873 2142 redimantur;
1922 2068 2170 2148 denique
2210 2066 2380 2128 bonis
2426 2066 2737 2147 dissipatis
2786 2066 2981 2129 exilia.
3070 2063 3149 2129 Et
3191 2067 3323 2146 jam

632 2160 869 2239 quidem
915 2157 1203 2237 incipiunt
1250 2156 1512 2259 irrogare
1561 2158 1783 2218 multas
1830 2158 2225 2236 pecuniarias
2303 2155 2421 2228 Qui
2468 2158 2754 2218 infantem
2804 2156 2881 2217 ad
2926 2154 3093 2217 verbi
3138 2156 3324 2217 mini-

631 2256 820 2309 strum
865 2246 926 2307 in
975 2265 1112 2308 alce
1159 2245 1358 2325 aliqua
1393 2245 1590 2306 vicina
1629 2245 1941 2325 degentem
1980 2244 2192 2319 defen-,t
2248 2244 2529 2325 baptismi
2568 2264 2767 2318 causa,
2821 2244 2917 2325 qui
2953 2242 3019 2307 S.
3052 2242 3325 2307 Coenam

630 2320 849 2417 accipit
894 2354 970 2396 ex
1015 2333 1389 2395 institutione
1438 2332 1694 2405 Christi,
1759 2334 1857 2414 qui
1904 2334 2216 2395 conciones
2260 2334 2660 2414 Evangelicas
2710 2332 2877 2408 adit3
2934 2333 3327 2413 majestatem

627 2425 825 2488 laesit.
904 2422 1020 2495 Qui
1049 2422 1352 2485 Psalmum
1396 2421 1553 2484 intra
1597 2423 1803 2484 urbem
1850 2431 2075 2497 cantat,
2126 2423 2221 2503 qui
2268 2424 2569 2501 postillas,
2620 2422 2715 2501 qui
2763 2421 3009 2483 Biblia
3042 2422 3323 2485 Luthe-

627 2533 803 2577 rana
848 2513 1060 2593 legit,
1109 2512 1272 2573 urbis
1301 2511 1602 2573 territorio
1633 2521 1892 2573 meretur
1919 2512 2127 2573 arceri.
2206 2510 2377 2583 Qui
2361 2532 2419 2573 ιιι
2466 2511 2807 2573 coemiterio
2852 2529 3130 2591 pompam
3174 2511 3325 2573 hor-

627 2612 791 2665 tatur
837 2604 916 2664 ad
967 2620 1205 2681 preceS,
1264 2600 1360 2680 qui
1407 2601 1683 2663 morienti
1729 2601 2193 2661 consolationem
2242 2601 2542 2681 suggerit,
2600 2600 2952 2679 gravissime
2996 2610 3212 2680 peccat
3258 2610 3331 2662 et

627 2694 1054 2770 πολυπραγμωφ
1099 2699 1214 2750 est.
1289 2690 1456 2751 Haec
1505 2689 1658 2750 enim
1707 2688 1903 2749 omnia
1942 2699 2082 2751 sunt
2119 2690 2175 2749 in
2217 2691 2494 2752 decretiS.
2570 2690 2813 2751 Nullum
2860 2689 2957 2750 hic
3002 2690 3325 2757 discrimen

629 2782 786 2843 inter
813 2782 1002 2842 civem
1047 2785 1111 2839 et
1147 2777 1480 2840 ministrum
1508 2778 1961 2858 provincialium
1998 2778 2058 2838 in
2097 2778 2475 2841 exsecutione
2514 2789 2807 2841 ser-vatur.
2882 2778 3033 2840 Mihi
3076 2778 3134 2840 in
3181 2779 3325 2840 vin-

630 2871 853 2932 dictam
901 2867 1186 2930 contemti
1232 2867 1544 2929 ministerii
1593 2866 1779 2928 urbici
1815 2867 2006 2927 multa
2058 2865 2138 2930 10
2174 2868 2531 2934 thalerorum
2571 2868 2799 2930 indicta
2833 2875 2968 2930 est:
3005 2867 3329 2930 'dimidium

627 2958 902 3038 precibus
931 2957 1171 3030 redemi,
1219 2957 1508 3036 reliquum
1553 2956 1716 3035 prius
1765 2965 1899 3017 erat
1940 2957 2385 3034 praestandum,
2437 2976 2611 3037 quam
2656 2975 2895 3038 possem
2933 2956 3179 3018 filiolam
3222 2957 3323 3018 in-

630 3048 784 3109 ferre
831 3046 1165 3125 sepulchro.
1256 3045 1464 3118 Alius,
1516 3046 1670 3124 quod
1716 3045 1995 3124 populum
2042 3054 2175 3106 erat
2220 3045 2571 3107 exhortatus
2616 3046 2677 3107 in
2724 3046 3097 3126 coemiterio,
3156 3045 3331 3108 nulla

626 3137 928 3198 mentione
975 3134 1304 3195 invidiosae
1353 3153 1589 3204 causae,
1637 3135 1948 3195 teterrimo
1995 3153 2233 3196 carcere
2281 3135 2600 3198 detinetur.
2694 3133 2941 3197 Summa
2986 3136 3135 3196 haec
3182 3143 3322 3196 est:

629 3245 703 3287 ea
753 3227 879 3306 jam
928 3224 1126 3299 dicta,
1191 3223 1463 3303 incepta,
1531 3224 1694 3284 facta
1739 3231 1879 3284 sunt
1926 3243 1963 3284 a
2007 3223 2301 3302 principe,
2371 3230 2437 3284 ut
2480 3244 2597 3285 non
2641 3225 2838 3304 possit
2882 3224 3011 3286 sine
3059 3224 3325 3288 maximo

628 3315 719 3376 sui
775 3315 1062 3392 despectu
1119 3314 1217 3374 vel
1277 3331 1453 3373 unum
1501 3330 1718 3373 annum
1765 3312 1871 3373 ulli
1915 3313 2081 3374 verbi
2128 3311 2399 3374 ministro
2446 3313 2503 3374 in
2552 3313 2741 3376 tribus
2786 3314 2950 3376 hisce
2998 3315 3323 3394 provinciis

627 3404 690 3464 in
727 3403 852 3464 ulla
882 3420 1037 3476 arce,
1089 3419 1469 3482 quaecunque
1495 3401 1667 3480 jura,
1715 3401 1971 3479 publica,
2021 3401 2260 3481 privata
2290 3403 2717 3481 praetendente
2746 3403 2943 3464 locum
2968 3403 3325 3483 relinquere.

627 3495 722 3553 Ac
767 3491 885 3552 nisi
931 3491 1367 3552 malesanorum
1413 3491 1709 3551 hominum
1755 3491 2067 3554 conatibus
2124 3492 2377 3552 resistat
2420 3491 2747 3553 Austriaca
2794 3492 3140 3565 clem-entia,
3188 3493 3325 3572 jam

626 3581 686 3642 in
734 3581 1099 3661 quorundam
1145 3581 1359 3642 animis
1409 3581 1711 3642 delineata
1756 3587 1893 3640 sunt
1944 3588 2004 3641 et
2048 3581 2355 3661 martyria,
2404 3599 2513 3640 nec
2558 3588 2925 3660 temperatur
2970 3582 3046 3643 ab
3092 3582 3323 3661 apertis

627 3670 1206 3733 comminationibus,
1295 3670 1425 3733 Nec
1473 3669 1784 3750 quisquam
1833 3668 2097 3743 dubitat,
2158 3669 2295 3747 quin
2342 3669 2395 3730 si
2439 3669 2499 3729 in
2547 3669 2707 3731 cives
2754 3677 2816 3730 et
2859 3670 2920 3731 in
2965 3671 3321 3751 metropolin

611 3760 829 3832 ‚valeat
874 3759 1024 3820 baec
1068 3760 1435 3837 persecut-io,
1485 3759 1751 3836 singulas
1797 3775 2027 3838 quoque
2074 3751 2354 3819 nobilium
2399 3776 2601 3832 arceS,
2650 3759 2928 3839 ipsosque
2974 3761 3125 3820 adeo
3174 3778 3318 3840 pro-

626 3868 812 3922 cereS,
859 3848 1075 3908 nedum
1119 3847 1419 3908 ministros
1467 3853 1818 3925 perreptura
1864 3847 1965 3906 sit.
2040 3844 2246 3906 Habes
2284 3847 2745 3908 delineationem
2772 3847 3029 3927 aliquam
3068 3858 3317 3910 nostra—

623 3937 774 3998 tium
820 3954 1031 3998 rerum.
1126 3933 1260 4006 Qua
1305 3955 1421 3996 non
1467 3935 1676 3996 ultimo
1724 3939 1983 3994 tantum*
2008 3943 2384 4013 argumento,
2434 3935 2541 3996 sed
2588 3944 2649 3997 et
2696 3936 2889 3998 medio
2936 3937 3319 3999 satisfactum

623 4034 788 4107 put0.
881 4025 1069 4096 Nam,
1131 4032 1199 4085 ut
1252 4044 1404 4085 nunc
1469 4023 1704 4104 quidem
1751 4022 1975 4084 habent
2032 4024 2294 4085 humana
2345 4025 2674 4104 praesidia,
2738 4027 2901 4088 nulla
2955 4045 3029 4086 ne
3074 4027 3321 4088 minima

627 4114 860 4194 quidem
905 4133 1046 4194 spes
1095 4123 1190 4174 est
1234 4115 1290 4174 in
1350 4127 1670 4193 quoquam,
1731 4111 1849 4173 nisi
1908 4110 1969 4174 in
2030 4113 2229 4176 armis.
2321 4113 2421 4175 Ad
2476 4134 2643 4176 arma
2697 4123 2895 4176 autem
2951 4114 3081 4194 quis
3137 4124 3317 4195 putas

627 4203 872 4265 veniet?
959 4203 1116 4265 Num
1181 4201 1464 4264 nobilitas
1530 4209 1740 4262 contra
1801 4201 2172 4281 principem?
2262 4201 2607 4280 Disputatio
2674 4205 2902 4265 infinita
2966 4212 3081 4268 est.
3186 4205 3319 4266 Nec

625 4293 833 4367 video,
885 4311 1034 4373 quae
1082 4292 1223 4352 mihi
1267 4292 1507 4371 privata
1553 4309 1692 4369 spes
1739 4291 1797 4351 in
1846 4291 2087 4369 publica
2134 4291 2479 4352 calamitate
2524 4294 2718 4372 possit
2764 4313 2914 4355 esse.
2996 4293 3317 4374 Nunquam

626 4383 799 4443 salva
842 4387 1046 4462 potest
1092 4400 1224 4442 esse
1281 4400 1377 4442 res
1437 4380 1767 4442 domestica
1819 4380 1879 4440 in
1940 4380 2191 4459 publicis
2255 4380 2752 4460 grassationibus.
2844 4383 3057 4444 Filiam
3118 4401 3317 4444 meam

627 4467 783 4551 qu'od
831 4471 1078 4545 attinet,
1138 4471 1370 4549 opinor,
1433 4471 1584 4530 hanc
1632 4489 1765 4531 esse
1812 4488 2008 4530 rerum
2055 4470 2294 4544 faciem,
2359 4477 2426 4532 ut
2468 4469 2627 4532 haud
2673 4481 2922 4550 gravate
2968 4473 3313 4534 consensuri

624 4561 750 4621 sint
797 4560 921 4638 ejus
968 4567 1200 4621 tutores
1247 4577 1378 4620 cum
1425 4578 1606 4620 uxore
1653 4578 1806 4632 mea,
1858 4576 2007 4639 quae
2054 4559 2216 4620 illam
2265 4577 2465 4620 secum
2510 4559 2851 4621 abduceret.
2924 4562 3015 4622 At
3058 4561 3312 4622 officium

621 4667 835 4723 meum,
885 4649 1056 4730 quale
1097 4649 1276 4710 fuerit
1301 4648 1590 4710 hactenus
1619 4649 1748 4728 jam
1793 4668 1947 4710 anno
1994 4655 2284 4723 vertente,
2335 4656 2480 4728 puto
2526 4656 2587 4709 te
2636 4650 2993 4730 perspicere.
3070 4649 3311 4712 Nemini

621 4738 754 4800 usui
803 4745 942 4798 sunt
985 4754 1166 4816 opera
1211 4757 1373 4812 mea;
1422 4739 1688 4818 quodque
1733 4738 2013 4799 salarium
2051 4737 2554 4801 meum·obtinere
2586 4757 2678 4800 me
2714 4738 3037 4818 patiuntur,
3086 4739 3315 4802 faciunt

621 4845 738 4887 non
787 4833 911 4888 tam
949 4844 1056 4904 spe
1086 4838 1440 4906 sequuturae
1471 4845 1547 4888 ex
1574 4845 1668 4887 me
1695 4826 1997 4897 utilitatis,
2047 4847 2219 4907 quam
2266 4827 2675 4891 misericordia
2721 4836 2783 4888 et
2828 4836 2986 4890 metu
3032 4828 3313 4890 sinistrae

625 4915 1085 4979 existimationis
1129 4932 1313 4996 penes
1357 4934 1467 4977 vos
1513 4915 1570 4977 in
1618 4915 1885 4995 imperio.
1959 4918 2062 4978 Ad
2108 4917 2256 4978 haec
2302 4917 2355 4978 si
2394 4918 2457 4979 in
2496 4917 2704 4981 schola
2739 4916 2884 4980 mihi
2921 4916 3313 4983 laborandum
