3634 5575
564 398 689 466 142
1577 393 1802 460 Mysten!
1839 393 2238 462 Gosmograpbici

560 555 896 640 octanguli,
960 563 1102 620 sunt
1144 555 1207 618 in
1254 555 1446 636 gradu
1491 554 1813 618 remotiore
1861 559 1927 617 et
1970 553 2374 618 irrationales,
2469 549 2544 628 3)
2601 549 2834 628 Causa,
2895 552 3036 633 quia
3089 551 3292 614 trinus

561 668 693 711 cum
742 646 966 716 sextili,
1018 645 1375 728 quadratum
1420 663 1554 707 oum
1602 644 1898 724 quadrato
1947 643 2210 705 efficiunt
2253 649 2484 706 rectum
2523 642 2826 722 angulum,
2875 641 3030 704 radii
3073 639 3292 720 reliqui

563 739 725 800 nullo
770 744 953 818 pacto
1002 752 1137 797 cum
1183 734 1307 796 ulla
1366 742 1609 813 recepta
1660 733 1841 795 linea.
1934 727 2007 806 4)
2065 733 2431 812 Imperfecta
2473 731 2527 792 B
2583 731 2782 793 mollis
2839 739 2936 792 est
2990 730 3290 812 quodam-

561 827 739 889 modo
785 824 1095 904 perfecta,
1166 821 1305 904 quia
1368 821 1559 886 utitur
1612 821 1824 882 eadem
1883 819 2176 883 divisione
2233 840 2368 882 cum
2425 819 2711 901 perfectis
2769 828 2832 882 et
2885 827 2984 881 est
3038 818 3296 880 dimidia

564 915 793 997 quinta.
887 911 1061 975 Unde
1110 931 1226 974 non
1272 909 1514 986 mirum,
1578 911 1771 971 solam
1817 929 1893 970 ex
1937 910 2306 989 imperfectis
2353 909 2718 989 respondere
2765 907 3037 988 aspectui
3086 907 3290 980 alicui,

565 1023 649 1066 sc.
702 1001 939 1078 sextili,
1004 999 1104 1082 qui
1162 999 1370 1062 itidem
1426 1006 1524 1062 est
1579 997 1861 1060 dimidius
1921 998 2134 1060 trinua.
2229 997 2488 1061 Ceterae
2547 997 2703 1059 euim
2763 1016 2872 1060 nec
2921 1006 3101 1076 aptae
3149 1002 3297 1057 sunt

563 1092 621 1154 in
672 1089 1127 1164 duodenarium,
1204 1107 1315 1150 nec
1371 1087 1625 1168 perfecti
1682 1087 1937 1167 alicujus
1989 1107 2132 1168 pars
2189 1095 2347 1149 sunt.
2441 1085 2513 1161 5)
2570 1086 2846 1168 Denique
2901 1103 3011 1147 sex
3067 1085 3296 1164 trigoni

566 1181 789 1260 anguli,
842 1185 1097 1259 quatuor
1142 1178 1441 1258 quadrati,
1489 1186 1617 1238 tres
1647 1176 1981 1254 sexanguli,
2033 1185 2098 1238 et
2143 1177 2374 1239 duobus
2421 1175 2810 1239 semicirculis
2857 1174 3298 1254 comprehensa

563 1272 679 1332 duo
728 1268 931 1348 spatia
975 1261 1229 1346 implent
1276 1283 1510 1328 omnem
1556 1267 1614 1327 in
1672 1265 1928 1344 planitie
1978 1265 2190 1327 locum.
2284 1265 2375 1326 At
2418 1272 2542 1326 tres
2592 1265 2796 1344 anguli
2841 1263 2900 1326 in
2949 1262 3286 1344 quinquan-

564 1359 703 1440 gulo
764 1357 1027 1418 minores
1084 1363 1226 1417 sunt
1291 1361 1549 1434 quatuor
1611 1354 1831 1428 rectis,
1905 1363 2164 1436 quatuor
2225 1361 2370 1415 sunt
2423 1353 2706 1440 majores.
2799 1351 2976 1416 Unde
3033 1361 3099 1413 et
3140 1351 3298 1413 illud

560 1455 761 1530 patet,
822 1464 1005 1526 quare
1054 1463 1165 1505 nec
1210 1443 1652 1522 octangularis,
1670 1445 1757 1516 π)
1814 1461 1924 1503 nec
1973 1443 2518 1521 duodecangularis
2567 1442 2802 1517 radius,
2825 1439 2918 1515 ¹¹¹¹)
2978 1459 3088 1504 nec
3131 1441 3297 1502 ullus

562 1534 929 1614 reliquorum
958 1540 1257 1612 operetur.
1331 1532 1537 1613 Atque
1586 1531 1681 1593 hic
1730 1533 1856 1593 fere
1905 1550 2120 1610 separo
2170 1551 2388 1593 causas
2437 1540 2789 1611 aspectuum
2836 1551 2874 1591 a
2911 1529 3111 1591 causis
3141 1546 3299 1590 con-

564 1623 921 1685 cordiamm.
945 1619 1010 1695 ¹¹)
1088 1619 1270 1683 Certe
1318 1621 1474 1682 enim
1526 1638 1677 1700 quae
1728 1639 1805 1682 ex
1853 1620 2090 1699 angulis
2137 1620 2226 1694 fit,
2273 1619 2534 1700 genuina
2577 1618 2766 1682 radiis
2815 1627 2912 1680 est
2957 1618 3296 1680 ratiocina-

564 1713 686 1786 tio;
709 1709 801 1785 ¹¹¹¹)
850 1728 985 1773 cnm
1030 1718 1279 1789 propter
1324 1709 1604 1786 angulum
1650 1704 1711 1770 in
1760 1717 1980 1790 puncto
2026 1709 2361 1791 >superficiei
2419 1709 2723 1770 Terrenae
2774 1709 3018 1781 factum,
3067 1709 3128 1768 in
3178 1725 3298 1786 quo

566 1801 912 1873 miscentur,
964 1799 1194 1860 existat
1240 1797 1531 1876 operatio,
1583 1805 1699 1858 no‘n
1750 1816 1894 1860 vero
1943 1807 2191 1878 propter
2235 1797 2488 1877 figuram
2533 1796 2592 1858 in
2632 1797 2880 1859 zodiaco
2919 1798 3140 1858 circulo
3181 1795 3299 1856 de-

568 1890 893 1970 scriptam,
965 1905 1118 1968 quae
1184 1886 1613 1966 imaginatione
1678 1887 1882 1966 potius
1944 1906 2119 1966 quam
2177 1887 2264 1948 rei·
2310 1886 2570 1947 veritate
2618 1894 2880 1966 constat.
2902 1882 2967 1961 ¹¹)
3057 1882 3304 1948 Divisio

566 1996 711 2040 vero
756 1975 893 2038 fidis
940 1972 1156 2037 nec‘in
1214 1975 1433 2037 circulo
1495 1975 1589 2050 fit,
1659 1993 1769 2044 nec
1825 1975 2062 2054 angulis
2123 1975 2347 2049 utitur,
2417 1975 2524 2036 sed
2585 1973 2644 2036 in
2681 1975 2864 2056 plano
2910 1993 3021 2054 per
3063 1981 3302 2036 rectam

569 2067 787 2129 lineam
833 2064 1157 2146 perficitur.
1251 2065 1517 2126 Possunt
1566 2073 1766 2126 tamen
1814 2064 2198 2126 nihilominus
2261 2071 2325 2126 et
2384 2063 2850 2126 concordantiae
2899 2073 2964 2126 et
3009 2071 3302 2143 aspectus

567 2155 797 2216 habere*
837 2171 1145 2216 commune
1194 2153 1372 2234 quid,
1422 2152 1581 2233 quod
1627 2152 1838 2215 eadem
1889 2154 2164 2234 utrinqne
2213 2160 2524 2226 causatur,
2577 2161 2643 2214 nt
2689 2171 2874 2231 supra
2919 2151 3302 2223 dictum.¹¹¹²)

568 2245 641 2307 Id
688 2263 831 2305 vero
888 2243 1145 2304 aliorum
1199 2241 1531 2303 industriae
1590 2242 1858 2322 relinquo
1907 2243 2315 2304 scrutandum.
2409 2240 2746 2302 Ptolemaei
2791 2242 3057 2317 Musica,
3143 2258 3302 2320 quae

568 2331 1085 2412 Regiomontanus
1124 2347 1261 2391 cum
1300 2329 1679 2409 expositione
1720 2331 2036 2414 Porphyrii
2083 2331 2355 2393 editurus
2403 2338 2554 2405 erat,
2607 2330 2716 2392 sed
2765 2331 3024 2392 non-dum
3074 2347 3306 2396 excusa

568 2420 889 2485 Cardanus
938 2419 1193 2492 asserit,
1258 2419 1316 2480 in
1380 2419 1495 2479 hac
1550 2419 1810 2481 materia
1861 2420 2067 2499 procul
2127 2419 2307 2481 dubio
2354 2426 2690 2482 versantur.
2715 2422 2806 2494 ¹¹²)
2897 2419 3056 2480 Vide
3104 2418 3298 2479 etiam

570 2511 710 2592 quid
759 2528 835 2572 ex
878 2507 1152 2572 Euclidis
1200 2507 1452 2570 Musicis
1500 2507 1615 2568 huc
1660 2507 1873 2570 referri
1917 2510 2133 2588 possit.
2157 2510 2241 2583 ⁰⁰)

1412 2683 1502 2746 IN
1550 2681 1832 2746 CAPUT
1876 2681 2456 2748 DUODEGIMUM

1624 2805 1854 2858 NOTAE
1892 2806 2245 2859 merolus.

734 2912 799 2987 a)
840 2917 961 2971 Hoc
987 2916 1178 2970 thema
1207 2932 1282 2969 ex
1308 2915 1559 2987 professo
1589 2914 1830 2969 tractavi
1859 2914 1914 2969 in
1944 2915 2084 2970 libro
2115 2917 2180 2969 de
2209 2916 2382 2970 stella
2409 2932 2568 2980 nova,
2617 2916 2781 2988 inque
2809 2934 3074 2989 responso
3105 2922 3174 2973 ad
3206 2922 3305 2975 ob-

564 2998 725 3068 jecta
760 2996 1003 3059 Roslini3
1051 3012 1247 3065 nempe
1278 3003 1515 3066 quatuor
1543 2995 1763 3066 quidem
1802 2995 1988 3049 circuli
2033 2995 2243 3050 zodiaci
2270 2998 2611 3067 quadrantes
2653 3000 2944 3054 monstrari
2973 3016 3010 3054 a
3037 3001 3305 3055 conditio-

573 3079 735 3135 nibus
765 3080 993 3131 duorum
1020 3080 1280 3138 motuum,
1329 3074 1507 3129 diurni
1536 3082 1597 3129 et
1617 3075 1761 3129 Solis
1793 3074 1978 3139 annui,
2029 3092 2166 3145 quas
2216 3083 2521 3147 sequuntur
2568 3078 2737 3131 etiam
2783 3079 3000 3133 luminis
3047 3088 3107 3134 et
3151 3082 3306 3134 cale·

573 3157 830 3214 factionis
874 3162 1091 3211 metae:
1154 3162 1215 3209 at
1261 3157 1627 3233 quadrantum
1673 3156 2019 3227 singulorum
2065 3156 2490 3211 subdivisionem
2536 3157 2592 3211 in
2631 3162 2795 3213 terna
2843 3160 3094 3231 praecise
3141 3160 3310 3232 signa

575 3238 713 3294 nihil
740 3237 859 3291 tale
888 3254 990 3291 nec
1016 3252 1092 3289 ex
1116 3239 1269 3289 motu
1298 3252 1401 3289 nec
1428 3252 1502 3289 ex
1530 3234 1739 3289 viribus
1770 3236 1994 3299 habere,
2026 3236 2182 3305 cujus
2213 3238 2441 3291 effectus
2471 3236 2684 3291 censeri
2711 3240 2904 3308 possit,
2950 3240 3052 3294 nisi
3083 3246 3306 3296 tantum

573 3316 1051 3392 generalissimam
1096 3316 1249 3369 illam
1290 3314 1712 3380 distinctionem,
1763 3316 1956 3386 quanti
1999 3314 2431 3387 uniuscujusque
2475 3317 2532 3371 in
2575 3317 2918 3388 principium,
2969 3320 3204 3375 medium
3245 3328 3309 3376 et

570 3400 759 3453 finem:
811 3410 946 3467 quas
974 3402 1163 3449 tamen
1190 3402 1383 3465 partes
1414 3396 1572 3451 nulla
1598 3397 1902 3450 necessitas
1941 3395 2110 3463 jubet
2147 3398 2412 3466 aequales
2441 3414 2564 3451 esse
2611 3413 2680 3451 ac
2719 3414 2789 3453 ne
2835 3406 3028 3471 partes
3056 3400 3305 3471 quidem:

574 3478 781 3535 sufficit
807 3476 965 3541 enim,
1016 3483 1082 3530 ut
1120 3490 1222 3546 pro
1249 3476 1427 3531 medio
1456 3482 1753 3531 censeatur
1780 3482 1904 3531 tota
1931 3476 2252 3546 quadrantis
2299 3476 2467 3542 linea,
2516 3493 2617 3547 pro
2658 3478 2926 3550 principio
2967 3486 3027 3535 et
3059 3482 3168 3535 fine
3198 3484 3308 3537 duo

574 3560 760 3614 lineae
790 3556 1008 3611 termini
1036 3572 1137 3610 seu
1165 3564 1391 3626 puncta,
1422 3574 1566 3627 quae
1595 3572 1705 3611 non
1732 3563 1866 3611 sunt
1892 3572 2024 3626 pars
2053 3558 2120 3609 de
2147 3556 2316 3612 linea.
3135 3586 3142 3592 ·

735 3634 795 3705 b)
838 3637 1093 3693 Ridicula
1136 3636 1269 3691 mihi
1316 3637 1595 3691 sententia
1639 3636 1863 3701 excidit,
1913 3653 2043 3691 vere
2091 3652 2203 3690 non
2231 3636 2530 3692 sententia.
2615 3637 2756 3701 Quid
2800 3639 2943 3693 enim
2971 3647 3077 3704 est,
3125 3640 3308 3697 nihil

576 3724 857 3791 praeter
886 3717 1151 3771 omnia?
1234 3716 1572 3779 Numeratio,
1617 3717 1763 3771 actio
1790 3716 2006 3781 mentis,
2039 3718 2360 3787 supervenit
2383 3718 2552 3773 rebus
2582 3714 2847 3783 omnibus,
2888 3718 3082 3774 divinis
3114 3728 3173 3775 et
3200 3723 3306 3776 hu-

574 3800 785 3855 manis:
834 3799 1007 3861 nulla‚
1039 3814 1109 3850 ne
1137 3796 1421 3851 levissima
1448 3797 1664 3867 quidem
1692 3796 1970 3851 distinctio
2000 3804 2104 3861 est,
2157 3814 2257 3851 seu
2283 3797 2471 3859 realiS,
2520 3815 2618 3851 seu
2653 3798 3034 3854 intentionalis
3080 3800 3179 3870 (sit
3205 3802 3311 3857 illa

576 3879 787 3951 primae
816 3878 907 3931 vel
929 3878 1223 3941 secundae,
1254 3877 1347 3930 vel
1375 3876 1595 3941 tertiae,
1626 3876 1716 3930 vel
1748 3883 1952 3947 quotae
1985 3876 2130 3930 libet
2155 3873 2506 3946 intentionis)
2545 3894 2686 3948 quae
2717 3896 2825 3933 non
2855 3882 3132 3950 quandam
3158 3881 3307 3936 simi-

577 3958 869 4013 litudinem
908 3958 1124 4010 habeat
1168 3972 1287 4011 cum
1334 3955 1598 4010 divisione
1646 3962 1836 4011 rectae
1875 3956 1930 4010 in
1977 3962 2188 4026 partes.
2269 3958 2428 4021 Vide,
2477 3972 2619 4028 quae
2667 3960 2732 4011 de
2760 3961 2996 4014 numeris
3027 3962 3310 4032 disputavi

576 4040 674 4093 lib.
708 4038 801 4092 IV.
831 4036 1285 4090 Harmonicorum
1316 4037 1449 4106 Cap.
1480 4037 1522 4091 Ι.
1606 4038 1729 4091 Hoc
1767 4044 1954 4091 autem
1997 4036 2128 4090 mihi
2157 4044 2283 4091 erat
2317 4036 2374 4091 in
2405 4038 2602 4102 animo,
2653 4054 2774 4092 cum
2800 4040 2945 4093 hanc
2971 4042 3310 4097 sententiam

578 4118 951 4187 conciperem:
995 4116 1252 4187 quidquid
1281 4124 1605 4172 numeratur
1632 4134 1667 4171 a
1695 4116 1854 4171 nobis
1887 4111 2141 4188 (praeter
2166 4116 2378 4171 divinas
2407 4134 2676 4187 personas
2717 4118 2773 4171 in
2799 4118 2895 4175 SS.
2925 4118 3221 4188 Trinitate)
3253 4123 3309 4177 id

577 4204 893 4269 respectum
923 4196 1163 4267 aliquem
1192 4197 1401 4251 habere
1431 4198 1878 4268 quantitativum,
1909 4197 2155 4253 saltem'
2140 4215 2194 4251 ιιι
2223 4197 2530 4252 intentione
2559 4200 2920 4255 numerantis.

740 4273 798 4346 c)
846 4277 956 4330 Per
982 4276 1431 4347 imaginationem
1459 4278 1615 4347 plani
1644 4294 1748 4348 per
1764 4278 2039 4332 sectiones
2069 4277 2199 4331 illas
2229 4278 2469 4333 laterum
2505 4284 2567 4331 et
2601 4295 2706 4347 per
2731 4277 2980 4335 centrum
3003 4282 3310 4353 figurarum

582 4357 818 4412 omnium
846 4356 1091 4411 traducti
1136 4364 1197 4411 et
1234 4374 1410 4427 usque
1439 4358 1542 4411 sub
1578 4358 1725 4411 fixas
1771 4359 2011 4422 extensi,
2063 4358 2220 4427 cnjus
2269 4358 2442 4413 sectio
2471 4374 2592 4413 oum
2619 4360 2863 4428 sphaera
2887 4361 3124 4417 fixarum
3151 4362 3309 4418 nobis

580 4438 805 4509 peperit
831 4437 889 4491 in
916 4437 1277 4505 conceptione
1306 4436 1409 4491 illa
1434 4438 1764 4507 eclipticam.
2973 4466 2976 4469 ·

633 4520 643 4533 ⁸
744 4512 808 4587 d)
854 4516 913 4571 Si
952 4517 1204 4571 nimirum
1239 4534 1315 4571 ex
1344 4522 1532 4571 centro
1562 4518 1830 4572 communi
1857 4518 2161 4589 figurarum
2187 4524 2376 4572 rectae
2411 4535 2516 4588 per
2543 4519 2814 4574 sectiones
2843 4519 2977 4575 dicti
3001 4522 3160 4593 plani
3187 4538 3311 4577 cum

582 4596 855 4653 lateribus
882 4598 1185 4670 figurarum
1212 4595 1505 4664 ejiciantur
1530 4613 1704 4669 usque
1734 4600 1837 4651 sub
1864 4598 2034 4676 iixas3
2067 4598 2372 4652 addendum
2399 4606 2612 4654 autem:
2653 4600 2709 4654 Si
2738 4600 2910 4655 etiam
2938 4618 3122 4657 omnes
3154 4602 3310 4673 quin-

586 4694 693 4751 que
739 4678 955 4749 figurae
1000 4677 1106 4731 tali
1152 4676 1451 4749 irregulari
1496 4676 1607 4731 situ
1651 4678 1884 4733 invicem
1928 4685 2284 4749 coaptentur,
2354 4684 2420 4733 ut
2464 4679 2807 4751 singularum
2855 4680 3081 4753 sing-ula
3125 4683 3314 4738 latera

586 4756 924 4813 sectionibus
953 4757 1067 4811 suis
1095 4763 1249 4811 stent
1275 4757 1331 4812 in
1358 4772 1471 4811 una
1497 4756 1601 4812 tali
1628 4764 1785 4812 recta
1811 4758 1989 4813 linea.
2035 4766 2168 4813 tunc
2203 4758 2347 4813 enim
2383 4759 2639 4813 zodiacus
2677 4760 3052 4833 distinguetur
3095 4762 3154 4817 in
3179 4780 3311 4834 par—

588 4843 676 4892 tes
704 4836 868 4903 tales,
919 4854 1056 4909 quas
1095 4854 1204 4893 non
1230 4838 1457 4892 metitur
1498 4837 1603 4892 nisi
1632 4844 1853 4893 centum
1881 4844 1941 4893 et
1966 4838 2230 4893 vicesima
2263 4838 2456 4893 totius.
2545 4839 2678 4895 Cum
2717 4848 2903 4896 autem
2931 4840 3070 4897 situs
3100 4843 3210 4897 iste
3239 4842 3315 4921 sit

586 4916 935 4991 irregularis,
976 4918 1257 4989 regularis
1284 4934 1419 4973 vero
1462 4932 1565 4989 per
1606 4920 1845 4990 angulos
1874 4920 2202 4974 dodecaedri
2249 4926 2311 4973 et
2354 4918 2626 4977 icosaedri
2673 4928 2902 4976 octonos
2948 4922 3208 4997 utrinque
3255 4914 3316 4979 in
