3634 5575
621 372 700 440 14
1511 408 1560 443 ,-
1791 374 2113 427 monum

615 537 870 598 demere.
963 533 1194 605 Quodsi
1239 533 1552 597 existimas
1601 534 1818 596 liceret
1876 540 2189 617 sequetur,
2235 552 2347 596 nos
2392 552 2571 615 posse
2616 534 2837 597 habere
2882 532 3306 597 exactissimos

615 634 832 687 motus.
921 624 1079 686 Nam
1124 624 1324 686 media
1366 622 1502 686 loca
1545 632 1686 685 sunt
1729 642 1804 684 ex
1848 622 1961 686 hoc
2006 622 2219 697 modo;
2284 623 2497 687 deinde
2560 624 2963 687 dimensiones
3006 620 3306 687 eccentri-

613 715 864 776 citatum
910 716 985 775 ex'
1029 712 1390 793 corporibus.
1485 710 1873 775 Consideravi
1917 718 2139 785 autem,
2184 722 2379 775 utrum
2418 732 2534 775 non
2564 712 2845 775 debilitas
2871 714 2981 777 illa
3008 732 3047 773 a
3072 708 3310 773 summi

613 802 908 865 inferioris
955 802 1031 862 ad
1077 802 1254 864 imam
1299 801 1622 881 superioris
1667 802 2067 882 computanda
2110 800 2231 863 sit:
2294 811 2361 863 ut
2404 802 2497 864 ita
2536 820 2647 883 per
2690 802 3029 865 crassitiem
3074 798 3307 863 orbium

615 891 778 954 nulla
823 890 1128 953 accideret
1171 889 1526 953 debilitatio.
1617 888 1740 952 Sed
1795 908 1906 953 nec
1960 891 2071 952 hoc
2134 890 2373 953 sufficit.
2464 892 2623 955 Nam
2678 890 2923 967 Venus,
2990 890 3179 952 Terra
3240 896 3310 949 et

613 981 781 1042 Mars
829 980 1116 1041 deberent
1159 980 1378 1041 habere
1423 979 1746 1041 maximam
1792 979 2133 1041 crassitiem
2178 980 2239 1041 in
2282 982 2664 1061 proportione
2710 1000 2855 1043 suae
2898 979 3177 1059 propriae
3206 978 3307 1039 di·-

613 1068 916 1130 stantiae.
982 1086 1114 1130 cum
1161 1076 1356 1131 tamen
1402 1067 1462 1142 ‘ll
1507 1076 1572 1131 et
1617 1072 1670 1144 ὃ
1719 1067 1983 1130 habeant
2028 1069 2313 1149 aequales
2358 1077 2423 1132 et
2466 1068 2779 1145 minimas,
2846 1076 2991 1149 post
3032 1064 3073 1146 15
3119 1076 3186 1129 et
3230 1065 3302 1140 Q,

613 1158 752 1219 inde
796 1165 848 1227 ό·
891 1165 958 1219 et
1002 1160 1052 1233 ὅ
1101 1176 1232 1219 cum
1277 1157 1480 1229 Luna,
1537 1176 1625 1219 sc.
1673 1158 1724 1218 si
1771 1156 1965 1235 ipsam
2010 1157 2173 1219 orbis
2219 1158 2519 1220 crassitiei
2564 1176 2937 1234 accenseam,
2984 1156 3305 1219 maximam

615 1266 756 1309 vero
802 1246 1030 1308 habeat
1075 1248 1138 1324 ζξ.
1231 1246 1431 1326 Atque
1479 1245 1630 1307 haec
1677 1245 1989 1307 hactenns.
2081 1245 2177 1327 Ex
2222 1247 2433 1327 quibus
2460 1248 2653 1318 vides,
2698 1266 2793 1311 me
2836 1254 3125 1329 nugatum
3166 1262 3306 1306 esse

614 1336 678 1398 in
729 1336 1012 1417 proximis
1067 1334 1258 1397 literis
1315 1336 1392 1396 de
1447 1334 1776 1415 quadrante
1822 1336 2071 1397 fixarum
2116 1335 2378 1397 ambitus
2422 1338 2639 1399 mundo
2684 1336 3047 1417 invergeudo
3090 1352 3306 1396 versus

615 1424 838 1499 Solem,
927 1422 1062 1504 Ego
1121 1432 1286 1487 certe
1339 1422 1658 1486 artificiose
1713 1442 1808 1485 me
1863 1425 2059 1503 ipsum
2116 1424 2349 1505 decepi,
2407 1433 2472 1487 et
2514 1426 2731 1489 misere
2778 1426 3029 1507 quidem.
3122 1422 3309 1485 Nulla

613 1532 870 1596 unquam
913 1512 1236 1576 calculatio
1280 1512 1418 1593 plus
1462 1512 1750 1594 temporis
1795 1514 2129 1595 occupavit,
2176 1513 2311 1593 plus
2358 1514 2671 1594 spirituum
2716 1508 2938 1588 hausit,
2986 1532 3164 1594 quam
3196 1510 3307 1573 illa

617 1603 752 1684 ipsa
787 1610 910 1664 tam
959 1620 1116 1663 vana
1161 1610 1402 1681 tamque
1449 1602 1809 1665 frustranea.
1900 1602 1985 1664 Et
2031 1610 2230 1665 tamen
2278 1602 2537 1667 fortasse
2581 1604 2775 1666 simile
2813 1602 3097 1683 quiddam
3122 1602 3302 1673 inest,

619 1692 776 1773 quod
821 1708 934 1770 ego
979 1699 1223 1753 secutus
1269 1708 1417 1751 sum.
1508 1688 1634 1762 >Sed
1679 1697 1816 1751 utut
1864 1690 2025 1767 insit,
2075 1692 2299 1753 accidit
2340 1694 2557 1755 mundo
2604 1702 2669 1755 et
2702 1692 2994 1755 creatoris
3028 1688 3303 1763 consilio,

618 1782 746 1843 sive
793 1780 912 1860 ipsi
955 1788 1206 1843 naturae
1253 1776 1417 1841 Solis
1439 1824 1456 1853 ‚
1504 1796 1638 1841 cum
1683 1780 1903 1841 nullam
1952 1780 2175 1843 habeat
2218 1799 2501 1843 causam:
2546 1782 2653 1843 sed
2682 1800 2757 1844 ne
2786 1778 3105 1843 verisimile
3132 1778 3305 1861 quie·-

618 1888 794 1950 quem
853 1876 1098 1948 praeter
1155 1866 1660 1951 pulchritudinem
1722 1870 1907 1931 stulte
1970 1870 2257 1931 creditam
2334 1878 2398 1932 et
2460 1870 2677 1951 quietis
2730 1870 2981 1933 fixarum
3040 1886 3305 1931 causam.

617 1959 848 2020 Verum
889 1974 1343 2037 supervacanea
1387 1964 1485 2018 est
1527 1975 1712 2018 causa
1755 1956 1896 2031 illa,
1962 1976 2094 2019 cum
2156 1958 2279 2021 alia
2340 1960 2422 2021 sit
2473 1960 2656 2022 multo
2704 1959 2897 2043 magis
2940 1956 3305 2021 necessaria.

615 2046 774 2113 Nam
822 2047 936 2109 etsi
983 2046 1203 2126 exigna
1248 2046 1450 2126 aliqua
1495 2045 1686 2107 virtus
1733 2064 1978 2107 movens
2024 2048 2107 2108 sit
2150 2066 2331 2127 prope
2378 2049 2564 2123 fixas,
2610 2068 2729 2111 non
2773 2056 2977 2111 >movet
3020 2047 3158 2109 illas
3200 2056 3306 2108 ta-

616 2156 773 2212 men,
825 2136 966 2216 quia
1011 2152 1126 2197 non
1177 2142 1318 2195 sunt
1361 2136 1418 2196 in
1464 2133 1617 2197 loco.
1709 2135 1867 2197 Nam
1913 2135 2077 2197 locus
2124 2154 2200 2199 ex
2246 2136 2337 2198 his
2380 2137 2683 2217 principiis
2728 2138 2807 2200 ad
2850 2144 3075 2199 motum
3102 2135 3307 2216 requi-

617 2226 803 2288 ritur:
875 2224 1000 2286 tale
1045 2242 1258 2303 nempe
1305 2222 1462 2303 quid,
1511 2222 1572 2284 in
1619 2241 1734 2303 quo
1779 2225 1973 2286 virtus
2018 2245 2057 2285 a
2100 2222 2243 2287 Sole
2290 2244 2597 2305 emergens
2642 2228 2871 2289 nitatur
2914 2234 2979 2287 et
3022 2224 3306 2287 reflecta-

617 2325 734 2378 tur.
785 2313 871 2387 (in
919 2312 1230 2393 margine:
1277 2312 1542 2375 Axioma
1583 2312 2015 2375 divinissimum
2060 2314 2379 2377 valiturum
2422 2334 2533 2395 per
2584 2334 2791 2378 omnes
2852 2314 3141 2386 scientias
3194 2330 3309 2393 ego

615 2404 745 2483 jam
791 2402 986 2465 animo
1033 2401 1342 2481 suspicor:
1391 2420 1477 2463 sc.
1527 2398 1898 2481 Quidquid
1944 2404 2320 2465 constanti
2367 2404 2597 2467 utitur
2640 2423 2931 2467 numero
2978 2404 3049 2466 in
3096 2402 3309 2464 coelo

617 2493 740 2555 vel
775 2492 1038 2565 Terra,
1085 2492 1242 2570 eJus
1287 2490 1568 2553 numeri
1611 2491 1810 2553 ratio
1860 2492 1969 2553 vel
2014 2492 2331 2555 mediate
2376 2495 2497 2555 vel
2544 2492 2973 2557 immediate
3010 2490 3117 2555 a5
3146 2510 3306 2553 cor-

614 2579 916 2662 poribus
963 2579 1410 2643 deducenda.
1503 2578 1590 2642 Ut
1631 2579 1692 2640 in
1739 2598 1883 2641 rosa
1927 2580 2181 2662 quinque
2227 2588 2369 2643 sunt
2410 2582 2630 2645 fratres
2658 2584 2827 2657 etc.).
2916 2582 3085 2643 Haec
3112 2578 3311 2643 omnia

615 2670 842 2751 poterit
882 2669 960 2731 D.
1008 2676 1364 2752 praeceptor
1409 2686 1588 2729 manu
1631 2666 2057 2731 Emdschochii
2106 2670 2411 2751 descripta
2463 2670 2647 2732 etiam
2710 2673 2789 2734 ad
2852 2670 3004 2732 alios
3068 2668 3309 2731 mittere

619 2771 684 2822 et
725 2759 1044 2841 praecipue
1083 2757 1163 2820 ad
1207 2756 1559 2819 Rfislinum:
1609 2757 1709 2837 qui
1753 2758 1957 2837 procul
2004 2758 2181 2821 dubio
2218 2760 2345 2840 jam
2388 2778 2565 2842 porro
2613 2760 2857 2824 fatiscet
2900 2760 3011 2823 sub
3047 2758 3310 2840 pondere

617 2850 722 2913 illo
769 2847 956 2910 totius
1001 2847 1152 2909 coeli
1200 2845 1536 2908 eccentrici.
1629 2846 1829 2909 Etiam
1892 2847 1953 2909 in
1998 2847 2110 2909 hoc
2155 2849 2295 2910 mihi
2338 2849 2809 2928 gratificaretur,
2874 2849 2927 2912 si
2971 2847 3305 2911 Hohenfel-

619 2938 744 3000 deri
771 2931 827 3011 ⁴)
873 2945 944 2998 ut
977 2935 1225 3009 nobiles,
1275 2953 1443 2996 suam
1489 2935 1854 2998 sententiam
1901 2937 2162 2998 carmine
2206 2937 2303 2999 vel
2346 2957 2545 3018 prosa,
2594 2947 2663 3001 ut
2690 2941 2873 3013 lubet,
2924 2937 3307 3000 demonstra-

615 3035 770 3089 rent.
864 3025 1026 3088 Nam
1069 3025 1156 3086 illi
1203 3023 1374 3087 liberi
1433 3035 1594 3085 sunt.
1685 3023 1777 3085 De
1842 3025 1978 3088 aliis
2038 3027 2381 3088 academiae
2428 3027 2649 3106 juratis
2694 3035 2935 3101 metuo,
3000 3033 3069 3088 ut
3121 3025 3313 3087 velint

617 3116 845 3196 aliquid
889 3121 1098 3178 contra
1141 3121 1445 3192 receptam
1491 3099 1851 3176 sententiam
1900 3115 2120 3194 largiri.
2214 3115 2334 3178 Vel
2392 3116 2453 3176 in
2500 3116 2905 3197 disputatione
2948 3115 3025 3177 de
3054 3116 3230 3178 Luna
3272 3133 3312 3176 a

615 3225 709 3269 me
755 3203 1098 3284 conscripta
1140 3202 1260 3278 hoo
1297 3201 1386 3264 M.
1435 3201 1726 3264 Miillerus
1771 3203 2239 3280 demonstravit,
2287 3223 2465 3286 quam
2508 3205 2731 3287 alioqui
2774 3206 3126 3267 defensurus
3172 3204 3309 3265 fue-

615 3303 716 3356 rat
760 3291 1054 3356 Beseldus
1083 3285 1156 3366 ⁵).
1246 3289 1518 3372 Denique
1566 3290 1640 3352 de
1686 3293 2060 3372 typographo
2106 3302 2271 3356 tuam
2300 3293 2661 3357 sententiam
2690 3293 2948 3364 audiam,
2996 3313 3071 3356 an
3100 3291 3309 3372 Grup-

613 3383 1008 3466 penbachium
1057 3387 1449 3483 opportunum
1476 3389 1540 3441 et
1565 3389 1843 3459 paratum
1888 3400 2185 3457 censeres,
2236 3402 2311 3446 an
2347 3383 2805 3448 Francofurtum
2824 3383 3180 3446 mittendum
3208 3382 3308 3457 sit,

615 3481 679 3536 et
723 3491 872 3553 quae
919 3470 1159 3532 soleant
1203 3468 1336 3531 iniri
1365 3468 1759 3532 conditiones.
1834 3470 1985 3552 Ego,
2034 3471 2256 3553 optime
2283 3479 2659 3554 praeceptor,
2690 3490 2981 3554 propero:
3028 3490 3147 3534 non
3174 3489 3309 3532 meo

615 3562 944 3626 commodo.
1036 3559 1194 3623 Nam
1239 3559 1388 3622 haec
1435 3557 1534 3621 ubi
1577 3560 1863 3640 evulgata
1904 3561 2139 3637 fuerint,
2188 3561 2291 3624 alii
2330 3563 2531 3624 forsan
2568 3563 2743 3642 plura
2786 3560 3107 3636 invenient,
3158 3579 3310 3642 quae

615 3652 759 3715 mihi
801 3649 1132 3731 potuissem
1177 3667 1507 3712 reservare.
1609 3647 1734 3712 Sed
1779 3666 1981 3711 snmus
2028 3669 2231 3712 omnes
2278 3652 2373 3723 (et
2417 3669 2527 3731 ego
2574 3650 2959 3731 praesertim)
3004 3649 3306 3730 ἐφημεροι.

613 3742 746 3822 Ego
793 3759 934 3802 vero
989 3739 1201 3800 studeo
1220 3785 1237 3812 ,
1303 3746 1372 3800 ut
1413 3737 1566 3799 haec
1611 3737 1690 3798 ad
1733 3736 1851 3799 Dei
1896 3737 2173 3817 gloriam,
2244 3739 2342 3819 qui
2402 3740 2535 3801 vult
2578 3759 2655 3802 ex
2700 3740 2849 3802 libro
2896 3748 3147 3802 naturae
3194 3757 3309 3818 ag-

615 3830 799 3907 nosci,
849 3847 1024 3911 quam
1067 3826 1411 3889 maturrime
1457 3824 1810 3906 vulgentur:
1858 3843 1973 3904 quo
2022 3827 2157 3908 plus
2204 3827 2309 3889 alii
2352 3827 2490 3890 inde
2537 3828 2925 3903 extraxerint,
2972 3829 3085 3890 hoc
3110 3827 3305 3908 magis

615 3920 906 4000 gaudebo,
954 3915 1100 3979 nulli
1143 3913 1440 3977 invidebo.
1531 3913 1635 3977 Sic
1679 3915 1817 3975 vovi
1864 3913 2016 3990 Deo,
2065 3915 2153 3978 sic
2196 3923 2327 3978 etat
2370 3917 2691 3980 sententia.
2784 3917 3123 3994 Theologns
3170 3935 3307 3978 esse

615 4009 922 4072 volebam:
973 4005 1082 4068 diu
1127 4003 1421 4083 angebar:
1468 4001 1636 4064 Deus
1681 4021 1821 4064 ecce
1866 4001 2006 4065 mea
2050 4003 2237 4084 opera
2280 4005 2464 4068 etiam
2508 4007 2569 4069 in
2616 4007 2983 4070 astronomia
3028 4005 3303 4070 celebra-

615 4107 734 4162 tur.
825 4094 984 4166 Quin
1027 4091 1273 4154 taudem
1319 4109 1452 4154 cum
1479 4091 1658 4154 Petro
1705 4091 1999 4154 attonitus
2045 4111 2324 4174 erumpo:
2372 4095 2493 4158 Abi
2541 4114 2580 4158 a
2622 4115 2737 4172 me,
2784 4097 2925 4178 quia
2950 4094 3129 4157 homo
3154 4113 3307 4176 pec-

615 4193 788 4248 cator
829 4201 980 4245 sum.
1075 4179 1144 4245 Si
1189 4198 1464 4261 unquam,
1511 4181 1611 4242 vel
1657 4180 1752 4242 hic
1797 4181 1982 4244 etiam
2026 4183 2099 4244 de
2145 4182 2441 4246 industria
2484 4185 2809 4248 voluissem
2856 4203 2991 4247 esse
3022 4190 3306 4246 astrono-

615 4293 781 4350 mus,
847 4272 900 4334 si
953 4290 1070 4334 non
1134 4270 1332 4333 omnia
1375 4269 1800 4333 delectationis
1846 4289 2033 4333 causa
2076 4273 2514 4352 suscepissem,
2580 4274 2774 4336 minus
2820 4274 3085 4336 mirarer.
3180 4273 3305 4339 Sed

613 4363 853 4427 nimium
881 4381 975 4426 me
1021 4361 1273 4434 effundo,
1321 4359 1554 4438 gaudeo
1597 4377 1692 4420 me
1737 4359 1939 4422 videre
1984 4361 2159 4424 finem
2202 4363 2463 4425 chartae.
2560 4364 2715 4425 Vale
2756 4363 3122 4443 Praeceptor
3149 4361 3305 4425 Cla-

613 4454 848 4518 rissime
893 4461 977 4515 et
999 4471 1094 4514 me
1141 4467 1340 4512 amare
1375 4465 1576 4527 perge.
1668 4447 1868 4512 Datae
1914 4448 1975 4513 3.
2026 4449 2162 4514 Oct.
2214 4458 2292 4514 st.
2340 4471 2399 4515 n.
2450 4472 2605 4516 anno
2650 4449 2757 4517 95.
2850 4451 3125 4515 Salutem
3169 4451 3304 4514 dico

616 4543 885 4606 omnibus
929 4537 1448 4620 Praeceptoribus.

1648 4626 2056 4689 Humanitatis
2102 4627 2265 4690 Tuae

1841 4716 2311 4780 officiosissimus
2356 4724 2421 4779 et
2464 4716 2841 4797 gratissimus
2888 4717 3212 4798 discipulus

2278 4807 2369 4872 M
2416 4805 2521 4870 Jo.
2564 4805 2825 4890 Καρῶν.
