3634 5575
877 1014 1965 1158 iLLUS‘rRIS‚slMo
2044 968 2576 1154 DoMrNo

989 1256 1092 1358 1).
1157 1258 1554 1359 rurae
1618 1257 1907 1359 wox
1968 1259 2455 1412 unsrun.

611 1444 839 1505 Domus
883 1444 1391 1526 Rosembergicae
1441 1447 1846 1512 Gubernatori
1874 1423 2001 1511 etc.
2052 1451 2307 1512 Domino
2354 1469 2487 1511 meo
2534 1451 2828 1513 clement:

547 1603 866 1668 Praeclare
915 1601 1128 1668 Cicero
1177 1606 1327 1669 libro
1373 1609 1563 1686 primo
1611 1607 1959 1671 officiorum
2006 1617 2249 1672 mouet:
2308 1628 2443 1672 esse
2490 1611 2695 1692 magni
2750 1610 2961 1686 animi,
3020 1618 3087 1674 et

371 1690 556 1754 fuisse
603 1693 826 1756 multos
875 1693 1060 1756 etiam
1105 1695 1164 1756 in
1221 1696 1352 1772 vita
1405 1697 1638 1772 otiosa,
1702 1699 1800 1778 qui
1840 1705 1963 1760 aut
2028 1697 2495 1777 investigarent,
2561 1707 2669 1761 aut
2729 1708 3086 1762 conarentur

367 1799 590 1860 magua
636 1781 950 1860 quaedam,
999 1801 1252 1863 seseque
1301 1805 1541 1847 suarum
1588 1805 1784 1848 rerum
1831 1786 2044 1848 finibus
2090 1787 2485 1848 continerent.
2580 1787 2779 1858 Quam
2834 1795 3083 1852 senten·-

367 1869 519 1932 tiam
582 1869 956 1934 Rei’nholdus
1021 1881 1228 1935 noster
1273 1874 1660 1952 peculiariter
1714 1874 1792 1936 ad
1838 1875 2247 1936 astronomiae
2294 1875 2577 1938 studium.
2604 1877 3083 1952 accommodam,

365 1957 660 2034 hortatur,
707 1977 786 2022 ne
831 1960 1138 2024 deterreri·
1169 1980 1235 2023 se
1283 1963 1358 2026 ab
1405 1963 1500 2025 his
1547 1963 1762 2026 studiis
1807 1971 1981 2026 recta
2023 1963 2265 2042 ingenia
2308 1963 2515 2027 sinant
2566 1965 2939 2028 indoctorum
2976 1966 3085 2044 ju-

369 2046 566 2121 diciis,
612 2047 710 2128 qui
755 2055 992 2112 tantum
1041 2058 1440 2130 quaestuosas
1487 2060 1652 2114 artes
1689 2053 1996 2114 mirentur.
2086 2053 2249 2115 Nam
2294 2071 2431 2114 cnm
2478 2053 2627 2116 haec
2674 2052 2800 2116 sint
2837 2053 3081 2118 virtutis

369 2135 606 2212 studia,
674 2137 1090 2202 fortitudinem
1153 2139 1338 2202 etiam
1395 2141 1454 2202 in
1519 2142 1608 2202 eis
1672 2141 1939 2203 colendis
1996 2141 2245 2220 requiri,
2315 2149 2465 2221 qua‘e
2513 2142 2747 2204 animos
2792 2143 3082 2206 adversus

367 2224 592 2286 stultas
638 2225 803 2306 vulgi
859 2227 1170 2306 opiniones
1229 2229 1506 2292 obfirmet
1577 2222 1648 2290 et'
1699 2247 1989 2310 perversa
2042 2229 2275 2308 judicia
2342 2239 2717 2305 contemnat,
2785 2231 2941 2311 quod
3006 2232 3081 2294 de

369 2323 620 2394 utraque
667 2315 1036 2394 astrologiae
1083 2325 1260 2396 parte
1308 2318 1460 2380 dixit
1506 2319 1766 2397 optimus
1811 2319 1933 2392 vir,
2000 2318 2061 2380 id
2122 2318 2233 2380 hoc
2280 2327 2547 2398 tempore
2592 2319 2972 2398 potissimum
3018 2319 3079 2382 in

369 2402 568 2466 altera
604 2402 984 2482 judicatrice,
1035 2423 1186 2484 quae
1231 2406 1514 2488 physices
1559 2425 1703 2486 pars
1751 2415 1865 2482 est,
1913 2406 2057 2468 mihi
2106 2407 2331 2469 dictum
2371 2427 2505 2469 esse
2533 2408 2761 2487 putavi.
2836 2406 3079 2470 Etenim

369 2491 470 2571 qui
513 2491 901 2572 prognostica
947 2493 1124 2556 officii
1171 2497 1406 2558 ratione
1453 2496 1679 2572 scribit,
1740 2497 1889 2558 duas
1934 2495 2315 2575 potissimum
2358 2496 2522 2576 vulgi
2568 2495 2877 2575 opiniones
2922 2497 3079 2560 inter

367 2599 436 2642 se
483 2581 818 2642 contrarias
865 2583 991 2644 alto
1039 2583 1236 2646 animo
1283 2593 1692 2660 contemnere,
1749 2603 1933 2665 seque
1993 2592 2207 2646 contra
2260 2584 2409 2646 duos
2456 2585 2698 2648 humilis
2744 2593 2809 2648 et
2854 2585 3078 2664 abjecti

367 2669 550 2732 animi
615 2671 865 2733 affectus
930 2671 1158 2736 munire
1225 2673 1436 2746 debet,
1501 2674 1897 2754 cupiditatem
1959 2673 2188 2752 gloriae
2252 2682 2316 2736 et
2378 2681 2619 2736 metum.
2713 2671 2865 2737 Cum
2918 2674 3077 2736 enim

366 2777 594 2840 magna
639 2759 724 2822 sit
767 2759 934 2839 vulgi
981 2761 1298 2826 curiositas
1321 2810 1337 2837 ‚
1393 2764 1594 2826 animo
1659 2762 2069 2827 contaminato
2117 2769 2251 2838 est,
2318 2761 2419 2843 qui
2473 2762 2533 2825 in
2599 2762 2763 2843 vulgi
2817 2762 3075 2842 gratiam

368 2858 432 2911 et
477 2856 722 2929 propter
767 2850 1160 2915 vanissimam
1204 2853 1456 2930 gloriam
1503 2854 1600 2915 vel
1647 2872 1722 2915 ea
1764 2852 2099 2932 profitetur,
2148 2870 2301 2931 quae
2348 2859 2567 2915 natura
2602 2870 2721 2913 non
2734 2859 3077 2926 monstrat,

369 2938 468 3001 vel
513 2938 698 3000 etiam
743 2945 998 3001 naturae
1048 2941 1308 3019 genuina
1351 2942 1640 3005 miracula
1681 2942 1985 3023 propalat,
2034 2940 2087 3002 si
2133 2959 2349 3003 causas
2387 2940 2695 3019 graviores
2730 2959 2849 3003 non
2879 2940 3082 3021 respi-

369 3026 472 3089 cit.
564 3024 796 3089 Contra
857 3034 999 3089 sunt
1063 3030 1162 3109 qui
1220 3039 1450 3109 negant
1506 3050 1754 3111 gravem
1797 3031 1991 3093 virum
2036 3037 2103 3092 et
2143 3028 2563 3109 philosophum
2608 3028 2859 3105 decere,
2906 3037 2975 3092 ut
3018 3030 3079 3091 in

367 3116 628 3183 materia
673 3123 767 3178 tot
811 3116 1234 3195 nugacissimis
1283 3127 1348 3182 et
1393 3119 1738 3182 vanissimis
1787 3117 2243 3181 ariolationibus
2292 3117 2613 3199 quotannis
2676 3126 3079 3197 conspurcata.

371 3206 592 3271 famam
655 3204 878 3285 ingenii
942 3214 1006 3269 et
1067 3207 1354 3271 honorem
1399 3207 1750 3271 eruditionis
1797 3207 2165 3287 prostituat,
2213 3207 2745 3287 curiositatemque
2795 3207 2960 3287 vulgi
3012 3218 3078 3269 et

370 3293 830 3373 superstitiones
878 3293 1260 3357 imbecillium
1323 3296 1694 3378 ingeniorum
1763 3296 2222 3359 subministrato
2280 3296 2391 3361 hoc
2449 3296 2621 3375 quasi
2670 3296 2877 3359 fomite
2926 3297 3077 3360 alat.

369 3384 596 3446 Fateor
659 3382 810 3444 haec
877 3402 1100 3463 magna
1161 3384 1681 3449 verisimilitudine
1729 3382 1941 3463 objici,
1988 3392 2052 3445 et
2096 3384 2315 3451 idonea
2362 3403 2519 3457 esse,
2561 3402 2713 3463 quae
2762 3383 3079 3447 honestum

371 3472 580 3547 virum,
631 3472 684 3535 si
731 3472 1040 3551 graviores
1086 3492 1304 3539 causas
1351 3494 1466 3539 non
1497 3475 1742 3549 habeat,
1792 3474 1870 3534 ab
1918 3473 2029 3534 hoc
2076 3491 2295 3552 genere
2343 3472 2685 3552 scriptionis
2717 3471 3078 3536 deterreant.

370 3561 462 3625 At
506 3560 560 3624 si
605 3560 698 3623 cui
743 3561 1011 3623 rationes
1057 3561 1319 3625 instituti
1367 3564 1458 3626 sui
1505 3564 1664 3625 tales
1711 3568 2055 3642 suppetant,
2109 3580 2260 3642 quae
2306 3579 2415 3640 per
2458 3580 2593 3621 sese
2632 3560 2898 3621 cordatis
2936 3560 3082 3622 viris

371 3648 816 3731 approbentur:
881 3650 1153 3729 profecto
1209 3672 1328 3714 non
1386 3659 1595 3731 potest
1640 3651 1754 3713 nisi
1802 3650 2047 3713 timidus
2094 3648 2337 3722 haberi,
2396 3648 2495 3709 ubi
2543 3668 2607 3709 se
2656 3648 2869 3709 alienis
2916 3650 3081 3711 hisce

300 3756 316 3761 ·
373 3747 438 3802 et
485 3738 860 3801 extrinsecus
927 3739 1381 3804 advenientibus
1447 3741 1778 3803 obstaculis
1826 3762 1863 3801 a
1908 3738 2217 3820 proposito
2264 3738 2554 3799 deterreri
2607 3755 2825 3816 passus
2881 3738 3081 3811 fuerit,

372 3826 639 3891 rumores
685 3846 902 3890 curans
951 3834 1014 3889 et
1063 3829 1276 3891 falsam
1323 3839 1598 3893 metuens
1645 3829 1976 3891 infamiam.
2068 3828 2229 3891 Nam
2282 3827 2403 3889 etsi
2446 3844 2671 3905 magna
2712 3844 2855 3904 pars
2900 3844 3083 3905 prae-

371 3924 680 3997 ceptorum
744 3916 804 3979 in
871 3916 988 3979 hac
1041 3925 1174 3980 arte
1220 3918 1492 3981 Arabum
1555 3918 1732 3998 nugis
1779 3918 2173 3980 consumitur:
2232 3924 2301 3977 at
2354 3935 2472 3978 non
2518 3915 2655 3977 ideo
2702 3932 2859 3993 quae
2902 3916 2963 3976 in
3010 3934 3087 3976 ea

377 4013 520 4069 sunt
584 4024 808 4069 arcana
871 4014 1123 4068 naturae
1144 4052 1164 4079 ,
1227 4009 1324 4070 vel
1389 4026 1586 4087 nugae
1645 4014 1818 4081 sunt,
1888 4007 1984 4068 vel
2040 4023 2171 4067 cum
2226 4004 2400 4083 nugis
2448 4003 2630 4083 abjici
2678 4003 2928 4079 debent3
2974 4003 3087 4065 sed

375 4113 650 4175 gemmae
695 4114 728 4157 e
776 4095 904 4157 luto
949 4095 1324 4175 colligendae
1347 4143 1364 4171 ,
1435 4097 1622 4157 honor
1673 4095 1827 4169 Dei,
1889 4094 2203 4174 proposita
2244 4102 2497 4157 naturae
2558 4090 3081 4171 contemplatione,

374 4184 802 4256 illustrandus,
847 4183 1146 4247 invitandi
1193 4186 1466 4264 exemplo
1515 4182 1653 4269 alii,
1702 4192 1767 4244 et
1813 4202 2001 4262 opera
2044 4182 2245 4243 danda
2290 4190 2425 4256 est,
2490 4189 2561 4243 ut
2611 4200 2763 4259 quae
2820 4180 2961 4243 olim
3006 4180 3087 4243 ad

376 4272 672 4353 insignem
717 4272 983 4354 aliquam
1032 4273 1269 4335 humani
1317 4275 1556 4354 generis
1601 4270 1931 4335 utilitatem
1990 4270 2215 4333 servire
2262 4276 2533 4351 possent„
2582 4269 2739 4331 omni
2786 4276 3007 4331 conatu
3052 4288 3093 4349 e,

375 4362 645 4424 tenebris
690 4362 1066 4441 ignorantiae
1112 4361 1171 4424 in
1211 4370 1484 4441 apertum
1529 4362 1929 4441 proferantur.
2022 4359 2117 4421 Ac
2164 4360 2279 4422 etsi
2324 4378 2471 4421 sane
2518 4376 2637 4421 non
2684 4357 2894 4420 statim
2948 4376 3084 4420 res-

377 4450 608 4532 pondet
653 4459 932 4525 eventus,
993 4468 1330 4531 magnaque
1384 4450 1863 4531 praedictionum
1916 4444 2279 4511 incertitudo
2346 4455 2445 4509 est
2507 4448 2567 4510 in
2628 4453 2725 4509 tot
2768 4454 3087 4509 causarum

376 4540 758 4605 confusione:
807 4538 1198 4602 annitendum
1241 4547 1450 4601 tamen
1495 4546 1669 4602 tanto
1717 4538 1931 4617 magis,
1980 4556 2113 4599 cum
2158 4536 2221 4599 in
2269 4537 2397 4598 solo
2445 4536 2652 4597 labore
2682 4534 2873 4597 virtus
2903 4552 3088 4613 spec-

377 4636 560 4691 tetur.
656 4626 838 4699 Quod
880 4648 1026 4709 vero
1073 4628 1246 4691 multi
1291 4628 1458 4691 hisce
1505 4629 1582 4691 ad
1629 4626 2047 4690 curiositatem
2092 4644 2263 4689 suam
2310 4625 2657 4697 abutuntur,
2695 4622 3116 4709 superstitio·-⁴

377 4737 601 4800 nesque
647 4738 792 4780 suas
836 4717 1222 4781 confirmant:
1283 4717 1346 4779 id
1389 4716 1575 4778 nihilo
1621 4716 1818 4795 magis
1864 4734 1958 4777 me
2006 4714 2343 4789 absterret,
2394 4731 2573 4793 quam
2628 4712 2846 4774 bonum
2891 4712 3085 4792 impe-

377 4814 644 4887 ratorem
691 4808 790 4879 (ut
835 4806 1292 4870 innumerabilia
1339 4803 1632 4889 exempla·
1662 4804 1969 4878 omittam)
2016 4804 2095 4865 ab
2141 4802 2591 4883 oppugnatione
2626 4800 2791 4863 urbis
2820 4800 3089 4863 deterret

376 4914 700 4979 pauperum
743 4895 1000 4961 militum
1037 4896 1286 4978 jactura
1305 4940 1326 4971 ,
1371 4914 1538 4977 quos,
1588 4894 1642 4957 si
1684 4902 1915 4975 posset,
1966 4892 2241 4973 equidem
2285 4902 2349 4953 et
2392 4892 2559 4973 ipsos
2606 4896 2883 4969 seryatos
2920 4890 3091 4953 velit.

2103 5014 2119 5025 .
2542 4994 2609 5045 2⁷
2628 4996 2663 5028 «Ι»
