3634 5575
651 415 802 516 1g2'
1671 447 1901 511 Mysteril
1938 437 2336 512 Cosmographici

645 630 782 675 nem
824 611 956 691 ejus
1002 609 1406 674 humilitatem
1451 605 1792 681 descendit,
1851 607 2009 668 unde
2054 605 2113 668 iu
2162 605 2283 668 illis
2330 624 2440 686 pro
2486 602 3001 686 eccentrepicyclo
3049 609 3361 664 eccentrus

647 701 910 764 eccentri
965 721 1004 760 a
1050 698 1384 779 Coperuico
1449 703 1755 757 assumtus
1801 702 1955 777 qest:
2026 695 2083 756 iu
2132 694 2429 769 Mercurio
2485 713 2628 753 vero
2684 692 3007 772 peculiaris
3070 689 3361 770 quaedam

647 790 976 862 diameter,
1041 807 1150 868 per
1205 804 1381 867 quam
1429 784 1666 846 accedit
1711 791 1774 844 et
1819 785 2049 845 recedit
2095 805 2132 844 a
2179 783 2359 858 Sole,
2430 781 2706 842 similiter
2760 783 2937 860 longe
2992 780 3281 842 remotius
3327 799 3364 839 a

647 877 791 940 Sole
838 866 1140 938 interdum
1184 872 1622 952 exporrigitur,
1685 892 1862 952 quam
1910 871 2093 934 stella
2138 867 2415 951 unquam.
2509 869 2901 930 Existimavit
2948 867 3167 949 igitur,
3230 883 3403 927 eam·

647 965 892 1028 orbibus
935 963 1384 1044 relinquendam
1433 980 1570 1022 esse
1618 959 2097 1042 spissitudinem,
2149 981 2300 1042 quae
2347 959 2608 1023 motibus
2658 957 3141 1020 demonstrandis
3190 953 3363 1016 sufli-

647 1055 790 1117 ciat.
887 1051 1002 1116 Cui
1047 1049 1368 1131 respondi:
1435 1049 1726 1127 primum,
1786 1048 2181 1112 deserendum
2244 1067 2377 1112 esse
2434 1055 2629 1109 totum
2684 1047 3035 1126 negotium,
3085 1043 3136 1105 si
3184 1043 3365 1121 duplo

649 1142 978 1204 crassiores
1026 1142 1174 1201 fiant
1221 1137 1437 1200 orbes:
1500 1157 1639 1200 nam
1685 1137 1929 1200 nimium
1972 1142 2574 1216 προσθαφαιρεσεσιν
2618 1137 2923 1198 ademtam
2967 1123 3078 1195 iri:
3148 1130 3363 1193 deinde

651 1229 800 1293 nibil
845 1229 1140 1290 decedere
1171 1225 1478 1288 nobilitati
1507 1225 1905 1288 miraculosae
1935 1227 2112 1306 hujus
2140 1226 2624 1298 machinationis,
2672 1225 2725 1286 si
2770 1224 2946 1286 modo
2992 1222 3127 1284 viae
3172 1223 3363 1302 ipsae,

647 1321 1030 1399 planetarum
1078 1315 1418 1392 descriptae
1467 1313 1753 1392 globulis,
1813 1315 2121 1376 retineant
2172 1315 2327 1378 hanc
2372 1314 2859 1394 proportionem;
2923 1311 3367 1392 quibuscunque

647 1405 734 1470 issi
783 1405 1089 1486 agitentur
1135 1403 1416 1478 orbibuS,
1477 1403 1710 1481 magnis
1758 1421 1835 1464 an
1881 1404 2107 1482 parvis.
2201 1401 2287 1463 Et
2333 1402 2566 1476 addidi,
2616 1421 2767 1480 quae
2816 1419 2949 1480 cap.
3006 1395 3105 1461 16.
3156 1397 3369 1471 babes,

647 1498 722 1558 de
768 1495 1026 1557 materia
1071 1493 1419 1572 figurarum,
1471 1511 1622 1570 quae
1670 1492 1838 1552 nulla
1884 1492 2005 1566 sit3
2064 1499 2243 1571 atque
2291 1491 2428 1552 inde
2475 1485 2613 1550 nou'
2641 1489 2967 1550 absurdum
3013 1504 3175 1559 esse,
3228 1503 3369 1547 cor-

649 1603 799 1665 pora
843 1601 976 1645 cum
1025 1581 1268 1643 orbibus
1327 1579 1536 1639 eodem
1594 1581 1727 1640 loco
1784 1579 2125 1654 includere3
2193 1580 2311 1641 imo
2379 1597 2520 1640 vero
2586 1578 2683 1639 vel
2740 1579 2869 1640 sine
2926 1575 3167 1638 orbibus
3216 1575 3371 1635 hanc

649 1669 784 1734 viae
833 1669 1331 1751 inaequalitatem
1381 1665 1617 1729 defendi
1662 1687 1866 1747 posse.
1960 1667 2027 1729 In
2079 1685 2196 1748 qua
2252 1665 2557 1730 sententia
2612 1666 2787 1727 video
2844 1665 3099 1726 nobilem
3149 1667 3213 1724 et
3260 1681 3372 1723 ex-

651 1759 1144 1822 cellentissimum
1201 1756 1689 1818 mathematicum
1735 1756 2078 1836 Tychonern
2124 1757 2364 1828 Brahe,
2421 1755 2695 1828 Danum,
2756 1753 3009 1816 versari.
3106 1750 3372 1815 Causam

651 1858 852 1912 tamen
902 1855 966 1908 et
1014 1846 1252 1908 modum
1298 1844 1448 1906 haec
1495 1855 1706 1906 nostra
1751 1844 2037 1908 disertius
2082 1846 2368 1908 indicant.
2437 1843 2668 1925 Nempe
2716 1843 2766 1906 si
2805 1839 3015 1905 eadem
3058 1840 3139 1904 sit
3184 1859 3377 1901 causa

653 1936 968 2000 tarditatis
1015 1942 1078 1995 et
1122 1931 1466 1994 velocitatis
1512 1932 1570 1994 in
1619 1932 1988 2010 singulorum
2018 1934 2257 1996 orbibus
2288 1937 2363 2008 ⁸),
2413 1952 2565 2012 quae
2614 1951 2797 2012 supra
2833 1951 2965 2011 cap.
2999 1927 3103 1992 20.
3152 1929 3271 1992 fuit
3315 1928 3373 1990 in

656 2025 934 2088 universo
980 2022 1220 2094 mundo,
1273 2021 1382 2081 boc
1429 2023 1645 2082 modo:
1695 2021 1795 2082 via
1841 2023 2125 2102 planetae
2172 2022 2510 2085 eccentrica
2554 2023 2735 2084 tarda
2778 2019 3049 2100 superius
3098 2025 3227 2092 est,
3276 2019 3373 2079 in-

653 2114 836 2176 ferius
891 2113 1086 2173 velox.
1185 2109 1284 2170 Ad
1351 2109 1463 2170 boc
1527 2110 1685 2171 enim
1751 2110 2283 2172 demonstrandum
2340 2119 2617 2172 assumta
2662 2109 2996 2189 Copernico
3058 2105 3373 2188 epicyclia,

654 2203 1003 2266 Ptolemaeo
1051 2203 1401 2278 aequantes.
1431 2196 1520 2286 l³).
1580 2199 1979 2260 Describamr
2021 2199 2207 2278 igitur
2251 2199 2665 2260 concentricus
2722 2198 2995 2279 aequalis
3050 2189 3185 2257 viae
3234 2195 3375 2274 pla-

655 2291 923 2352 netariae
972 2285 1386 2359 eccentricae3
1445 2285 1613 2365 cujus
1660 2293 1858 2349 motus
1906 2288 2283 2368 {indiquaque
2332 2287 2603 2368 aequalis
2650 2288 2794 2361 erit,
2856 2287 2996 2368 quia
3041 2284 3381 2364 aequaliter

655 2380 730 2440 ab
779 2377 1006 2456 origine
1052 2381 1251 2436 motus
1301 2373 1511 2436 distat.
1589 2373 1753 2456 Ergo
1801 2377 1861 2437 in
1908 2374 2235 2438 medietate
2284 2376 2419 2437 viae
2464 2375 2835 2437 eccentricae
2884 2393 3068 2453 supra
3114 2391 3377 2434 concen-

656 2467 868 2530 tricum
914 2463 1198 2526 eminenti
1246 2463 1476 2525 tardior
1523 2463 1638 2525 erit
1681 2465 1959 2544 planeta,
2021 2464 2161 2545 quia
2214 2463 2452 2544 longius
2502 2486 2540 2526 a
2587 2461 2730 2526 Sole
2778 2462 3008 2525 recedit
3054 2467 3118 2524 et
3163 2480 3201 2521 a
3248 2460 3379 2521 vir-

654 2564 784 2617 tute
833 2551 1110 2615 debiliori
1155 2559 1463 2613 movetur:
1521 2552 1581 2614 in
1639 2553 1872 2633 reliqua
1926 2553 2204 2628 celerior,
2266 2553 2406 2634 quia
2454 2551 2583 2616 Soli
2630 2553 2879 2614 vicinior
2925 2557 2988 2612 et
3033 2551 3092 2612 in
3141 2547 3379 2612 fortiori

607 2717 612 2724 1
657 2645 898 2706 virtute.
963 2641 1171 2720 Atque
1201 2640 1354 2702 hanc
1385 2639 1784 2703 variationem
1816 2649 2015 2704 motus
2060 2661 2177 2704 non
2226 2661 2402 2705 secus
2449 2661 2559 2722 per
2606 2641 2908 2704 circellum
2956 2635 3379 2711 demonstrari,

656 2751 728 2795 ac
774 2731 827 2794 si
873 2748 1012 2793 vere
1059 2727 1118 2791 in
1167 2747 1240 2789 eo
1289 2727 1530 2791 circello
1576 2730 1827 2809 planeta
1872 2739 2210 2793 moveretur
2257 2730 2492 2811 aequali
2530 2739 2716 2807 motu,
2766 2728 3013 2795 cuilibet
3057 2728 3238 2791 facile
3288 2733 3384 2786 est

657 2820 963 2901 colligere.
1055 2816 1268 2880 Habes
1325 2837 1571 2879 causam
1627 2820 1943 2882 tarditatis
1984 2820 2219 2899 ’hujus,
2287 2821 2599 2882 videamus
2662 2838 2819 2881 nunc
2878 2827 2942 2881 et
2994 2835 3379 2879 mensuram:

1108 2936 1295 2986 riga-1.
1850 2909 1909 2971 A
1964 2907 2047 2969 sit
2102 2909 2237 2969 fons
2294 2908 2529 2971 animae
2582 2908 2909 2982 moventiS,
2968 2926 3055 2969 sc.
3114 2904 3261 2980 Sol,
3326 2904 3381 2965 B

1675 3005 1943 3058 centrum
1999 2996 2135 3058 viae
2180 2995 2445 3071 EFGH,
2516 3015 2693 3076 quam
2754 2997 3040 3075 planeta,
3106 2995 3215 3055 sed
3285 2994 3381 3056 in·
3448 3060 3465 3077 .

1675 3085 1912 3165 aequali
1966 3104 2185 3166 passu,
2245 3085 2500 3160 incedit,
2558 3084 2673 3146 BD
2720 3084 2804 3146 sit
2846 3092 2913 3146 ut
2956 3082 3100 3157 BA,
3162 3088 3227 3143 et
3274 3080 3383 3145 CB

1341 3194 1367 3211 s
1551 3211 1598 3262 Κ
1675 3174 1806 3253 ejus
1854 3172 2182 3236 dimidium.
2262 3172 2415 3235 Cum
2461 3174 2646 3255 igitur
2686 3172 2795 3235 EF
2841 3174 2922 3235 sit
2966 3170 3257 3233 remotior
3306 3170 3383 3230 ab

1373 3213 1508 3335 N
1677 3265 1764 3337 A,
1839 3280 2014 3341 quam
2068 3260 2187 3325 No
2256 3263 2598 3343 quantitate
2658 3262 2802 3334 AB,
2861 3260 3259 3323 conveniebat
3318 3262 3386 3321 ut

1663 3352 1927 3431 ,planeta
1972 3352 2030 3414 in
2076 3350 2184 3413 EF
2243 3362 2368 3413 tam
2423 3354 2632 3415 tardus
2690 3358 2894 3425 esset,
2961 3370 3032 3411 ac
3092 3348 3144 3410 si
3201 3346 3383 3427 duplo

1677 3440 1913 3520 longius
1960 3440 2037 3501 ab
2083 3440 2142 3501 A
2190 3441 2567 3514 recessisset,
2616 3440 2958 3518 quantitate
3006 3458 3092 3501 sc.
3132 3436 3272 3510 AD,
3326 3440 3387 3497 et

1570 3532 1640 3594 R
1679 3548 1859 3607 super
1905 3537 2111 3590 centro
2157 3529 2215 3590 D
2262 3536 2546 3593 curreret.
2630 3528 2718 3590 Et
2762 3535 3029 3603 econtra,
3078 3545 3211 3589 cum
3260 3522 3385 3587 HG

1680 3618 1762 3679 sit
1791 3617 2047 3697 propior
2090 3617 2206 3697 ipsi
2254 3620 2313 3679 A
2362 3637 2538 3698 quam
2584 3616 2715 3690 PQ,
2754 3616 2978 3701 ,eadem
3024 3616 3144 3679 AB
3186 3632 3383 3695 quan-

1680 3706 1883 3782 titate,
1933 3706 2345 3781 conveniebat,
2395 3716 2461 3769 ut
2493 3708 2743 3787 planeta
2776 3706 2835 3767 in
2870 3704 2991 3767 GH
3036 3712 3161 3766 tam
3206 3702 3385 3763 velox

1685 3802 1889 3870 esset,
1956 3814 2028 3856 ac
2090 3796 2146 3857 si
2202 3796 2381 3875 duplo
2444 3795 2690 3875 propius
2747 3796 2822 3855 ad
2879 3796 2938 3857 A
2998 3792 3385 3861 accessisset,

1683 3882 1955 3945 nimirum
2000 3884 2211 3945 itidem
2260 3885 2601 3963 quantitate
2650 3884 2790 3945 AD.
2855 3882 3191 3961 Utrobique
3240 3897 3383 3960 ergo

1685 3972 2041 4035 tantundem
2086 3979 2209 4047 est,
2260 3992 2333 4034 ac
2378 3972 2430 4034 si
2477 3990 2655 4053 super
2700 3974 2757 4034 D
2804 3980 3012 4033 centro
3056 3970 3382 4032 incederet.

1685 4059 1884 4142 Supra
1931 4060 2087 4122 enim
2134 4079 2268 4140 cap.
2319 4058 2423 4127 20.
2474 4082 2548 4122 ea
2594 4068 2860 4123 motuum
2916 4060 2995 4123 ad
3050 4060 3227 4120 orbes
3275 4056 3388 4117 fuit

1685 4150 2014 4230 proportio.
2048 4152 2101 4224 ο)
2195 4146 2396 4221 Quare
2444 4146 2674 4227 cogita,
2730 4168 2888 4231 quae
2942 4148 3023 4210 ibi
3071 4146 3187 4209 loci
3234 4146 3383 4207 duae

669 4260 891 4302 causae
938 4258 1048 4321 per
1085 4245 1278 4300 totum
1307 4240 1589 4302 circulum
1621 4246 2066 4314 concurrerunt,
2118 4258 2223 4301 eas
2271 4236 2366 4300 hic
2414 4239 2687 4301 inversas
2736 4247 2799 4300 et
2842 4238 3177 4316 permixtas
3225 4252 3381 4297 esse.

667 4328 800 4390 Illic
848 4308 1010 4391 orbis
1059 4328 1323 4407 ejusdem
1371 4327 1604 4407 integer
1650 4326 1913 4389 ambitus
1970 4329 2164 4407 major
2221 4335 2285 4389 et
2336 4328 2625 4390 remotior
2679 4328 2989 4406 periodum
3049 4326 3255 4399 auxit;
3322 4330 3421 4383 et.

667 4417 860 4480 minor
907 4424 1088 4497 atque
1134 4416 1376 4497 propior
1424 4416 1734 4478 diminuit:
1785 4416 1881 4477 hic
1932 4426 2135 4477 autem
2181 4416 2387 4478 circuli
2436 4415 2670 4487 NOPQ
2716 4426 2779 4478 et
2822 4413 3053 4478 EFGH
3102 4412 3383 4494 aequales

669 4513 828 4580 sunt,
879 4514 943 4569 et
987 4507 1160 4587 hujus
1207 4523 1350 4584 pars
1399 4506 1595 4567 altera
1638 4504 1946 4577 remotior,
1997 4506 2193 4566 altera
2227 4505 2471 4586 propior
2500 4514 2597 4568 est
2628 4513 2833 4567 centro
2864 4505 2941 4578 A,
2992 4504 3142 4568 Soli.
3210 4500 3383 4573 Qua·-

671 4602 916 4674 propter
961 4594 1181 4655 motrix
1225 4593 1417 4654 virtus
1465 4594 1523 4654 in
1573 4594 1630 4655 A
1681 4594 1810 4673 agit
1869 4593 1927 4653 in
1975 4592 2084 4655 EF
2145 4602 2207 4656 et
2262 4594 2321 4655 in
2372 4592 2528 4668 GH,
2596 4604 2886 4673 tanquam
2948 4593 3202 4671 planeta
3264 4588 3383 4652 illic

672 4690 840 4743 esset
885 4682 944 4743 in
991 4682 1111 4756 ΙΚ,
1161 4678 1258 4742 hic
1308 4680 1363 4743 in
1413 4682 1554 4743 LM.
1648 4680 1975 4763 Utriusque
2034 4676 2262 4758 a‘utem,
2326 4682 2640 4745 tarditatis
2707 4682 2865 4744 illius
2927 4690 2991 4743 et
3044 4676 3383 4742 velocitatis

673 4771 848 4849 hujus
916 4770 1240 4834 communis
1308 4788 1586 4833 mensura
1649 4770 1951 4832 iuvenitur
2012 4772 2075 4834 in
2132 4772 2208 4834 D.
2306 4774 2515 4854 ltaque
2575 4771 2827 4851 planeta
2882 4770 2939 4832 in
2994 4768 3246 4832 EFGH·
3283 4769 3377 4828 via

669 4860 1060 4941 progrediens
1118 4859 1328 4922 tardus
1383 4860 1676 4939 veloxque
1741 4878 1850 4921 nec
1912 4880 2027 4922 non
2084 4860 2401 4924 mediocris
2450 4862 2609 4923 circa
2654 4860 2713 4922 R
2760 4867 2823 4921 et
2872 4858 2918 4921 S
2972 4860 3074 4928 fit,
3138 4856 3381 4937 perinde

673 4958 960 5030 tanquam
1009 4948 1066 5007 in
1119 4948 1364 5017 IKLM‚
1429 4965 1610 5027 super
1655 4947 1712 5009 D
1769 4958 2036 5011 centrum
2095 4948 2430 5032 aequaliter
2484 4951 2621 5014 iret.
2714 4950 2855 5015 Jatn
2908 4948 3047 5011 vide
3105 4947 3377 5017 artifices,
