3634 5575
539 373 668 439 282
1469 374 1526 425 In
1565 373 1708 438 Apol.
1746 374 1903 435 Tyeh.
1944 381 2121 427 contra
2154 374 2333 425 Ursum

691 538 788 592 De
828 537 960 591 lite
1001 551 1224 591 causa
1260 536 1768 606 hypothesium
1807 535 2157 591 dominum
2198 536 2585 606 Tychonem
2628 538 2835 591 inter
2884 544 2959 592 et
2994 538 3249 593 Ursum.

693 652 826 706 Cum
868 668 905 706 a
946 668 1030 705 me
1071 657 1293 722 peteret
1332 649 1548 721 quidam
1591 652 1782 703 doctus
1826 650 1932 710 vir,
1991 656 2055 703 ut
2098 666 2265 720 super
2306 652 2411 705 hac
2451 668 2512 705 re
2546 650 2812 720 judicium
2854 668 3033 705 meum
3076 654 3145 705 ad
3192 670 3251 706 se

533 732 945 803 perscriberem,
989 731 1243 823 respondi
1288 730 1342 782 in
1384 731 1528 783 hunc
1568 731 1685 783 fere
1727 732 1957 793 modum,
2003 736 2267 799 quantum
2320 730 2447 784 mihi
2492 730 2777 785 succurrit.
2863 731 3100 785 Primum
3142 750 3253 785 non

531 812 884 873 dissimulavi,
929 828 1012 864 me
1054 810 1214 864 irasci
1261 810 1414 872 Urso,
1460 810 1550 881 qui
1593 811 1836 879 epistola
1876 826 2003 863 mea
2045 810 2352 865 inconsulto
2395 827 2479 863 me
2522 810 2812 880 publicata
2850 812 3009 864 foede
3042 812 3251 865 abusus

531 893 920 962 est.1taque
964 891 1140 961 ipsum
1183 890 1530 943 considerare
1564 890 1736 958 jussi,
1782 906 1857 943 an
1899 891 2101 943 affectu
2145 890 2406 961 abripiar.
2493 891 2705 944 Deinde
2761 890 3030 959 judicium
3072 908 3249 945 meum

531 974 598 1026 de
641 971 1026 1025 scommatibus
1069 969 1214 1023 ferre
1257 986 1439 1022 coram
1479 968 1696 1023 homine
1737 968 1965 1038 politico
2008 970 2173 1022 nolui.
2261 970 2415 1031 Quod
2468 978 2653 1023 autem
2696 970 3073 1040 quaestionem
3118 970 3249 1024 atti-

536 1060 656 1114 net,
719 1058 844 1105 uter
886 1049 1116 1103 alterius
1159 1056 1390 1118 usurpet
1431 1048 1805 1117 hypotheses,
1869 1049 1971 1102 etsi
2033 1048 2368 1120 hypothesin
2412 1050 2577 1103 aliam
2620 1068 2728 1121 ego
2774 1066 2999 1121 sequar,
3064 1056 3251 1105 tamen

529 1131 701 1186 videri
741 1146 894 1185 reum
937 1130 1132 1183 Ursum
1193 1128 1491 1183 insimulati
1551 1128 1805 1182 criminis,
1892 1130 2269 1182 Fundamenta
2328 1128 2469 1183 haec
2529 1131 2714 1185 fuere:
2787 1130 2999 1183 fatetur
3056 1131 3247 1193 Ursus,

529 1230 591 1265 se
633 1210 892 1265 schedam
943 1209 1182 1279 aliquam
1243 1226 1274 1261 e
1314 1208 1502 1263 Dania
1561 1208 1792 1263 allatam
1837 1208 1980 1277 apud
2023 1208 2455 1279 Rollenha-gium
2510 1208 2842 1273 ostendisse,
2906 1216 2965 1262 et
3004 1210 3108 1263 hoc
3150 1226 3249 1280 ap-

529 1292 708 1363 pellat
749 1290 954 1343 furtum
997 1287 1464 1359 philosophicum,
1525 1295 1817 1359 monetque
1861 1288 2205 1359 Tychonem,
2250 1289 2426 1341 discat
2468 1288 2703 1358 posthac
2744 1306 2833 1342 res
2877 1304 3008 1342 suas
3051 1288 3249 1343 melius

527 1368 819 1425 custodire.
904 1370 1137 1423 Fatetur
1178 1368 1335 1429 idem,
1380 1384 1486 1421 non
1529 1384 1588 1421 se
1631 1368 1861 1437 primum
1893 1386 2013 1421 esse
2044 1368 2421 1439 hypotheseos
2452 1368 2599 1422 illius
2632 1374 2929 1431 auctorem,
2982 1368 3083 1421 nisi
3114 1385 3247 1439 qua-

528 1458 688 1505 tenus
717 1448 942 1503 Terram
989 1448 1122 1501 fecit
1147 1446 1491 1501 revolutione
1520 1446 1716 1500 diurna
1744 1448 2016 1503 mobilem.
2078 1448 2176 1502 Ait
2203 1449 2462 1518 denique,
2512 1448 2746 1502 indidem
2794 1466 2852 1501 se
2901 1449 3248 1518 excerpsisse

529 1530 888 1602 hypotheses,
915 1530 1062 1583 unde
1090 1532 1150 1581 et
1177 1526 1366 1597 Tycho
1395 1526 1766 1598 excerpserit:
1814 1543 1944 1581 nam
1992 1534 2219 1581 exstare
2268 1528 2323 1581 in
2354 1528 2652 1597 Copernico
2700 1536 2759 1581 et
2786 1528 3106 1582 Ptolemaeo
3146 1546 3248 1581 ex·
3264 1520 3273 1525 ”

527 1626 737 1681 presse.
823 1612 902 1661 At
939 1608 1044 1661 hoc
1087 1606 1340 1661 ultimum
1386 1607 1588 1659 falsum
1633 1612 1736 1670 est,
1776 1625 1888 1665 nec
1916 1608 2057 1661 enim
2096 1614 2326 1661 exstant
2354 1607 2511 1662 dictis
2540 1608 2672 1660 locis
2722 1608 2851 1662 illae
2880 1608 3243 1679 hypotheses

526 1688 681 1760 Ergo
709 1706 782 1741 ex
811 1687 916 1740 hoc
961 1687 1104 1741 falso
1133 1692 1191 1740 et
1219 1686 1396 1739 tribus
1441 1686 1629 1755 primis
1659 1684 1821 1749 veris,
1872 1690 2011 1757 quod
2056 1704 2162 1741 non
2191 1688 2264 1741 sit
2293 1688 2546 1741 inventor
2590 1688 2795 1758 primus
2842 1686 3242 1758 hypotheseoS,

528 1770 670 1840 quod
699 1767 823 1821 inde
852 1766 1065 1821 habeat
1091 1764 1426 1837 hypothesin
1451 1766 1596 1819 unde
1625 1772 1684 1819 et
1703 1766 1907 1837 Tycho,
1938 1769 2078 1838 quod
2110 1768 2365 1821 schedam
2394 1768 2683 1837 Tychonis‚
2727 1766 2782 1821 in
2812 1784 2923 1837 qua
2949 1775 3076 1821 erat
3102 1768 3245 1820 haec
3303 1818 3313 1823 -

527 1847 886 1920 hypothesis,
936 1846 1255 1908 abstulerit,
1307 1844 1462 1917 quasi
1503 1863 1578 1900 ex
1623 1846 1913 1901 elementis
1961 1847 2283 1917 quibusdam
2332 1848 2674 1917 componitur
2718 1848 2859 1901 haec
2904 1847 3242 1917 conjectura,

526 1924 801 1998 Tychoais
830 1924 1169 1997 hypothesin
1200 1926 1271 1979 ab
1303 1926 1439 1979 Urso
1469 1934 1688 1994 raptam
1717 1933 1776 1979 et
1803 1944 1905 1995 pro
1936 1943 2040 1980 sua
2081 1926 2429 1981 vindicatam.
2518 1927 2670 1989 Quod
2702 1934 2885 1981 autem
2917 1944 3025 1980 non
3053 1932 3246 1980 exstet

529 2006 805 2081 Tyehonis
835 2004 1164 2078 hypothesis
1212 2002 1268 2059 in
1297 2005 1598 2074 Copernico
1628 2013 1687 2060 et
1713 2004 2055 2071 Ptolemaeo,
2104 2014 2267 2077 patet
2314 2024 2385 2060 ex
2434 2006 2833 2113 depravatione
2880 2008 3121 2060 locorum
3172 2007 3245 2060 ab

527 2088 668 2143 Urso
697 2087 1088 2157 allegatorum,
1121 2100 1255 2155 quos
1286 2086 1472 2138 ordine
1501 2085 1821 2139 videbimus.

683 2166 809 2221 Lib.
859 2166 900 2219 Ι.
949 2182 1071 2234 cap.
1127 2166 1216 2219 10.
1302 2165 1442 2218 Toto
1487 2164 1585 2218 illo
1633 2166 1814 2236 capite
1847 2166 2177 2236 Copernicus
2224 2168 2469 2218 modeste
2516 2170 2574 2218 et
2619 2166 2772 2218 lento
2818 2180 3121 2237 progressu
3169 2182 3241 2217 ex

525 2248 690 2303 Mart.
722 2247 957 2317 Capella
985 2244 1272 2299 occasione
1299 2245 1468 2299 ducta
1513 2248 1582 2298 ad
1611 2246 2040 2315 explicationem
2086 2252 2145 2299 et
2172 2258 2433 2299 summam
2460 2245 2851 2298 necessitatem
2899 2260 3035 2297 suae
3064 2244 3239 2314 hypo·

525 2328 748 2381 theseos
778 2325 1006 2395 accedit.
1087 2324 1227 2378 Nam
1276 2324 1407 2394 quia
1443 2326 1680 2393 Capella
1734 2325 1831 2387 ait,
1886 2326 2151 2379 Venerem
2198 2332 2257 2378 et
2282 2323 2612 2379 Mercurium
2660 2324 2807 2377 circa
2852 2340 3049 2393 corpus
3096 2322 3241 2378 Solis

525 2422 818 2460 conversas
863 2404 1083 2459 absides
1132 2404 1358 2468 habere,
1407 2420 1481 2458 ex
1527 2404 1632 2457 hoc
1679 2410 1933 2475 apparet,
1983 2404 2137 2458 illum
2166 2405 2414 2457 conferre
2442 2410 2634 2456 centra
2663 2403 2871 2457 orbium
2918 2403 3136 2457 illorum
3184 2403 3239 2456 in

525 2486 728 2543 Solem.
809 2486 888 2539 Et
933 2490 1133 2553 postea
1179 2483 1455 2553 sequitur·
1503 2482 1631 2537 hinc
1659 2492 1841 2538 sumta
1868 2484 2178 2547 occasione,
2229 2484 2273 2537 si
2305 2484 2424 2555 quis
2455 2476 2764 2554 (intellige·
2812 2483 2859 2536 si
2897 2500 3005 2555 ego
3036 2484 3239 2553 Coper-

525 2560 707 2632 nicus)
738 2566 1034 2620 Saturnum
1061 2578 1294 2635 quoque,
1321 2564 1515 2620 Jovem
1543 2572 1603 2617 et
1631 2562 1866 2618 Martem
1895 2566 1963 2617 ad
1994 2565 2128 2618 illud
2159 2564 2335 2633 ipsum
2363 2568 2609 2617 centrum
2640 2563 2905 2626 conferat,
2950 2580 3059 2616 non
3088 2578 3237 2615 erra-

523 2647 623 2709 bit,
673 2645 725 2698 id
775 2647 916 2717 quod
965 2642 1228 2698 canonica
1271 2642 1493 2696 illorum
1537 2650 1780 2697 motuum
1826 2645 1971 2697 ratio
2018 2643 2284 2707 declarat,
2334 2650 2393 2696 et
2421 2644 2562 2714 qnod
2610 2642 2921 2697 declarabit
2967 2642 3071 2695 hoc
3100 2660 3237 2711 opus

523 2741 719 2789 meum,
747 2724 804 2777 in
833 2740 938 2795 quo
968 2722 1286 2775 canonicam
1312 2722 1458 2775 hanc
1484 2716 1754 2777 rationem
1782 2742 1859 2777 ex
1888 2724 1990 2777 tali
2018 2722 2315 2795 hypothesi
2345 2722 2646 2776 construxi.
2732 2722 2837 2776 Hic
2866 2722 3035 2775 Ursus
3072 2722 3237 2776 simu·

521 2808 624 2868 lat,
672 2804 972 2874 Copernico
1002 2804 1068 2855 de
1098 2801 1402 2856 mutatione
1432 2803 1621 2873 aliqua
1661 2819 1795 2858 suae
1825 2805 2201 2873 hypotheseos
2232 2820 2532 2858 sermonem
2564 2820 2700 2867 esse,
2753 2821 2873 2857 cum
2904 2803 3237 2872 Copernicus

523 2885 760 2942 nondum
807 2899 966 2936 suam
1009 2881 1291 2952 propriam
1337 2883 1692 2953 explicuerit,
1746 2885 1843 2936 sed
1877 2883 1997 2952 jam
2040 2884 2125 2937 his
2157 2884 2292 2954 ipsis
2320 2883 2504 2936 verbis
2553 2883 2759 2936 aditum
2802 2883 2905 2936 sibi
2944 2882 3121 2936 faciat
3167 2883 3237 2935 ad

524 2966 680 3020 illam
727 2962 1132 3032 explicandam.
1217 2961 1358 3014 Nam
1405 2963 1452 3015 si
1495 2962 1826 3032 Copernicus
1874 2962 2104 3017 vidisset
2150 2965 2290 3034 quod
2320 2963 2525 3032 Tycho,
2568 2979 2732 3030 posse
2761 2963 2941 3016 Solem
2982 2963 3235 3016 mobilem

522 3059 709 3099 annuo
737 3047 888 3094 motu
933 3039 1280 3094 nihilominus
1328 3055 1548 3095 manere
1595 3048 1842 3096 centrum
1874 3041 1905 3096 5
1938 3045 2289 3112 planetarum
2320 3039 2455 3110 (non
2502 3042 2686 3112 potuit
2713 3049 2897 3095 autem
2946 3042 2999 3095 id
3026 3043 3231 3104 videre,

524 3123 656 3196 quia
671 3121 991 3175 realitatem
1011 3119 1222 3173 orbium
1243 3117 1512 3187 credidit),
1545 3137 1641 3174 cur
1657 3123 1829 3191 paulo
1852 3128 1981 3192 post
2001 3122 2250 3185 dixisset,
2284 3122 2614 3176 alterutrum
2635 3139 2859 3174 necesse
2881 3139 3021 3185 csse,
3050 3129 3116 3174 ut
3132 3129 3237 3174 aut

523 3203 684 3258 nulla
711 3201 786 3255 sit
813 3199 960 3254 orbis
991 3197 1218 3253 Terreni
1245 3201 1529 3271 proportio
1560 3203 1627 3256 ad
1659 3203 1846 3255 orbem
1872 3201 2127 3265 fixarum,
2162 3209 2261 3255 aut
2298 3201 2515 3254 infinita
2542 3201 2644 3254 illa
2691 3202 2983 3254 secundum
3012 3207 3233 3254 veteres

526 3281 738 3336 orbium
765 3279 1058 3334 multitudo
1077 3279 1445 3334 concedatur?
1512 3281 1651 3334 Nam
1682 3281 1774 3352 qui
1802 3297 1922 3334 cum
1952 3281 2212 3352 Tychone
2243 3282 2429 3344 sentit,
2480 3279 2561 3334 illi
2593 3287 2845 3334 neutrum
2876 3285 2964 3334 est
2988 3297 3229 3333 necesse.

845 3371 935 3419 rig.
967 3369 1009 3412 s.
1480 3359 1601 3415 Lib.
1632 3361 1729 3415 m.
1775 3377 1898 3430 cap.
1932 3361 2025 3415 25.
2114 3361 2218 3415 Hic
2248 3378 2353 3414 non
2383 3359 2725 3414 intellectum
2758 3362 2829 3413 ab
2860 3359 2998 3414 Urso
3029 3361 3233 3428 Coper-

565 3440 693 3571 φ
1321 3441 1500 3495 uicum
1539 3446 1640 3494 aut
1684 3440 1738 3494 id
1779 3441 1961 3496 studio
2010 3459 2115 3494 non
2161 3443 2302 3495 bono
2349 3440 2766 3504 dissimulatum,
2813 3457 2971 3494 nemo
3011 3440 3103 3510 qui
3132 3439 3233 3494 Co-

609 3480 709 3586 t
1321 3520 1600 3590 pernicum
1647 3520 1918 3590 intelligit
1962 3520 2218 3574 dubitare
2260 3528 2464 3589 potest.
2551 3519 2851 3588 Copernico
2900 3521 2967 3572 de
3015 3519 3237 3574 theoria

1321 3599 1464 3654 Solis
1493 3607 1584 3652 est
1610 3615 1804 3662 sermo,
1850 3600 1937 3654 cui
1978 3599 2121 3653 liber
2168 3601 2263 3653 ille
2292 3599 2601 3653 destinatus
2644 3606 2748 3652 est.
2834 3600 3003 3652 Ursus
3050 3606 3235 3652 autem

1321 3685 1504 3749 putat,
1551 3679 1706 3734 illum
1733 3679 1886 3748 loqui
1926 3681 1993 3733 de
2038 3679 2403 3734 universitate
2451 3679 2843 3749 hypothesium
2888 3681 3065 3749 deque
3102 3695 3233 3747 par-

1321 3759 1459 3813 tium
1485 3761 1882 3813 mundanarum
1912 3766 2103 3813 mutuo
2130 3775 2419 3814 consensu.
2480 3757 2553 3812 Ut
2580 3775 2669 3812 res
2688 3765 2903 3827 pateat,
2934 3761 3041 3812 duo
3072 3759 3233 3812 sche-

949 3835 999 3888 Δ
1321 3843 1478 3893 mata
1519 3855 1736 3907 ponam,
1777 3854 1947 3892 unum
1988 3839 2437 3908 repraesentabit
2475 3838 2651 3907 ipsam
2680 3837 2967 3907 Copernici
3004 3837 3237 3906 primam

1327 3917 1675 3980 sententiam,
1725 3919 1965 3973 alterum
1991 3935 2121 3972 vero
2150 3918 2381 3972 habebit
2408 3918 2561 3972 illam
2591 3917 2979 3980 variationem,
3028 3919 3097 3970 de
3126 3933 3239 3987 qua

1326 3997 1442 4050 illic
1487 3997 1789 4066 Copernico
1840 4015 2015 4052 sermo
2070 4007 2173 4052 est.
2258 4002 2310 4051 A
2357 3993 2480 4070 (fig.
2533 3991 2597 4064 8)
2646 4005 2889 4050 centrum
2946 3996 3235 4051 eccentrici

1329 4078 1552 4140 Terrae,
1595 4093 1791 4146 nempe
1821 4077 1913 4132 Sol
1944 4077 2081 4146 ipse,
2112 4077 2158 4129 B
2189 4075 2528 4147 epicyclium,
2563 4079 2705 4146 quod
2734 4093 2915 4130 annuo
2944 4082 3095 4130 motu
3124 4075 3237 4129 una

1325 4173 1448 4209 cum
1491 4157 1799 4210 eccentrico
1849 4157 1903 4210 in
1930 4164 2123 4228 partes
2152 4158 2437 4227 oppositas
2472 4157 2803 4220 restituitur,
2852 4158 3021 4227 paulo
3050 4164 3237 4210 tamen

1325 4237 1612 4290 deficiente
1630 4237 2003 4298 restitutione,
2033 4237 2111 4289 sic
2130 4244 2193 4290 ut
2221 4254 2293 4291 ex
2316 4238 2411 4291 illo
2442 4239 2659 4291 defectu
2690 4243 2957 4306 sequatur
2976 4253 3233 4307 progres-

1326 4332 1418 4370 sus
1447 4317 1714 4386 apog-aeiz
1761 4317 1801 4370 C
1826 4323 2072 4370 oentrum
2112 4316 2368 4386 epicyclii
2404 4315 2642 4378 secundi,
2687 4317 2739 4368 in
2780 4333 2887 4386 quo
2915 4317 3088 4370 Terra
3133 4315 3235 4369 cir·

1324 4396 1491 4450 cumit
1520 4396 1676 4450 annis
1707 4397 1880 4459 3434,
1916 4399 2056 4450 unde
2086 4396 2285 4451 accidit
2310 4396 2741 4451 eccentricitatis
2772 4394 3022 4450 mutatio.
3080 4397 3239 4450 Haec

1325 4475 1656 4544 Copernicus
1685 4475 1953 4546 allegatis
1984 4479 2057 4529 ab
2088 4477 2225 4530 Urso
2265 4477 2447 4530 verbis
2478 4477 2555 4530 sic
2602 4476 2685 4534 ait
2710 4477 2918 4530 variari
2945 4491 3127 4546 posse,
3170 4483 3237 4530 ut

1325 4555 1398 4609 sit
1425 4555 1638 4626 quidem
1667 4559 1715 4608 A
1745 4555 1930 4608 mundi
1958 4561 2221 4620 centrum,
2261 4558 2355 4610 sed
2384 4574 2493 4611 non
2520 4555 2779 4626 ipsissimi
2808 4557 3049 4627 corporis
3078 4557 3235 4611 Sola-

1325 4635 1416 4697 riS,
1461 4636 1606 4689 circa
1651 4639 1790 4706 quod
1842 4637 2015 4690 Terra
2058 4636 2114 4691 in
2150 4637 2203 4690 D
2252 4633 2368 4708 (fig.
2413 4633 2472 4699 9)
2520 4643 2673 4690 motu
2719 4652 2903 4691 annuo
2940 4637 3238 4690 circumeat

1325 4709 1469 4783 (NB.
1521 4715 1693 4769 Terra
1721 4715 2022 4771 etiamnum
2058 4715 2348 4781 circumit).
2432 4717 2527 4771 Sol
2572 4715 2650 4770 sit
2688 4715 2747 4769 in
2774 4717 2839 4770 C*
2864 4723 2923 4769 et
2950 4727 3237 4772 moveatur

1324 4794 1540 4865 quidem
1587 4796 1642 4848 in
1671 4795 1953 4867 epicycliis
1982 4798 2047 4861 D,
2099 4797 2157 4859 C,
2200 4799 2295 4851 sed
2343 4795 2426 4851 ita
2472 4799 2649 4860 tarde,
2698 4803 2763 4850 ut
2802 4813 2911 4850 uno
2954 4813 3097 4851 anno
3126 4815 3235 4850 uon

1325 4874 1499 4929 faciat
1527 4874 1843 4931 sensibilem
1862 4893 2233 4948 progressum.
2278 4877 2418 4930 Nam
2436 4879 2485 4930 B
2514 4876 2841 4947 epicyelium
2860 4877 3019 4930 annis
3040 4875 3235 4932 25000

1326 4955 1428 5009 sub
1474 4954 1601 5011 fixis
1628 4954 1974 5018 restituitur3
2023 4957 2065 5010 C
2110 4972 2245 5010 vero
2290 4954 2619 5027 epicyclium
2665 4957 2822 5011 annis
2851 4955 3027 5012 3434.
3110 4957 3237 5011 Jam
