3634 5575
633 290 746 422 ·4²
1844 350 2165 409 rumina.

661 515 876 595 majori
922 515 1128 587 labore
1173 513 1394 593 agitur.
1487 512 1538 575 Ii
1583 530 1716 574 cum
1763 530 1979 576 nomen
2016 511 2155 575 inde
2186 510 2471 581 habeant,
2514 530 2633 575 non
2682 510 3016 575 concedunt
3056 508 3373 589 postulata

663 604 790 667 sine
829 602 1367 666 demonstratione.
1463 600 1730 671 Quorum
1778 619 1891 679 quo
1939 600 2272 679 imperitior
2318 599 2584 681 quisque,
2632 601 2744 662 hoc
2790 600 2925 681 plus
2980 600 3212 678 negotii
3272 598 3369 659 fa-

664 695 867 756 cessit.
961 694 1373 755 Veruntamen
1423 702 1484 752 et
1531 690 1624 751 hic
1671 689 1995 753 remedium
2042 688 2323 750 adhibere
2368 698 2576 769 potest
2622 690 2897 751 solitudO.
2972 686 3177 749 Estin
3212 706 3369 767 quo-

665 782 814 845 libet
859 782 987 844 loco
1036 780 1498 843 mathematicus
1545 796 1726 852 unus;
1775 778 1839 841 id
1884 778 1985 840 ubi
2032 786 2147 848 est,
2196 777 2482 858 optimum
2528 786 2639 842 est.
2728 778 2877 839 Tum
2924 777 2976 839 si
3005 776 3191 839 habet
3226 776 3372 837 alibi

665 873 924 932 locorum
972 870 1264 950 opinionis
1314 870 1574 941 socium,
1622 867 1835 929 literas
1882 867 1959 929 ab
2004 867 2136 947 ipso
2184 868 2503 949 impetret,
2570 886 2689 947 qua
2735 869 2965 931 ratione
3012 864 3372 933 monstratis

663 959 853 1023 literis
902 961 1045 1041 (quo
1092 978 1322 1023 rursum
1370 958 1554 1021 etiam
1598 956 1738 1019 mihi
1786 964 1926 1019 tuae
1973 960 2252 1037 prosunt)
2302 956 2637 1037 opinionem
2683 956 2836 1019 hano
2882 957 2943 1017 in
2974 955 3185 1017 animis
3220 956 3371 1018 doc-

665 1059 861 1113 torum
907 1050 1172 1111 excitare
1216 1054 1460 1127 potest,
1507 1045 1701 1127 'quasi
1755 1065 1963 1109 omnes
2019 1046 2273 1126 undique
2318 1048 2693 1125 professores
2738 1046 3173 1109 mathematum
3222 1062 3373 1105 con-

665 1139 976 1199 sentirent.
1070 1138 1298 1197 Verum
1344 1136 1483 1217 quid
1533 1136 1739 1197 fraude
1785 1154 1935 1214 opus
1982 1135 2126 1197 est?
2208 1132 2455 1197 Confide
2506 1133 2801 1204 Galilaei,
2865 1134 3372 1214 et'progredere.

665 1226 732 1290 Si
780 1227 929 1288 bene
977 1226 1280 1305 conject0,
1341 1225 1517 1307 pauci
1565 1224 1638 1285 de
1683 1225 2023 1305 praecipuis
2070 1224 2347 1305 Europae
2394 1223 2838 1285 mathematicis
2888 1245 2925 1285 a
2970 1222 3139 1284 nobis
3188 1242 3370 1285 sece-

666 1318 802 1379 dere
859 1314 1108 1375 volent:
1183 1320 1357 1375 tanta
1409 1314 1502 1375 vis
1561 1321 1658 1375 est
1711 1314 2007 1376 veritatis.
2103 1312 2171 1375 Si
2233 1313 2341 1375 tibi
2396 1312 2579 1375 Italia
2631 1313 2823 1377 minus
2885 1319 2991 1374 est.
3025 1312 3252 1374 idonea
3299 1310 3375 1373 ad

663 1403 1150 1485 publicationem,
1199 1412 1264 1465 et
1307 1404 1360 1470 si
1409 1404 1610 1485 aliqua
1653 1403 1965 1465 habiturus
2013 1424 2078 1465 es
2108 1402 2551 1483 impedimenta,
2604 1402 2805 1465 forsan
2836 1400 3169 1464 Germania
3198 1401 3377 1463 nobis

663 1496 817 1557 hanc
865 1494 1205 1555 libertatem
1253 1492 1560 1555 concedet.
1654 1490 1780 1554 Sed
1827 1492 1899 1553 de
1946 1492 2042 1553 his
2090 1492 2263 1553 satis.
2359 1492 2447 1554 Tu
2494 1491 2710 1553 saltem
2756 1490 2999 1571 scriptis
3028 1490 3173 1553 mihi
3204 1509 3375 1551 com-

663 1583 898 1647 munica
952 1581 1278 1662 privatim:
1346 1580 1400 1643 si
1453 1581 1688 1662 publice
1751 1600 1867 1643 non
1926 1582 2167 1662 placet,
2240 1580 2293 1641 si
2338 1580 2477 1661 quid
2526 1580 2583 1643 in
2633 1578 2949 1660 Copernici
2996 1580 3375 1643 commodum

665 1671 964 1735 invenisti.
3280 1721 3299 1731 -
3378 1722 3387 1733 .

842 1761 1014 1823 Nunc
1061 1758 1171 1820 abs
1219 1766 1280 1821 te
1327 1758 1531 1839 placet
1576 1757 1802 1840 aliquid
1850 1756 2332 1821 observationum
2378 1757 2723 1837 postulare:
2774 1756 3009 1819 scilicet
3050 1756 3228 1828 mihi,
3280 1758 3375 1838 qui

667 1846 1078 1913 instrumentis
1127 1867 1321 1918 careo,
1373 1848 1832 1928 confugiendum
1881 1855 1975 1909 est
2021 1848 2098 1908 ad
2146 1846 2318 1909 alios.
2411 1846 2619 1908 Habes
2666 1848 3091 1927 quadrantem,
3150 1846 3211 1907 in
3262 1866 3375 1927 qno

563 2008 572 2019 ,
665 1938 862 2020 possis
907 1946 1115 2000 notare
1161 1937 1402 2016 singula
1445 1938 1724 2017 scrupula
1767 1936 1961 2016 prima
2008 1944 2070 1997 et
2116 1935 2480 2017 quadrantes
2526 1935 2889 2017 primorum?
2938 1934 3221 1999 Observa
3251 1936 3372 2015 igi·

665 2038 782 2100 tur,
829 2027 988 2091 circa
1041 2023 1138 2091 19.
1169 2027 1318 2088 Dec.
1369 2026 1650 2101 futurum,
1698 2026 2077 2089 altitudinem
2125 2025 2459 2087 eductionis
2509 2026 2734 2087 caudae
2775 2026 2833 2087 in
2862 2026 3023 2089 Ursa
3048 2026 3377 2089 maximam

665 2126 730 2179 et
775 2116 1080 2179 minimam
1127 2116 1338 2177 eadem
1382 2124 1580 2179 nocte.
1673 2114 1796 2189 Sic,
1850 2116 2007 2177 circa
2054 2109 2159 2177 26.
2206 2114 2389 2188 Dec.,
2441 2116 2693 2177 observa
2740 2115 3014 2177 similiter
3059 2124 3377 2195 utramque

667 2207 878 2269 stellae
923 2206 1154 2284 polaris
1203 2204 1598 2266 altitudinem.
1673 2203 1937 2267 Primam
1986 2204 2229 2272 stellam
2274 2203 2529 2265 observa
2574 2204 2756 2266 etiam
2803 2204 2963 2265 circa
3015 2200 3112 2267 19.
3164 2202 3378 2265 Martii

667 2296 806 2357 anni
854 2292 938 2357 98
977 2293 1292 2356 altitudine
1339 2302 1632 2356 nocturna
1674 2292 1823 2354 hora
1878 2288 1996 2365 12;
2044 2294 2299 2355 alteram
2346 2311 2398 2353 c.
2440 2290 2544 2355 28.
2596 2292 2791 2372 Sept„
2838 2293 3021 2355 etiam
3067 2294 3219 2355 hora
3274 2290 3373 2355 12.

665 2385 822 2449 Nam
869 2384 940 2457 si,
992 2383 1148 2463 quod
1195 2391 1356 2462 opto,
1408 2382 1745 2445 differentia
1791 2383 2083 2463 quaedam
2134 2382 2291 2443 inter
2338 2380 2507 2443 binas
2554 2382 3006 2448 observationes
3037 2381 3377 2447 intercedet

667 2474 838 2535 unius
885 2480 1064 2553 atque
1113 2472 1362 2533 alterius
1409 2471 1704 2553 scrupuli,
1753 2473 1947 2551 magis
1994 2471 2048 2533 si
2102 2468 2180 2533 10
2226 2480 2331 2533 aut
2382 2468 2499 2546 15,
2564 2471 2651 2533 rei
2698 2490 2803 2550 per
2850 2478 3041 2534 totam
3086 2481 3373 2535 astrono-

665 2562 848 2625 miam
897 2560 1192 2623 latissime
1242 2560 1490 2623 diffusae
1539 2569 1956 2639 argumentum
1994 2560 2127 2623 erit.
2196 2558 2301 2622 Sin
2352 2569 2552 2621 autem
2598 2562 2741 2623 nihil
2787 2560 2967 2641 plane
2998 2561 3372 2623 differentiae

669 2651 1196 2731 deprehendemus,
1245 2651 1507 2729 palmam
1553 2657 1756 2716 tamen
1806 2649 2205 2711 demonstrati
2234 2648 2589 2712 nobilissimi
2616 2650 3029 2729 problematis,
3078 2650 3375 2713 hactenus

669 2762 706 2804 a
751 2739 984 2802 nemine
1033 2740 1398 2815 affectatam,
1448 2739 1837 2802 communiter
1881 2738 2335 2818 reportabimus.
2432 2738 2705 2818 Sapienti
2736 2746 2837 2802 sat
2864 2739 3109 2800 dictum.
3184 2739 3372 2802 Mitto

671 2839 870 2891 autem
928 2829 1044 2890 duo
1091 2829 1332 2906 insuper
1377 2829 1743 2907 exemplaria
1791 2827 2190 2901 (Prodromi),
2251 2828 2391 2909 quia
2432 2828 2877 2909 Hambergerus
2922 2828 3066 2890 mihi
3114 2829 3370 2902 dixerat,

672 2931 730 2980 te
779 2920 950 2998 plura
998 2917 1361 2978 desiderare.
1457 2915 1800 2998 Cuicunque
1849 2916 2119 2987 miseriS,
2168 2916 2268 2978 ille
2318 2918 2507 2980 literis
2554 2919 2627 2978 de
2676 2919 2873 2980 libello
2920 2917 3160 2998 scriptis
3208 2936 3369 2984 met-

673 3007 876 3068 cedem
921 3006 1190 3068 solverit.

847 3095 1038 3166 Vale,
1107 3093 1436 3156 clarissime
1472 3093 1600 3168 vir,
1669 3101 1734 3156 et
1787 3112 1895 3173 per
1953 3092 2267 3172 epistolam
2314 3093 2723 3174 longissimam
2768 3103 3031 3158 mutuum
3078 3093 3224 3158 mihi
3270 3115 3369 3158 re-

671 3183 882 3265 pende.

813 3344 890 3392 Ad
925 3341 1051 3392 haec
1089 3355 1200 3391 cum
1237 3304 1487 3390 Galilaeus
1523 3355 1623 3389 non
1659 3341 1990 3405 responderit,
2047 3340 2289 3406 Keplerus
2326 3355 2515 3406 quoque
2552 3342 2823 3397 obmutuit,
2864 3341 3020 3394 donec
3040 3378 3055 3402 ,
3094 3327 3307 3395 detectis
3342 3357 3374 3394 a

673 3415 896 3465 Galilaeo
933 3415 1066 3464 Jovis
1103 3411 1394 3463 satellitibus
1431 3411 1678 3476 Keplerus
1714 3413 2043 3462 intermissum
2080 3412 2393 3477 epistolarum
2429 3416 2770 3464 commercium
2807 3416 3017 3478 repetiit.

699 3505 704 3510 ·
813 3485 1054 3550 Keplerus
1091 3487 1210 3535 item
1245 3483 1522 3546 Tychoni
1557 3483 1831 3548 exemplum
1864 3483 2113 3534 Prodi-omi
2148 3486 2307 3541 misit,
2342 3484 2441 3535 hac
2481 3483 2655 3535 addita
2690 3486 2932 3549 epistola:

852 3627 1001 3692 Cum
1045 3636 1142 3704 te,
1210 3627 1301 3688 vir
1355 3625 1753 3708 amplissime,
1813 3625 2371 3688 mathematicorum
2428 3627 2687 3690 omnium
2743 3648 2857 3690 non
2914 3630 3087 3710 hujus
3134 3636 3371 3692 tantum

677 3719 897 3782 aetatis
965 3719 1068 3779 sed
1134 3716 1320 3779 totius
1377 3717 1510 3778 aevi
1555 3715 1939 3777 monarcham
1988 3714 2369 3778 constituerit
2413 3717 2897 3798 incomparabilis
2945 3718 3215 3780 doctrina
3262 3720 3369 3799 ju-

676 3808 926 3888 diciique
971 3806 1383 3886 praestantia,
1445 3805 1708 3884 iniquum
1756 3804 1990 3878 fecem,
2056 3803 2109 3864 si
2170 3805 2453 3882 opusculo
2521 3805 2592 3866 de
2638 3809 3023 3887 proportione
3070 3809 3367 3870 coelorum

673 3916 858 3978 nuper
906 3897 962 3956 in
1001 3897 1192 3956 lucem
1239 3894 1381 3956 dato
1431 3894 1570 3968 (sub
1618 3893 1834 3954 titulo:
1910 3893 2341 3954 Prodromus
2405 3893 3025 3958 dissertationum
3089 3916 3369 3960 cosmo-

676 3985 1216 4066 graphicarum)
1263 3983 1448 4045 ullam
1494 3981 1746 4062 gloriam
1793 3989 1896 4044 tuo
1937 3982 2163 4060 judicio
2204 3990 2267 4043 et
2304 3985 2812 4046 commendatione
2858 3986 3135 4066 neglecta
3180 4005 3366 4049 aucu-

675 4093 818 4155 per..
897 4073 1066 4145 Quae
1114 4091 1206 4132 me
1253 4092 1438 4134 causa
1483 4071 1696 4146 movit,
1763 4078 1832 4133 ut
1876 4071 2114 4150 ignotus
2162 4090 2235 4132 ex
2285 4073 2395 4134 hoc
2442 4073 2691 4136 obscuro
2744 4073 3102 4138 Germaniae
3151 4076 3368 4155 angulo

676 4164 886 4227 literas
933 4163 1010 4224 ad
1045 4170 1105 4226 te
1154 4160 1486 4236 mitterem,
1536 4168 1770 4222 oratum
1812 4179 1921 4240 per
1964 4160 2131 4222 illum
2177 4161 2479 4240 ingentem
2526 4163 2801 4226 veritatis
2850 4184 3150 4236 amorem,
3198 4185 3368 4248 quem
3440 4215 3445 4219 .

674 4255 730 4314 in
771 4263 830 4314 te
860 4270 1092 4333 quoque
1139 4252 1338 4314 inesse
1384 4252 1548 4311 fama
1591 4257 1730 4310 tuae
1777 4249 2204 4328 magnitudinis
2250 4251 2601 4330 praedi-cat:
2652 4263 2736 4329 ut,
2786 4255 2925 4334 quid
2974 4254 3084 4316 tibi
3130 4255 3203 4316 de
3248 4255 3367 4318 ist-

674 4343 785 4403 hoc
833 4342 1105 4403 videatur
1151 4339 1426 4419 negotio,
1477 4358 1552 4400 ea
1593 4337 1941 4400 sinceritate
1989 4346 2052 4399 et
2097 4339 2499 4416 humanitate,
2552 4361 2703 4422 quae
2753 4343 2812 4405 in
2858 4350 2917 4405 te
2964 4343 3365 4422 praedicatur,

678 4430 939 4512 explices
1003 4429 1398 4509 brevibusque
1461 4427 1651 4490 literis
1707 4425 2027 4507 significes
2122 4427 2176 4488 O
2224 4448 2316 4490 me
2364 4430 2633 4506 felicem,
2702 4433 2753 4494 si
2818 4433 2971 4512 quod
3021 4433 3363 4506 Maestlino,

677 4519 832 4582 idem
877 4528 940 4580 et
985 4517 1251 4598 Tychoni
1297 4518 1610 4591 videbitur,
1661 4517 1871 4598 quibus
1920 4536 2029 4595 ego
2078 4517 2303 4580 duobus
2347 4523 2887 4599 propugnatoribus
2923 4541 3036 4583 non
3081 4521 3363 4584 dubitabo

677 4609 860 4672 totius
926 4608 1086 4670 orbis
1140 4606 1271 4688 jam
1335 4608 1632 4670 excitatas
1693 4605 2123 4669 insectationes
2171 4607 2311 4670 forti
2357 4608 2552 4671 animo
2600 4610 2919 4674 sustinere.
3012 4609 3118 4674 Sin
3166 4618 3365 4673 autem

678 4697 738 4760 id
782 4705 1138 4760 consecutus
1185 4700 1367 4772 fuero,
1415 4705 1483 4759 ut
1529 4715 1678 4777 quae
1723 4696 1928 4760 insunt
1971 4695 2227 4770 infirma,
2278 4696 2483 4777 inepta
2528 4706 2591 4758 et
2636 4701 2919 4778 puerilia,
2946 4699 3179 4782 ,qualia
3222 4699 3362 4762 mihi

680 4806 783 4867 per
829 4795 1092 4848 aetatem
1137 4787 1326 4848 multa
1371 4777 1748 4855 excide'runt,
1797 4805 2049 4849 censura
2092 4785 2348 4848 volueris
2396 4795 2643 4863 nutare,
2693 4810 2769 4850 an
2818 4809 2927 4870 ego
2974 4810 3089 4852 non
3136 4807 3363 4850 rursum

682 4873 1017 4956 hujusmodi
1065 4875 1582 4954 reprehensionem
1616 4873 1804 4940 totius
1834 4875 2051 4953 mundi,
2101 4873 2151 4939 si
2180 4884 2365 4946 esset,
2410 4877 2683 4940 assensui
2710 4878 3092 4960 praeferam?
3136 4877 3361 4940 Exem-
