3634 5575
622 373 647 432 1
670 369 745 436 16
880 363 885 368 ’
1618 368 1866 466 Ιλιίυγιωήί
1881 387 1888 396 ·
1901 361 2300 435 Gomograpliici

615 531 797 606 Solis,
848 527 1107 592 Veneris
1136 537 1201 592 et
1224 527 1507 590 Mercurii
1543 528 1807 590 habeant
1845 528 2130 610 aequales
2173 525 2595 590 revolutiones,
2681 526 3105 608 Respondetur
3143 529 3327 602 enim,

614 621 770 704 quod
816 637 934 681 non
980 637 1122 682 vere
1168 618 1553 680 revolvantur
1597 617 1733 698 ipsi,
1785 618 1895 679 sed
1937 635 2046 698 pro
2091 616 2240 698 ipsis
2287 615 2464 678 unica
2503 616 2708 678 Terra.
2783 614 2845 680 2.
2894 615 3098 689 Quare
3144 619 3326 700 quin-

614 729 728 792 que
772 709 1055 788 planetae
1102 709 1251 769 fiant
1295 707 1650 786 retrogradi,
1698 706 2014 770 luminaria
2059 706 2148 779 (h.
2180 724 2234 767 e.
2275 704 2380 767 Sol
2431 711 2495 767 et
2531 705 2734 780 Luna)
2779 723 2898 768 non
2941 707 3106 772 item.
3188 707 3326 770 Re-

613 799 943 879 spondetur
984 797 1175 879 primo
1224 797 1299 858 de
1346 794 1531 870 Sole,-
1576 795 1716 875 quia
1760 797 1813 857 is
1861 795 2144 878 quiescit,
2205 795 2358 856 unde
2403 794 2498 869 fit,
2563 803 2633 856 ut
2678 803 2875 857 mot-us
2921 796 3171 872 Terrae,
3223 796 3327 877 qui

521 939 525 942 .
614 905 851 967 semper
896 887 1160 948 directus
1206 893 1320 960 est,
1369 885 1485 964 ipsi
1534 883 1663 946 Soli
1710 903 1874 946 mere
1921 887 1994 946 et'
2025 883 2457 964 imperturbate
2502 883 2702 945 inesse
2743 884 3036 960 videatur,
3086 893 3328 948 tantum

610 995 719 1057 per
770 984 1005 1056 partem
1072 974 1409 1056 oppositam
1468 973 1639 1036 coeli.
1734 973 1826 1035 De
1888 974 2066 1036 Luna
2115 991 2258 1034 vero
2280 1021 2294 1046 ,
2363 972 2501 1053 quia
2563 981 2760 1034 motus
2806 973 3029 1036 Terrae
3089 993 3326 1036 annuus

610 1066 800 1146 ipsius
846 1065 1012 1126 coelo
1058 1081 1199 1125 vere
1246 1063 1573 1124 communis
1618 1071 1717 1124 est
1752 1079 1887 1124 cum
1915 1063 2123 1124 Terra.
2191 1061 2324 1122 Duo
2364 1069 2561 1123 autem
2606 1081 2758 1142 quae
2795 1062 3022 1125 habent
3067 1063 3322 1125 eundem

611 1162 836 1216 motum
880 1172 988 1233 per
1044 1152 1277 1227 omnia,
1345 1152 1623 1214 videntur
1685 1151 1844 1213 inter
1877 1171 1966 1213 -se
2023 1150 2348 1232 quiescere.
2384 1149 2429 1222 ¹)
2519 1151 2693 1213 Unde
2740 1159 2940 1214 motus
2985 1153 3211 1214 Terrae
3257 1151 3322 1214 in

610 1245 782 1305 Luna
826 1261 941 1304 non
990 1241 1275 1315 sentitur,
1332 1249 1403 1302 ut
1453 1242 1513 1301 in
1562 1240 1781 1302 ceteris
1826 1240 2108 1320 planetis,
2203 1239 2295 1302 De
2345 1239 2770 1321 superioribus,
2795 1240 3092 1316 Saturno,
3139 1240 3322 1317 Jove,

610 1341 673 1393 et
717 1333 919 1394 Marte
965 1331 1397 1410 respondetur:
1462 1329 1601 1409 quia
1654 1330 1772 1409 ipsi
1831 1339 1970 1391 sunt
2014 1329 2311 1391 tardiores
2358 1328 2584 1391 Terra:
2651 1337 2716 1391 et
2769 1329 2910 1410 quia
2953 1330 3210 1394 circulus
3256 1337 3329 1392 et

556 1439 561 1444 ·
609 1429 807 1482 motus
853 1421 973 1482 iste
1012 1421 1234 1480 Terrae
1280 1425 1530 1498 putatur
1574 1419 1719 1497 ipsis
1766 1419 1986 1481 inesse.
2037 1415 2258 1489 'Quare
2307 1419 2464 1479 sicut
2508 1419 2648 1490 illis,
2696 1419 2794 1498 qui
2841 1437 2916 1479 ex
2945 1419 3017 1494 L,
3069 1419 3323 1482 Saturni

608 1510 811 1589 globo,
858 1509 1290 1590 prospicerent,
1340 1509 1528 1569 Terra
1572 1507 1868 1569 interdum
1903 1507 2182 1586 progredi
2219 1506 2540 1581 videretur,
2589 1507 2726 1568 dum
2773 1507 2890 1569 iret
2931 1527 3042 1588 per
3085 1509 3322 1570 medie-

614 1608 805 1660 tatem
852 1589 1016 1661 PBN
1064 1613 1244 1677 supra
1289 1595 1512 1670 Solem,
1559 1596 1856 1658 interdum
1903 1595 2170 1676 regredi,
2220 1596 2358 1657 dum
2402 1596 2522 1658 iret
2562 1615 2674 1676 per
2715 1597 2914 1672 NAP,
2963 1605 3127 1659 stare
3171 1615 3322 1661 vero

610 1688 669 1750 in
707 1688 766 1750 N
804 1695 867 1748 et
892 1687 975 1748 P:
1024 1687 1113 1748 sic
1160 1703 1409 1746 necesse
1458 1693 1570 1761 est,
1618 1694 1686 1748 ut
1730 1685 1903 1747 nobis
1951 1705 2026 1746 ex
2051 1685 2236 1746 Terra
2281 1685 2779 1766 prospicientibus
2810 1684 3109 1748 Saturnus
3153 1687 3324 1749 volvi

606 1777 882 1838 videatur
926 1775 987 1836 in
1031 1782 1240 1854 partes
1288 1773 1619 1854 oppositas.
1713 1774 1800 1837 Ut
1846 1775 1983 1836 dum
2031 1782 2127 1836 est
2172 1775 2380 1836 Terra·
2405 1774 2464 1834 in
2511 1775 2686 1836 BNA
2728 1775 2854 1854 (fig.
2911 1772 3040 1851 10),
3089 1774 3318 1838 Satur-

606 1883 719 1926 nus
766 1865 1003 1925 videtur
1049 1864 1109 1926 in
1167 1864 1305 1925 bna
1354 1865 1481 1942 (fig.
1536 1862 1667 1936 11).
1760 1864 2083 1926 Inferiores
2131 1863 2338 1924 Venus
2395 1871 2458 1924 et
2502 1863 2833 1926 Mercurius
2887 1863 3022 1926 ideo
3076 1865 3318 1945 regredi

586 1951 911 2026 videntur,
970 1952 1109 2034 quia
1156 1960 1296 2014 sunt
1348 1951 1679 2014 velociores
1728 1953 1953 2026 Terra3
2009 1953 2166 2014 unde
2211 1951 2457 2032 perinde
2505 1972 2576 2014 ac
2623 1953 2673 2014 si
2721 1953 2908 2015 Terra
2953 1962 3148 2016 staret
3190 1955 3316 2015 im-

602 2051 799 2115 mota,
849 2042 1092 2118 Venus,
1140 2060 1383 2103 currens
1430 2043 1489 2103 in
1536 2050 1709 2122 parte
1758 2041 1966 2103 circuli
2011 2041 2342 2117 remotiori,
2393 2043 2754 2104 contrariam
2799 2041 2979 2122 plane
3027 2043 3322 2106 describit

600 2132 760 2194 viam
807 2131 926 2208 illi,
976 2149 1151 2212 quam
1200 2131 1440 2192 conficit
1481 2131 1539 2192 in
1586 2137 1762 2210 parte
1808 2130 2014 2192 circuli
2060 2130 2150 2191 sui
2197 2129 2396 2191 vicina
2441 2131 2681 2194 Terrae.

778 2217 839 2283 3.
888 2220 987 2281 Ita
1034 2219 1239 2299 quaeri
1285 2220 1485 2299 potuit
1530 2221 1672 2292 (sed
1706 2219 1850 2281 nihil
1880 2220 2280 2299 respondente
2307 2219 2690 2295 Ptolemaeo)
2738 2239 2920 2300 quare
2966 2222 3024 2282 in
3073 2221 3314 2300 magnis

600 2309 844 2374 orbibus
892 2309 1019 2370 sint
1060 2317 1188 2370 tam
1236 2309 1437 2386 exigui
1483 2308 1766 2389 epicycli‚
1816 2317 1882 2386 et
1927 2327 2110 2388 quare
2156 2310 2214 2370 in
2261 2308 2468 2387 parvis
2515 2310 2754 2371 orbibus
2801 2318 2928 2372 tam
2974 2311 3266 2372 immanes
3291 2331 3312 2370 :

598 2400 710 2461 hoc
756 2406 871 2474 est,
922 2417 1104 2480 quare
1142 2403 1667 2478 προσθαφαιροσις
1704 2396 1926 2458 Martis
1965 2398 2046 2458 sit
2092 2399 2287 2478 major
2321 2397 2520 2474 Jovia,
2571 2405 2635 2461 et
2678 2398 2852 2478 hujus
2897 2399 3087 2480 major
3133 2417 3313 2481 quam

598 2487 864 2552 Saturni.
959 2487 1043 2549 Et
1097 2505 1202 2548 cur
1247 2506 1361 2548 non
1409 2486 1742 2548 Mercurius
1790 2486 1977 2548 etiam
2023 2486 2328 2566 majorem,
2381 2505 2559 2567 quam
2605 2487 2836 2561 Venus,
2883 2487 3127 2564 habeat,
3175 2507 3310 2550 cum

598 2578 680 2639 sit
720 2577 969 2639 inferior
1014 2576 1254 2640 Venere
1271 2596 1290 2651 3
1355 2575 1647 2656 siquidem
1712 2583 1971 2656 quatuor
2025 2576 2382 2659 reliquorum
2436 2594 2671 2656 semper
2723 2575 2968 2640 inferior
3022 2578 3310 2656 majorem

598 2667 801 2729 habet.
892 2665 1011 2728 Hic
1066 2665 1263 2727 facilis
1329 2672 1426 2727 est
1486 2665 1817 2745 responsio.
1911 2664 2194 2727 Mercurii
2251 2664 2407 2726 enim
2466 2673 2531 2727 et
2575 2664 2833 2728 Veneris
2897 2685 3074 2729 veros
3129 2665 3310 2728 orbes

598 2764 836 2818 veteres
884 2754 1185 2837 epicyclos
1233 2773 1369 2816 esse
1415 2761 1719 2836 putarunt.
1815 2753 2100 2817 Mercurii
2147 2761 2347 2817 autem
2367 2804 2381 2829 ,
2453 2762 2516 2817 ut
2570 2755 2932 2819 velocissimi
2953 2805 2969 2831 ,
3029 2755 3308 2819 minimus

600 2846 785 2908 etiam
832 2845 994 2907 orbis
1043 2852 1157 2906 est.
1252 2842 1635 2923 Superiorum
1694 2862 1838 2905 vero
1891 2851 1960 2906 ut
2005 2844 2212 2925 cuique
2259 2844 2516 2906 Telluris
2563 2846 2724 2907 orbis
2767 2847 3010 2927 propior
3055 2852 3170 2921 est,
3217 2844 3308 2907 sic

598 2935 889 3015 majorem
934 2934 1014 2995 ad
1062 2952 1194 2994 eum
1242 2933 1682 3013 proportionem
1729 2932 1936 3007 babet,
1981 2941 2046 2994 et
2088 2933 2282 3013 major
2320 2944 2592 3014 apparet.
2655 2934 2842 2997 Mars·
2869 2934 3054 3015 igitur
3095 2934 3308 3015 proxi-

494 3087 505 3111 „
596 3043 729 3086 mus
772 3022 960 3085 habet
1004 3023 1323 3084 maximam
1382 3022 1829 3103 aequationem,
1893 3019 2192 3084 Saturnus
2249 3022 2576 3085 altissimus
2629 3023 2952 3087 minimam.
3045 3025 3206 3089 Nam
3251 3026 3308 3085 si

597 3112 801 3174 oculus
846 3112 902 3173 in
945 3109 1005 3173 G
1037 3112 1168 3191 (fig.
1208 3108 1319 3185 10)
1368 3111 1850 3186 constitueretur,
1899 3112 1955 3172 ei
2001 3111 2163 3173 orbis
2197 3111 2312 3174 ΡΝ
2349 3111 2653 3175 videretur
2697 3113 2808 3175 sub
2847 3114 3064 3195 angulo
3093 3111 3305 3187 TGV3

599 3210 668 3263 at
714 3202 767 3263 si
811 3202 871 3262 in
917 3200 971 3262 L
1018 3209 1211 3271 esset,
1259 3200 1420 3262 idem
1466 3200 1628 3262 orbis
1673 3200 1980 3262 videretur
2023 3200 2134 3262 sub
2181 3200 2399 3280 angulo
2444 3199 2626 3263 RLS.

774 3285 837 3351 4.
904 3289 1141 3351 Pariter
1185 3309 1301 3351 non
1346 3288 1566 3368 injuria
1610 3288 1813 3351 mirati
1857 3297 1998 3351 sunt
2041 3296 2304 3364 veteres,
2364 3310 2466 3352 cur
2509 3298 2635 3353 tres
2684 3290 3021 3371 superiores
3067 3308 3304 3370 semper

596 3380 655 3441 in
688 3378 1061 3460 oppositione
1102 3398 1230 3439 cum
1261 3378 1404 3441 Sole
1444 3378 1567 3439 sint
1600 3377 1908 3440 humillimi
1953 3378 2014 3440 in
2059 3397 2167 3440 suo
2215 3378 2500 3460 epicyclo,
2550 3379 2608 3441 in
2657 3379 3074 3460 conjunctione
3120 3378 3302 3441 altis-

598 3468 772 3531 simi:
819 3474 889 3529 ut
932 3468 985 3529 si
1031 3467 1220 3530 Terra
1266 3468 1397 3547 (fig.
1437 3466 1567 3541 11),
1617 3465 1725 3529 Sol
1772 3475 1836 3528 et
1881 3486 1920 3547 g
1967 3468 2092 3529 sint
2133 3467 2197 3529 in
2243 3468 2455 3529 eadem
2501 3468 2684 3545 linea,
2735 3488 2918 3550 quare
2962 3469 3131 3530 Mars
3176 3476 3304 3530 tum

596 3577 711 3619 non
759 3558 956 3637 possit
1000 3556 1059 3619 in
1108 3556 1227 3618 alio
1276 3559 1406 3618 loco
1454 3556 1708 3638 epicycli
1756 3575 1911 3631 esse,
1962 3575 2139 3637 quam
2184 3556 2244 3617 in
2290 3579 2336 3636 y.
2410 3558 2480 3619 In
2513 3556 2847 3638 Copernico
2893 3577 3080 3621 causa
3124 3557 3304 3619 facile

596 3647 879 3709 redditur.
972 3646 1111 3710 Non
1162 3647 1318 3707 enim
1361 3647 1532 3708 Mars
1578 3646 1640 3707 in
1686 3646 1984 3731 epicyclo,
2047 3646 2152 3707 sed
2200 3645 2390 3708 Terra
2441 3646 2502 3707 in
2551 3649 2694 3710 orbe
2742 3666 2850 3709 suo
2897 3648 3051 3710 hanc
3096 3646 3302 3709 varie-

595 3744 789 3798 tatem
834 3744 1119 3797 causatur
1139 3754 1157 3810 ;
1204 3736 1340 3797 binc
1388 3735 1440 3796 si
1468 3735 1657 3796 Terra
1702 3754 1778 3797 ex
1814 3735 1878 3796 A
1915 3734 1972 3796 in
2000 3734 2054 3797 B
2103 3734 2456 3798 discesserit
2481 3736 2612 3816 (fig.
2650 3734 2781 3813 10),
2831 3735 2962 3802 Sol.
2987 3736 3101 3798 erit
3147 3734 3306 3797 inter

598 3825 657 3887 G
703 3826 966 3888 Martem
1014 3834 1078 3885 et
1120 3824 1172 3885 B
1220 3825 1496 3898 Terram,
1558 3832 1622 3885 et
1667 3831 1792 3885 tum
1837 3822 2008 3885 Mars
2055 3822 2356 3885 videbitur
2399 3825 2458 3887 in
2505 3826 2772 3908 epicyclo
2821 3827 2949 3907 (fig.
2990 3823 3100 3900 11)
3147 3842 3224 3887 ex
3271 3830 3308 3887 δ

596 3915 657 3976 in
702 3938 733 3992 y
777 3914 1146 3975 ascendisse.
1213 3915 1304 3974 At
1331 3914 1519 3978 Terra
1564 3913 1623 3974 in
1668 3913 1731 3974 A
1778 3913 2094 3987 existente,
2147 3914 2302 3994 quod
2351 3922 2446 3975 est
2488 3923 2774 3994 punctum
2817 3915 2936 3995 ipsi
2987 3912 3047 3977 G
3089 3914 3302 3993 proxi-

598 4022 772 4076 mum,
824 4000 883 4064 G
930 4004 1095 4063 Mars
1144 4010 1207 4063 et
1253 4000 1359 4063 Sol
1406 4002 1764 4063 videbuntur
1810 4021 1886 4064 ex
1931 4002 1990 4063 A
2035 4002 2290 4063 invicem
2338 4003 2616 4083 oppositi.
2692 4005 2895 4087 Atque
2941 4004 3093 4065 haec
3139 4010 3300 4079 sunt,

598 4111 749 4171 quae
798 4110 873 4152 ex
919 4091 1129 4152 tabula
1175 4091 1253 4151 ad
1300 4091 1531 4153 oculum
1576 4091 1974 4153 demonstrari
2019 4099 2290 4172 possunt.
2941 4110 2950 4128 s

771 4180 911 4242 Jam
960 4180 1240 4259 deinceps
1288 4180 1731 4241 consideremus
1777 4180 1960 4241 etiam
2009 4180 2524 4242 eccentricitatem
2567 4180 2741 4261 huJus
2789 4182 2969 4244 orbis.
3065 4178 3302 4261 Ceper-

598 4272 764 4332 nicus
813 4268 962 4331 facit
1006 4262 1337 4349 apogaeum
1384 4268 1547 4331 Solis
1594 4270 1723 4341 (vel
1767 4269 2020 4343 Terrae)
2067 4276 2136 4331 ut
2191 4278 2255 4332 et
2308 4279 2641 4332 ceterorum
2693 4271 2920 4333 moveri
2940 4318 2956 4345 ,
3021 4288 3138 4332 non
3191 4288 3304 4349 per

597 4359 957 4432 deferentes,
1008 4358 1117 4419 sed
1160 4376 1269 4437 per
1315 4358 1667 4438 epicyclium
1715 4358 1892 4437 paulo
1938 4357 2168 4420 tardius
2215 4358 2358 4420 orbe
2397 4378 2506 4422 suo
2551 4359 2632 4420 ad
2677 4358 2910 4423 initium
2951 4359 3212 4422 rediens.
3227 4362 3300 4431 ¹¹¹)

595 4448 709 4507 Hic
754 4456 951 4509 motus
998 4448 1252 4527 apogaei
1308 4446 1489 4508 etiam
1549 4447 1773 4528 aliquid
1836 4447 2018 4508 infert
2081 4447 2142 4508 in
2197 4448 2455 4510 motibus
2513 4456 2846 4511 ceterorum
2901 4450 3297 4529 planetarum.

596 4536 753 4596 Nam
778 4536 1162 4599 Ptolemaeus
1190 4544 1520 4597 ceterorum
1558 4534 2042 4598 eccentricitates
2088 4544 2400 4616 computat
2436 4558 2476 4599 a
2509 4543 2715 4599 centro
2745 4538 3007 4601 Terrae:
3036 4542 3094 4613 ¹⁸²)
3141 4539 3300 4621 quod

596 4625 648 4684 si
712 4634 980 4687 centrum
1042 4624 1359 4687 eccentrici
1424 4625 1681 4687 Telluris
1744 4632 1832 4685 et’
1871 4642 2200 4705 apogaeum
2263 4644 2372 4706 per
2437 4627 2931 4707 consequentiam
2993 4628 3299 4708 signorum

598 4714 987 4775 discesserint
1030 4714 1090 4774 in
1138 4714 1317 4775 aliam
1365 4722 1601 4794 partem
1644 4713 1910 4788 zodiaci,
1957 4712 2184 4776 relictis
2227 4717 2373 4795 post
2417 4736 2484 4779 se
2531 4715 2784 4779 aliorum
2828 4718 3115 4799 apogaeis
3161 4724 3298 4779 tar-

596 4801 861 4865 dioribus
880 4850 898 4877 ,
940 4802 1201 4865 accidet
1264 4804 1465 4884 aliqua
1522 4802 1773 4865 mutatio
1830 4803 2338 4866 eccentricitatum
2401 4806 2461 4867 in
2521 4805 2788 4885 planetis
2832 4806 3072 4869 ceteris:
3157 4806 3294 4869 Hoc
3345 4840 3353 4845 -

592 4892 772 4955 valde
818 4910 1049 4955 rursum
1090 4892 1401 4957 mirabitur
1440 4890 1779 4955 Ptolemaei
1824 4892 2218 4970 astronomia,
2281 4902 2464 4975 atque
2509 4894 2592 4957 ad
2637 4894 3058 4977 confingendas
3103 4900 3296 4959 novos
