3634 5575
594 406 723 474 130
1216 391 1223 397 ’
1278 349 1289 356 ⁶
1610 400 1836 466 Hysterii
1873 400 2274 468 Gonnograpbld

1524 597 1613 663 IN
1660 595 1944 662 CAPUT
1986 589 2378 669 QUINTUM

1660 719 1849 772 NOTA
1885 717 2242 772 AUCTOR-Is.

590 828 956 983 an“ulag‘lfllx
1003 829 1199 902 anguli
1244 845 1321 884 sc.
1366 827 1505 882 recti
1563 826 1878 898 aptitudine
1897 867 1913 890 ,
1975 833 2037 880 et
2081 827 2224 896 quod
2270 825 2444 880 omnis
2503 823 2560 878 in
2611 821 2952 880 semicirculo
2999 828 3186 876 rectus
3231 827 3330 874 eat

1746 1170 1990 1269 Caput
2043 1167 2169 1242 VI.

1228 1327 1420 1406 Quod
1462 1327 1630 1391 inter
1674 1327 1896 1392 Jovem
1941 1333 2002 1389 et
2042 1325 2324 1389 Martem
2355 1323 2674 1408 pyramis.

766 1466 908 1530 Jam
956 1486 1063 1530 cur
1107 1468 1320 1531 cubum
1361 1461 1629 1549 excipiat*
1671 1467 1958 1550 pyramis,
2007 1485 2182 1528 nemo
2212 1464 2534 1528 admodum
2562 1464 2896 1539 mirabitur,
2945 1483 3078 1526 cum
3113 1462 3184 1538 1)
3211 1465 3329 1526 illa

592 1559 717 1620 fere
767 1557 841 1618 de
886 1556 1229 1637 principatu
1275 1558 1439 1620 ausit
1481 1576 1615 1620 cum
1664 1557 1815 1619 cubo
1860 1556 2252 1624 contendere,
2303 1551 2375 1628 2)
2422 1555 2667 1633 insuper
2710 1553 2808 1614 vel
2853 1553 2990 1633 ipsa
3033 1553 3134 1614 vel
3181 1549 3328 1628 ὁμο-

591 1649 735 1726 λογα
780 1645 1133 1725 irregularia
1180 1646 1409 1707 faciunt
1453 1648 1528 1708 ad
1578 1654 1913 1708 ceterorum
1951 1643 2464 1725 compositionem.
2537 1643 2698 1706 Nam
2743 1641 3098 1704 icosaedron
3147 1661 3326 1704 com-

593 1741 823 1816 ponunt
870 1730 957 1798 20
1001 1735 1345 1816 pyramides
1366 1781 1383 1810 ,
1441 1733 1623 1814 paulo
1668 1734 1982 1796 breviores
2039 1733 2460 1796 tetraedricis:
2525 1731 2876 1794 octaedrum
2935 1739 3074 1794 octo
3121 1731 3325 1793 adhuc

594 1822 924 1885 breviores.
1018 1822 1453 1884 Dodecaedron
1504 1821 1622 1884 etsi
1670 1822 1966 1904 quadrato
2014 1821 2249 1883 occulto
2298 1828 2569 1892 constat,
2617 1827 2816 1882 tamen
2864 1818 2924 1880 in
2969 1819 3326 1902 pyramidas

593 1911 819 1974 resolvi
864 1929 1117 1972 necesse
1166 1919 1281 1972 est.
1368 1908 1441 1986 3)
1482 1912 1695 1991 Neque
1724 1911 2223 1972 contemnendum
2253 1908 2384 1984 hoc,
2433 1909 2590 1988 quod
2635 1907 3008 1970 tetraedrum
3053 1907 3114 1970 in
3163 1925 3324 1990 qua-

592 2007 732 2062 tuor
776 1999 1086 2079 perfectas
1140 1999 1488 2081 pyramidas
1546 2008 1610 2062 et
1656 2019 1834 2062 unum
1895 1999 2223 2061 octaedrou
2288 1997 2544 2060 laterum
2591 1995 2833 2058 dimidio
2878 1994 3170 2059 minorum
3215 2017 3322 2059 re·-

592 2088 746 2150 solvi
793 2095 1016 2168 potest.
1094 2084 1166 2161 4)
1215 2087 1389 2151 Sicut
1436 2090 1493 2151 in
1542 2087 1743 2168 planis
1793 2087 1995 2151 omnia
2041 2087 2418 2167 multangula
2464 2085 2522 2146 in
2569 2084 2874 2164 triangula
2918 2085 3322 2163 resolvuntur,

590 2177 681 2239 ita
726 2177 961 2257 reliqua
1008 2176 1209 2240 solida
1253 2177 1635 2239 mensurandi
1683 2196 1873 2239 causa
1925 2177 1986 2239 in
2047 2175 2430 2259 pyramidas,
2501 2193 2649 2255 quas
2709 2173 2924 2235 deinde
2983 2175 3190 2246 cubis,
3253 2183 3328 2237 ut

591 2255 898 2346 triangula
960 2266 1271 2347 quadratis
1292 2314 1309 2341 ,
1377 2267 1675 2328 metimur.
1769 2267 1887 2327 Est
1941 2265 2126 2345 igitur
2184 2266 2544 2345 reliquorum
2597 2281 2883 2326 mensura
2943 2271 3007 2324 et
3061 2265 3324 2326 omnium

590 2354 875 2418 facillime
915 2376 952 2417 a
988 2355 1139 2417 cubo
1178 2354 1468 2418 mensilis.
1544 2354 1617 2429 5)
1663 2355 1819 2417 Hinc
1865 2355 2186 2434 pleraeque
2235 2354 2366 2432 ejus
2413 2351 2627 2426 lineae,
2676 2360 2746 2412 ut
2792 2359 2861 2414 et
2903 2350 3148 2414 cubicae
3195 2361 3328 2415 tam

592 2443 771 2506 facile
819 2445 1218 2523 quantitatem
1280 2463 1357 2506 ex
1412 2444 1649 2506 ratione
1706 2443 1975 2523 diagonii
2041 2441 2378 2523 accipiunt,
2447 2459 2564 2504 non
2631 2449 2832 2502 tamen
2899 2440 3080 2502 aliter
3143 2459 3326 2522 quam

592 2533 903 2614 quadratis
934 2533 1217 2594 numeris.
1288 2529 1361 2612 δ)
1406 2531 1748 2616 Pyramidis
1786 2533 1971 2594 etiam
2009 2531 2371 2610 regularitas
2417 2549 2493 2609 ex
2542 2529 2687 2592 solis
2736 2531 3028 2593 lateribus
3073 2531 3322 2611 pendet,

592 2621 727 2683 cubi
773 2621 957 2682 etiam
1004 2639 1081 2682 ex
1126 2621 1385 2701 angulis
1453 2625 1659 2702 Atque
1706 2621 1795 2684 sic
1842 2620 2214 2704 pyramidum
2257 2621 2416 2681 inter
2453 2619 2828 2700 aequilatera
2865 2636 2980 2680 non
3017 2617 3155 2698 plus
3203 2638 3326 2681 una

590 2717 706 2785 est,
756 2717 824 2773 at
868 2711 926 2771 in
974 2705 1258 2791 ἆξαεδρῳ,
1304 2711 1579 2791 quamvis
1628 2711 1982 2791 aequalibus
2021 2709 2330 2783 lateribus,
2377 2715 2581 2769 tamen
2630 2707 2862 2770 infinita
2907 2707 3174 2769 varietas
3221 2715 3325 2769 est

591 2801 964 2880 angulorum.
1059 2797 1195 2870 Quo
1242 2800 1517 2876 nomine,
1578 2800 1631 2861 si
1677 2800 1879 2862 nullae
1927 2798 2085 2861 aliae
2134 2808 2341 2860 essent
2380 2798 2667 2869 rationes,
2717 2797 2875 2859 sitne
2921 2798 3327 2877 praeferenda

592 2888 775 2963 cubo,
826 2906 903 2949 an
949 2889 1401 2968 postponenda,
1462 2889 1519 2951 in
1570 2887 1750 2950 dubio
1796 2887 2088 2967 relinquo.
2181 2886 2254 2961 7)
2300 2887 2474 2948 Hanc
2521 2895 2776 2950 naturae
2822 2884 3132 2949 solertiam
3177 2886 3322 2948 imi-

596 2976 715 3038 tati
760 2976 1031 3037 homines
1086 2977 1339 3055 primum
1396 2976 1712 3039 materiam
1760 2976 1836 3037 ad
1883 2975 2368 3057 perpendiculum
2425 2976 2666 3055 erigunt
2722 2976 3026 3057 rectisque
3084 2974 3324 3055 angulis

592 3065 986 3145 contiguam,
1059 3066 1278 3127 deinde
1344 3065 1661 3145 triangulis
1734 3065 1977 3126 firmant
2027 3073 2090 3126 et
2147 3064 2482 3126 stabiliunt.
2603 3062 2676 3139 8)
2749 3064 3002 3144 Insuper
3075 3071 3322 3126 acutum

592 3154 877 3233 angulum
943 3172 1075 3215 cum
1139 3154 1368 3216 habeat
1428 3154 1738 3239 pyramis,
1803 3154 1968 3234 prior
2031 3160 2128 3215 est
2189 3152 2627 3232 obtusanguliS.
2729 3152 2889 3215 Nam
2955 3152 3015 3215 id
3079 3172 3325 3235 semper

590 3242 846 3323 primurn
892 3242 1093 3304 estin
1153 3242 1393 3319 ordine,
1456 3244 1614 3325 quod
1666 3242 1901 3322 justam
1955 3242 2143 3304 habet
2199 3242 2640 3322 quantitatem:
2708 3241 2820 3303 hoc
2867 3242 3036 3323 sequi
3079 3242 3323 3305 videtur

592 3331 790 3393 minus
830 3331 1032 3410 justo,
1094 3332 1237 3413 quia
1281 3341 1343 3393 et
1390 3332 1627 3412 longius
1676 3332 1893 3393 abesse
1940 3330 2178 3394 videtur
2226 3331 2303 3391 ab
2358 3330 2685 3405 infinitate,
2749 3342 2925 3413 qu‘am
2970 3330 3109 3413 plus
3147 3332 3320 3413 justo

592 3429 655 3482 et
704 3418 1031 3499 simplicius
1080 3422 1263 3482 etiam
1310 3429 1425 3481 est.
1512 3422 1672 3484 Nam
1720 3420 2185 3500 obtusangulum
2231 3418 2469 3481 videtur
2517 3419 2954 3501 quodammodo
3003 3420 3324 3502 multiplex

594 3526 668 3569 ex
716 3518 882 3570 recto
932 3516 995 3570 et
1040 3516 1237 3572 acuto.
1332 3507 1468 3580 Quo
1515 3508 1709 3572 minus
1756 3510 2121 3578 mirandum,
2185 3527 2290 3570 cur
2332 3508 2612 3587 paucitas
2663 3508 3011 3589 angulorum
3058 3509 3116 3572 in
3161 3508 3320 3585 basi,

593 3604 656 3658 et
702 3597 967 3677 ipsarum
1024 3598 1213 3660 etiam
1267 3598 1499 3661 basium
1560 3598 1859 3661 tetraedri
1918 3616 2036 3659 non
2084 3599 2338 3677 deroget
2382 3596 2555 3659 cubo.
2649 3598 2806 3659 Nam
2857 3598 3212 3678 angulorum
3258 3605 3326 3660 et

594 3686 827 3747 basium
872 3704 1151 3748 numerus
1200 3687 1279 3749 ad
1326 3696 1671 3768 susceptam
1721 3686 1926 3767 anguli
1974 3686 2233 3765 speciem
2281 3686 2624 3748 necessario
2671 3686 2960 3767 sequitur.
3044 3686 3220 3749 Unde
3267 3687 3324 3749 si

592 3782 793 3835 rectus
821 3775 987 3853 prior
1014 3782 1113 3835 est
1142 3784 1342 3846 acuto,
1390 3778 1555 3855 prius
1585 3775 1770 3838 etiam
1815 3770 2119 3854 ἑξαεδρον,
2168 3794 2342 3855 quam
2375 3775 2742 3851 tetraedron,
2789 3776 3322 3856 tetragonoedrum

591 3880 769 3942 quam
818 3864 1283 3942 trigonoedrum.
1362 3860 1435 3938 9)
1486 3865 1691 3946 Atque
1739 3863 1801 3926 id
1849 3864 2032 3925 etiam
2080 3863 2217 3925 inde
2263 3862 2466 3943 colligi
2511 3872 2738 3943 potest,
2786 3864 2942 3945 quod
2987 3864 3324 3946 perfectum

590 3952 809 4032 ubique
856 3950 1139 4031 primum,
1199 3962 1341 4034 post
1398 3954 1491 4027 id,
1554 3954 1711 4033 quod
1759 3953 1987 4029 deficit,
2039 3952 2311 4027 demum,
2376 3953 2532 4032 quod
2581 3952 2838 4015 excedit.
2935 3952 3089 4017 Cum
3134 3954 3324 4035 igitur

588 4039 863 4101 senarius
912 4039 1196 4102 facierum
1245 4061 1524 4105 numerus
1571 4042 1877 4123 perfectus
1931 4042 2041 4117 sit,
2104 4040 2376 4121 sequitur
2427 4042 2824 4124 pyramidem,
2886 4063 3038 4124 quae
3096 4042 3318 4119 deficit,

589 4146 705 4189 non
753 4128 991 4208 quidem
1036 4132 1401 4210 praecedere
1451 4131 1670 4193 debere
1721 4131 1962 4207 cubum,
2015 4139 2082 4191 at
2127 4130 2472 4193 immediate
2521 4132 2710 4211 sequi.

762 4217 1075 4280 Habemus
1126 4238 1231 4280 cur
1276 4220 1435 4282 inter
1463 4220 1681 4283 Jovem
1728 4228 1789 4281 et
1832 4220 2098 4281 Martem
2146 4220 2407 4282 secundo
2455 4220 2588 4281 loco
2636 4219 2718 4281 sit
2762 4218 3052 4301 pyramis,
3118 4218 3321 4301 Supra

588 4304 647 4367 in
697 4324 990 4385 suspenso
1038 4306 1171 4378 fuit,
1222 4310 1377 4388 quod
1428 4326 1642 4388 corpus
1692 4309 1874 4369 tertio
1924 4309 2056 4370 loco
2105 4310 2188 4371 sit
2232 4309 2390 4369 inter
2418 4308 2682 4369 Martem
2729 4316 2794 4369 et
2821 4309 3092 4371 Terram.
3159 4308 3320 4371 Illud

588 4412 731 4455 vero
778 4395 876 4457 hic
922 4396 1101 4457 facile
1154 4395 1468 4459 deciditur.
1548 4394 1701 4458 Cum
1745 4396 1906 4458 enim
1952 4416 1986 4457 e
2030 4396 2330 4477 primariis
2377 4396 2682 4458 residuum
2729 4396 2811 4459 sit
2855 4396 3316 4469 dodecaedrum‚

588 4483 707 4544 erit
755 4483 899 4545 illud
947 4485 1153 4545 ordine
1200 4478 1479 4556 tertium,
1526 4484 1685 4546 inter
1730 4484 1997 4546 Martem
2043 4492 2108 4546 et
2151 4484 2446 4546 Terram:
2508 4486 2583 4546 de
2631 4485 2804 4566 cujus
2848 4484 3320 4565 proprietatibus

588 4570 729 4649 quid
776 4572 1157 4635 sentiendum
1204 4574 1313 4649 sit,
1367 4572 1690 4635 collatione
1739 4592 1875 4635 cum
1920 4572 2217 4655 prioribus
2265 4574 2432 4635 facta
2480 4574 2658 4636 facile
2703 4574 2960 4654 patebit.
