3634 5575
1217 1406 2227 1510 Pnoomssuu.

547 1886 720 1958 Quae
767 1890 1068 1972 Keplerus
1125 1893 1184 1955 in
1231 1893 1384 1956 libro
1431 1893 1506 1955 de
1535 1894 1714 1956 Nova
1741 1892 1941 1957 Stella
1985 1894 2153 1967 (vide
2198 1892 2343 1953 Vol.
2391 1892 2505 1966 11.)
2552 1892 2745 1957 latino
2802 1912 3079 1959 sermone

367 1974 515 2037 viris
561 1978 832 2055 eruditis,
893 1980 995 2061 qui
1041 1991 1254 2045 essent
1305 1982 1430 2045 ista
1492 1982 1737 2059 lecturi,
1799 1983 1875 2043 de
1932 1980 2267 2061 astrologia
2309 1990 2739 2060 proposuerat,
2806 1983 2865 2045 in
2923 1984 3079 2046 libro

369 2064 468 2143 qui
515 2065 787 2145 sequitur
833 2070 1178 2148 germanico
1223 2070 1511 2133 idiomate
1557 2070 1829 2150 pluribus
1876 2068 2141 2149 explicat
2186 2087 2319 2131 cum
2366 2068 2649 2144 eruditis,
2708 2078 2833 2133 tum
2880 2072 3079 2134 homi-

375 2150 550 2215 nibus
599 2152 906 2218 literarum
953 2158 1154 2219 studio
1211 2158 1406 2221 minus
1451 2158 1720 2221 imbutis.
1813 2156 1988 2220 Sicut
2044 2158 2105 2219 in
2154 2156 2306 2219 libro
2358 2156 2631 2235 proxime
2677 2159 3081 2237 praecedente

371 2248 584 2302 contra
627 2240 942 2307 Roslinum
989 2264 1128 2321 eos,
1183 2247 1282 2327 qui
1329 2246 1575 2309 nimium
1618 2247 1958 2309 tribuerent
2002 2244 2390 2325 astrologiae,
2440 2244 2831 2325 refutaverat,
2881 2246 2973 2308 ita
3016 2246 3079 2308 in

371 2328 488 2389 hoc
542 2328 816 2393 defendit
869 2334 1262 2415 astrologiam
1313 2342 1524 2397 contra
1571 2353 1704 2405 eos,
1762 2334 1865 2414 qui
1916 2326 2155 2413 penitus
2220 2352 2355 2395 eam
2400 2340 2671 2393 evertere
2727 2334 3077 2397 studebant.

376 2414 640 2479 Causam
686 2422 1104 2485 conscribendi
1151 2423 1329 2503 hujus
1359 2422 1626 2503 opusculi
1671 2421 1953 2504 praebuit
1980 2420 2243 2499 Keplero
2281 2421 2716 2490 controversia,
2764 2428 2901 2484 orta
2925 2422 3084 2484 inter

373 2504 462 2565 M.
511 2504 736 2569 Melch.
785 2508 1252 2587 Scharerum,
1309 2518 1618 2591 pastorem
1674 2508 2182 2591 Metzingensem,
2243 2516 2307 2569 et
2351 2508 2429 2571 D.
2484 2507 2641 2571 Phil.
2690 2509 3081 2583 Feselium,

376 2592 668 2655 medicum
731 2597 1100 2661 Marchionis
1165 2598 1486 2661 Badensis.
1599 2598 1875 2662 Feselius
1946 2615 2100 2661 anno
2170 2592 2361 2660 1609.
2434 2594 2657 2676 publici
2721 2597 2876 2677 juris
2936 2597 3085 2659 fecit

375 2680 679 2758 libellum,
750 2684 1134 2765 inscriptum:
1207 2686 1685 2764 „Grundtlicher
1737 2686 1991 2749 Discurs
2046 2704 2163 2747 von
2228 2685 2335 2747 der
2388 2684 2748 2765 Astrologia
2806 2684 3082 2748 Judicia-

376 2768 528 2846 ria,“
587 2770 650 2833 in
711 2774 1087 2854 praefatione
1145 2775 1296 2839 baec
1353 2776 1648 2839 afferens:
1705 2775 2053 2856 Metzingae
2110 2793 2175 2836 se
2231 2792 2364 2836 cum
2400 2770 2701 2836 Scharero
2756 2773 2949 2836 multa
3008 2774 3085 2836 de

377 2859 760 2940 astrologicis
827 2863 1340 2943 praedictionibus
1399 2865 1770 2945 disputasse,
1838 2882 2017 2944 quum
2080 2862 2183 2924 ille
2248 2861 2645 2941 astrologiam
2712 2862 3085 2938 defenderet,

376 2947 508 3026 ipse
563 2967 696 3012 eam
754 2961 1165 3031 oppugnaret;
1227 2953 1408 3033 paulo
1463 2960 1608 3033 post
1659 2952 1959 3033 prodiisse
2016 2952 2133 3013 duo
2180 2947 2466 3012 Schareri
2520 2951 2909 3030 prognostica
2954 2953 3083 3024 (au.

386 3031 574 3099 1608.
622 3044 688 3100 et
736 3035 988 3116 1609.,)
1035 3042 1094 3104 in
1143 3041 1355 3123 quibus
1402 3059 1635 3116 omnes,
1685 3041 1784 3122 qui
1832 3059 1947 3102 non
1975 3039 2217 3120 penitus
2262 3037 2489 3101 addicti
2534 3037 2657 3100 sint
2700 3039 3089 3120 astrologiae,

383 3131 664 3190 notentur
708 3128 1042 3191 calumniis.
1136 3131 1338 3203 (Haec
1385 3137 1526 3192 sunt
1573 3129 1700 3209 ejus
1745 3128 1964 3190 verba:
2014 3148 2084 3191 er
2126 3135 2349 3190 nennet
2390 3128 2485 3190 sie
2527 3127 2867 3200 veraclum,
2911 3135 3087 3211 eput-

380 3222 496 3286 ter,
541 3211 826 3291 tenerer,
866 3219 1058 3300 ,qr-obe
1097 3237 1352 3292 nem-en,
1398 3219 1590 3300 yrobe
1627 3215 2172 3302 philosophantem
2227 3215 2720 3298 wider-mecher-
2762 3215 2881 3279 ἀει·
2913 3236 3087 3278 war-

382 3301 527 3378 heic,
575 3305 960 3371 mevi-’sende
1002 3305 1197 3379 Leuc,
1260 3313 1406 3389 yute
1450 3303 1662 3368 albere
1707 3307 1998 3386 tropffm,
2064 3301 2373 3388 cyclopes,
2432 3305 2615 3366 boum
2660 3311 2719 3366 et
2762 3305 3089 3368 asinorum

381 3410 559 3455 voces
621 3393 986 3471 emittentes,
1049 3393 1278 3458 welche
1338 3393 1447 3457 die
1495 3392 1845 3456 &eatur-en
1892 3392 2111 3455 Gottes
2160 3393 2278 3454 mit
2326 3389 2741 3474 Kalbsauyen
2794 3393 3086 3469 amanen,

379 3480 729 3564 vacinniye,
790 3489 1118 3564 yritnteer,
1185 3482 1478 3546 Ιιόηιεσήο
1515 3479 1909 3553 cavillantes,
1972 3480 2080 3543 die
2137 3477 2485 3563 ylezchsam
2531 3479 2687 3542 Gon
2742 3482 2813 3544 in
2874 3483 3089 3544 seim

386 3567 734 3634 Orewaren
775 3572 1106 3636 veraclum
1159 3571 1287 3636 und
1329 3571 1501 3634 aeine
1536 3569 1682 3633 Ehr
1724 3569 2127 3651 ver-oportere.)
2217 3569 2385 3629 Haec
2414 3567 2735 3649 opprobria
2762 3576 2977 3630 contra
3020 3587 3087 3630 se

380 3657 578 3737 ipsum
623 3657 788 3720 dicta
833 3679 971 3722 esse
1015 3667 1192 3740 putat
1226 3659 1530 3736 Feselius3
1579 3665 1646 3720 at
1692 3657 2085 3720 concitatiore
2130 3656 2359 3736 impetu
2396 3655 2681 3736 abreptus
2719 3655 2801 3716 ad
2826 3674 3085 3736 respon-

385 3745 642 3808 dendnm
685 3766 803 3809 non
853 3749 1244 3828 astrologiam
1291 3738 1555 3823 tantum,
1613 3747 1726 3809 sed
1771 3743 2203 3808 astronomiam
2262 3743 2449 3806 etiam
2494 3762 2572 3804 ex
2613 3752 2789 3823 parte
2846 3743 3085 3824 quidem

379 3833 597 3913 rejicit.
689 3835 1008 3916 Keplerus,
1055 3837 1298 3899 vixdum
1345 3837 1630 3899 absoluta
1671 3832 2063 3915 responsione
2096 3835 2173 3896 ad
2200 3831 2535 3906 Rosliunm,
2583 3830 2921 3912 impavidus
2967 3831 3083 3894 im·

379 3928 612 4002 pugnat
656 3923 812 3986 hunc
858 3944 1089 4006 quoque
1139 3926 1451 4001 medicum,
1500 3923 1837 3987 concedens
1884 3941 1979 3997 ea,
2028 3941 2180 4002 quae
2208 3939 2350 3982 vere
2398 3919 2577 4000 objici
2612 3920 2877 4023 possint
2880 3927 3083 3982 astro-

381 4010 609 4092 logiae,
675 4012 926 4075 firmiter
969 4021 1184 4076 tenens
1231 4032 1402 4076 suam
1446 4013 1520 4076 de
1568 4013 1674 4076 illa
1720 4011 2114 4084 sententiam,
2182 4009 2453 4071 refutans
2501 4027 2602 4085 ea,
2661 4027 2813 4090 quae
2859 4007 3095 4088 impru-

381 4099 621 4162 dentius
666 4100 940 4164 Feselius
987 4102 1344 4183 protulisset
1389 4111 1602 4164 contra
1647 4099 2105 4173 astronomiam,
2174 4097 2405 4176 optica,
2463 4097 2717 4178 physica
2770 4106 2837 4158 et
2880 4103 3085 4158 astro-

382 4189 618 4250 nomica
655 4190 744 4262 (ν.
794 4209 847 4252 c.
897 4190 1341 4265 refractionem,
1389 4197 1586 4253 motus
1632 4175 2012 4270 planetarum
2060 4204 2299 4258 causas,
2348 4183 2665 4264 Copernici
2704 4183 3085 4268 hypothesin,

385 4294 553 4338 usum
610 4275 1143 4341 instrumentorum
1200 4278 1764 4351 astronomicorum)
1823 4277 1901 4338 ad
1956 4293 2197 4337 sensum
2256 4274 2608 4355 popularem
2662 4275 3089 4352 vulgaremque

383 4352 864 4429 accommodans.
961 4366 1258 4428 Thesibus
1321 4361 1446 4430 140
1505 4372 1862 4446 argumenta
1914 4363 2139 4426 Feselii
2194 4362 2495 4443 Keplerus
2548 4362 2879 4424 examinat.
2971 4359 3087 4422 Hic

382 4460 584 4516 autem
645 4453 708 4517 in
767 4454 892 4518 illis
939 4454 1308 4536 argumentis
1364 4455 1616 4535 primum
1663 4459 1951 4534 posuerat
2005 4451 2515 4531 imperfectionem
2574 4449 2979 4512 astronomiae
3026 4456 3092 4510 et

383 4542 782 4623 astrologiae;
857 4544 1122 4606 secundo
1184 4551 1538 4624 argumento
1598 4543 2023 4605 auctoritatem
2079 4538 2570 4619 philosophorum
2636 4538 3087 4619 appellaverat;

381 4631 566 4695 tertio
612 4631 1024 4713 inquisiverat,
1074 4646 1202 4714 quo·
1227 4631 1366 4712 jure
1415 4631 1708 4713 astrologi
1751 4631 1814 4692 in
1860 4648 2004 4692 suas
2042 4635 2250 4708 partes
2286 4634 2534 4689 vertant
2568 4627 2755 4689 verba
2782 4627 3089 4689 literarum

382 4737 722 4795 sacrarum3
780 4728 994 4802 quarto
1041 4720 1463 4802 disputaverat
1507 4721 1580 4782 de
1625 4726 1846 4781 natura
1887 4716 2270 4799 planetarum
2284 4763 2303 4790 ,
2360 4734 2437 4777 ex
2480 4715 2747 4795 ipsorum
2792 4715 2983 4794 figura
3026 4720 3091 4776 et

379 4808 580 4871 colore
625 4809 1048 4889 cognoscenda
1057 4827 1077 4884 ς
1125 4808 1332 4892 quinto
1380 4810 1454 4872 de
1501 4806 1876 4890 experientia
1918 4813 2151 4886 egerat,
2199 4823 2379 4887 quam
2423 4822 2598 4866 suum
2642 4803 2705 4866 in
2742 4821 2915 4868 usum
2944 4820 3103 4886 ver-⁴

379 4903 520 4961 tant
564 4896 873 4977 astrologi.

522 5001 700 5057 topini
727 5001 867 5058 opera
891 5001 926 5046 Ι.
1273 5063 1280 5074 .
1738 5033 1743 5044 ι
2598 4993 2675 5064 ⁸5.
