3634 5575
597 363 731 430 224
1277 437 1280 443 Ι
1797 363 2127 415 Prooemium.

600 525 668 576 D.
699 525 898 576 Curtius
925 539 1038 576 eum
1065 525 1248 576 diserte
1273 524 1563 589 appellaret.
1605 527 1658 573 et
1679 523 1977 588 plagiarium
2002 535 2169 572 meum
2192 522 2716 586 insuperinfimlaret.
2766 519 2866 572 Sed
2892 523 3100 578 accidit,
3140 527 3205 570 ut
3228 521 3348 571 dum

602 597 834 648 studiosis
871 597 1161 662 quibusdam
1201 611 1260 646 ex
1297 599 1422 646 meis
1457 593 1591 644 hunc
1619 593 1838 644 laborem
1872 594 2147 658 corrigendi
2177 607 2351 658 operas
2379 591 2761 658 typographicae
2796 596 2847 644 in
2872 595 2968 644 isto
2998 593 3347 658 Epistularum

601 669 722 718 libro
749 668 1176 728 concredidissem,
1223 673 1373 732 atque
1409 667 1504 716 illis
1531 666 1810 730 originalia,
1846 671 1991 729 prout
2025 665 2362 728 manuscripta
2398 671 2565 725 erant,
2604 664 2932 720 tradidissem.
2972 665 3041 722 illi
3082 663 3217 714 nihil
3256 665 3345 713 im-

603 739 897 789 mutandum
936 739 1191 800 duxerint,
1241 753 1400 803 neque
1435 739 1517 786 me
1551 738 1713 801 magis
1749 737 1887 786 seriis
1926 736 2191 786 distentum
2228 736 2542 799 interpellare
2580 737 2690 784 ausi
2725 737 2854 792 sint,
2896 736 3114 802 ideoque
3156 737 3348 791 omnia,

605 816 752 874 prout
790 810 1102 874 autographa
1136 809 1390 860 habebant
1409 844 1423 867 ‚
1475 809 1682 871 imprimi
1717 808 2029 871 permiserint
2046 841 2061 866 ,
2114 807 2281 871 sicque
2317 807 2511 856 incuria
2544 807 2761 871 quadam
2807 807 2995 856 iactum
3042 813 3163 864 est,
3220 807 3351 869 quod

603 882 757 945 ipsius
803 895 984 930 nomen
1032 895 1143 931 cum
1191 880 1422 944 epithetis
1468 879 1704 942 appositis
1749 878 1897 928 isthic
1944 883 2193 928 retentum
2239 877 2317 926 sit.
2392 879 2472 928 Διι
2506 893 2623 927 vero
2656 877 2785 927 haec
2820 877 3073 928 sufficiens
3116 883 3177 927 et
3208 881 3349 939 Justa

605 953 728 1001 satis
763 953 832 1000 sit
865 965 1049 1012 causa,
1098 958 1204 1002 tam
1239 965 1390 1014 supra
1425 964 1620 1000 omnem
1655 949 1855 999 modum
1895 963 2085 1000 vesana
2119 948 2316 999 malitia
2346 950 2397 998 iu
2434 963 2516 998 me
2554 955 2606 999 et
2639 964 2801 1007 meos,
2856 949 3082 1014 adeoque
3122 949 3351 1012 patriam

605 1025 764 1086 ipsam
803 1022 1159 1080 debacchandi,
1197 1022 1330 1073 brevi
1369 1022 1703 1086 dispiciemus.
1776 1019 2029 1070 Potuisset
2065 1020 2291 1084 equidem
2328 1021 2391 1069 de
2428 1021 2625 1082 injuria,
2664 1021 2704 1069 si
2743 1035 2841 1085 qua
2876 1021 3003 1070 foret
3038 1020 3139 1069 sihi
3182 1017 3345 1075 illata,

607 1095 838 1157 conqueri
875 1099 1026 1158 atque
1061 1094 1194 1143 hanc
1230 1094 1376 1143 licitis
1422 1092 1598 1141 mediis
1648 1091 1838 1154 amoliri
1856 1126 1870 1149 ,
1920 1106 2020 1140 non
2071 1097 2240 1141 autem
2278 1105 2338 1139 ex
2386 1090 2591 1141 effraeni
2627 1091 2877 1141 vindictae
2916 1091 3205 1154 cupiditate
3242 1095 3345 1138 tam

604 1165 862 1228 impotenti
900 1167 1064 1214 animo
1101 1165 1279 1222 furere,
1317 1164 1578 1227 omniaque
1614 1163 1762 1227 longe
1801 1163 2048 1211 deteriora
2083 1161 2304 1212 reddere.
2376 1161 2554 1226 Neque
2588 1167 2758 1212 tamen
2797 1169 2888 1218 est,
2908 1199 2921 1206 -
2934 1177 3023 1211 οιιι·
3058 1162 3345 1220 existimes,

605 1236 734 1299 quod
769 1237 820 1284 in
857 1236 1007 1284 istum
1041 1241 1335 1299 nugatorem
1371 1236 1464 1284 sim
1501 1235 1790 1284 commotior
1805 1268 1821 1290 ,
1858 1247 2005 1297 quam
2042 1247 2187 1282 meae
2224 1233 2529 1282 conditiones
2567 1233 2862 1292 admittant,
2900 1239 2958 1282 ut
2994 1239 3052 1282 tu
3094 1229 3344 1294 (candido

605 1314 776 1356 tamen
813 1303 1006 1368 animo)
1054 1306 1204 1356 infers
1221 1341 1237 1364 ,
1291 1321 1392 1355 non
1441 1305 1572 1354 enim
1611 1303 1841 1354 Caesaris
1877 1306 1954 1353 ira
2005 1300 2101 1364 (uti
2137 1304 2338 1368 quidam
2376 1306 2529 1354 etiam
2565 1304 2630 1353 ad
2665 1318 2747 1352 me
2781 1301 3090 1368 perscripsit)
3135 1303 3345 1368 dignum

606 1377 828 1441 arbitror.
901 1379 976 1426 At
1007 1379 1239 1441 quoniam
1277 1383 1452 1426 contra
1482 1379 1563 1438 jus
1601 1381 1654 1424 et
1698 1375 1804 1434 fas,
1862 1381 2130 1439 contraque
2178 1374 2549 1424 laudatissimus
2596 1376 2785 1438 imperii
2838 1377 3231 1425 constitutiones
3268 1389 3346 1423 me

605 1449 786 1510 scripto
822 1447 932 1511 plus
968 1463 1117 1514 quam
1165 1448 1356 1498 famoso
1403 1453 1606 1511 praeter
1649 1459 1845 1495 omnem
1882 1448 2142 1495 veritatem
2182 1452 2235 1494 et
2269 1448 2496 1495 meritum
2532 1459 2695 1495 meum
2733 1445 3059 1496 dehonestare
3100 1446 3345 1509 perfricta

605 1520 764 1568 finnte
801 1526 1009 1568 conatus
1047 1525 1148 1575 est,
1195 1521 1306 1581 Jure
1353 1533 1466 1568 cum
1501 1519 1608 1582 ipso
1647 1518 1729 1582 agi
1767 1517 1976 1574 curabo,
2030 1523 2180 1580 atque
2226 1518 2499 1566 secundum
2545 1517 2683 1581 leges
2733 1518 2927 1580 reprimi
2978 1524 3031 1566 et
3077 1517 3347 1581 castigari.

607 1589 848 1640 Subduxit
885 1591 927 1638 is
965 1603 1020 1638 se
1055 1590 1224 1654 Praga
1257 1591 1308 1638 in
1347 1589 1574 1639 Silesiam
1611 1589 1758 1652 paulo
1795 1592 1909 1650 post
1942 1601 2107 1637 meum
2144 1585 2308 1637 isthuc
2346 1599 2602 1637 accessum
2620 1621 2634 1644 .
2680 1588 2771 1637 sed
2805 1601 2987 1650 nuper,
3026 1589 3103 1637 uti
3144 1589 3346 1643 rescivi,

607 1662 762 1709 tacite
787 1660 947 1710 rediit.
985 1660 1132 1710 Forte
1157 1661 1284 1725 quod
1307 1661 1376 1710 ibi
1400 1674 1478 1710 me
1501 1673 1604 1708 non
1629 1659 1840 1723 amplius
1870 1673 1978 1708 esse
2001 1659 2344 1716 intellexerat;
2379 1663 2435 1707 at
2456 1654 2605 1724 quam
2636 1658 2817 1725 longae
2841 1657 2959 1708 mihi
2994 1661 3101 1708 sint
3140 1673 3343 1716 manus,

608 1731 802 1780 etiamsi
839 1737 1036 1794 praesto
1071 1745 1172 1780 non
1209 1733 1300 1781 sim
1320 1767 1335 1790 ‚
1391 1731 1527 1780 brevi
1562 1732 1614 1779 in
1652 1735 1839 1780 arresto
1878 1729 2108 1778 detentus
2148 1737 2201 1779 et
2238 1735 2414 1792 postea
2449 1727 2501 1779 in
2538 1730 2779 1793 judicium
2814 1735 3095 1794 protractus
3136 1731 3345 1779 sentiet.

751 1800 999 1862 Quoniam
1033 1816 1148 1852 vero
1181 1803 1408 1868 intelligo
1445 1816 1505 1850 ex
1541 1802 1669 1857 tuis,
1713 1806 1767 1850 te
1803 1815 2007 1864 spurcas
2046 1807 2098 1850 et
2133 1799 2361 1850 scurriles
2398 1801 2523 1850 istas
2564 1800 2765 1851 chartas
2802 1816 2901 1850 non
2936 1801 3151 1858 vidisse,
3204 1801 3345 1849 mitto

602 1873 854 1936 exemplar
868 1907 881 1930 ,
931 1879 990 1921 ut
1025 1879 1077 1922 et
1113 1873 1175 1922 de
1211 1879 1303 1922 tua
1347 1872 1556 1936 epistola
1599 1871 1745 1921 isthic
1789 1873 2026 1935 promtius
2072 1871 2303 1935 dispicias
2320 1907 2334 1928 ,
2388 1885 2448 1922 ac
2497 1879 2667 1922 cetera
2716 1872 2885 1938 qualia
2930 1875 3034 1922 sint
3081 1873 3343 1922 aestimes.

601 1942 808 1993 Videbis
843 1945 1044 2008 utique.
1079 1957 1228 2008 quam
1264 1945 1472 2000 insana,
1511 1943 1786 1999 maledica.
1826 1944 2107 1998 conviciosa
2142 1949 2195 1992 et
2230 1942 2419 1992 foetida
2454 1943 2519 1992 sit
2556 1944 2837 2008 compilatio
2852 1978 2867 1998 .
2906 1957 3165 2008 quamque
3203 1957 3345 1992 suum

612 2021 836 2064 autorem
873 2015 1092 2078 apprime
1126 2014 1366 2064 redoleat.
1427 2013 1818 2077 Impudentiores
1856 2013 2129 2064 calumnias
2164 2027 2417 2078 nunquam
2454 2011 2581 2064 forte
2616 2014 2797 2081 legisti.
2853 2015 3143 2064 Abhorrent
3184 2013 3251 2064 ab
3287 2014 3342 2061 iis

615 2099 759 2135 aures
797 2087 1012 2134 omnium
1051 2087 1360 2135 cordatorum
1396 2091 1448 2133 et
1482 2085 1759 2148 proborum.

755 2155 942 2206 Verum
979 2157 1040 2206 de
1077 2158 1172 2205 isto
1210 2156 1360 2206 effero
1394 2155 1523 2205 Urso
1558 2155 1893 2204 Dithmarsico
1930 2153 2039 2217 plus
2076 2155 2227 2215 satis,
2266 2169 2425 2219 neque
2463 2155 2595 2205 euim
2630 2159 2707 2204 tot
2744 2169 2777 2204 a
2810 2161 2862 2204 te
2900 2157 2977 2205 vel
3012 2169 3093 2205 me
3134 2153 3343 2218 prolatis

611 2229 768 2278 verbis
806 2228 982 2293 diguus
1019 2234 1122 2284 est,
1173 2233 1226 2276 et
1260 2229 1301 2276 si
1336 2228 1497 2290 ipsum
1531 2228 1664 2275 intus
1703 2231 1754 2275 et
1787 2227 1841 2274 in
1879 2232 1994 2274 cute
2030 2221 2111 2286 (ut
2148 2222 2313 2288 ajunt)
2351 2239 2519 2275 nosses
2560 2222 2683 2286 (non
2719 2229 2822 2288 jam
2861 2227 3031 2292 loquor
3066 2227 3133 2276 de
3174 2227 3341 2276 scabie

615 2299 836 2356 Gallica,
875 2311 975 2363 qua
1011 2299 1074 2348 ob
1108 2299 1241 2348 vitae
1279 2299 1612 2362 impuritatem
1649 2293 1865 2358 scatet),
1902 2296 2035 2345 idem
2070 2309 2268 2345 mecum
2304 2298 2583 2356 testareris,
2624 2299 2721 2345 imo
2754 2299 2862 2359 iam
2900 2298 3081 2348 dudum
3122 2304 3343 2347 testams

611 2371 804 2420 fuisses.
879 2369 1092 2420 Unicum
1128 2369 1306 2420 saltem
1343 2369 1550 2429 addam,
1589 2367 1887 2432 hypotheses
1922 2372 2119 2416 nostras
2157 2367 2409 2416 asserendi
2446 2381 2626 2424 causa,
2674 2367 2795 2418 licet
2828 2368 2923 2418 hoc
2958 2370 3225 2418 minimum
3264 2369 3341 2424 sit,

612 2448 672 2490 et·
699 2441 845 2505 longe
881 2440 1025 2504 plura
1057 2441 1392 2504 validioraque
1429 2441 1480 2488 in
1515 2444 1708 2502 promtu
1732 2438 1947 2488 habeam
1972 2444 2284 2502 argumenta.
2338 2437 2652 2502 Hypotheses
2687 2438 2797 2488 illas
2836 2454 2967 2490 anno
3008 2437 3155 2490 1584
3194 2454 3229 2491 a
3264 2453 3341 2488 me

611 2513 818 2576 primum
857 2513 1192 2578 excogitatas,
1229 2525 1353 2576 quas
1387 2511 1483 2560 iste
1519 2510 1610 2560 sibi
1649 2523 1881 2574 arrogare
1916 2522 2018 2557 non
2051 2515 2271 2567 veretur,
2320 2509 2471 2573 ipsius
2512 2523 2563 2558 re
2600 2523 2719 2558 vera
2765 2512 3019 2561 inventum
3067 2526 3185 2561 esse
3236 2511 3340 2575 quis

614 2583 892 2641 crediderit,
931 2584 1012 2647 qui
1049 2597 1161 2633 eum
1196 2583 1310 2632 ullis
1347 2581 1768 2632 observationibus
1804 2580 2115 2637 coelestibus,
2154 2580 2286 2629 unde
2324 2592 2483 2630 novae
2506 2579 2803 2643 hypotheses
2844 2583 3173 2639 extruendae,
3212 2595 3339 2630 nuu-

611 2667 760 2719 quam
799 2655 1132 2704 assuefactum
1170 2667 1278 2704 esse
1315 2651 1484 2702 novit?
1539 2651 1642 2701 Imo
1679 2653 1722 2702 si
1757 2652 1903 2701 unius
1938 2651 2193 2714 planetae,
2229 2653 2519 2714 praesertim
2556 2667 2583 2700 e
2620 2653 2774 2701 tribus
2810 2654 3141 2717 superioribus
3182 2667 3336 2716 appa-

611 2731 804 2774 rentem
837 2724 1000 2774 locum
1035 2739 1122 2787 per
1155 2723 1288 2774 hanc
1319 2723 1623 2773 neotericam
1649 2723 2035 2786 suppositionem
2058 2722 2329 2771 secundum
2359 2737 2528 2772 omnes
2552 2722 2971 2786 particularitates
2997 2724 3341 2775 demonstrare

583 2797 858 2861 mequierit
894 2793 992 2859 (uti
1028 2798 1109 2845 vix
1141 2792 1376 2859 poterit),
1415 2797 1496 2845 cui
1531 2808 1721 2877 quaeso
1752 2794 2047 2859 intelligenti
2082 2807 2226 2843 suum
2262 2808 2372 2843 esse
2407 2794 2661 2845 inventum
2698 2795 2847 2845 fidem
2883 2796 3073 2847 faciet?

757 2866 858 2917 Sed
893 2882 992 2915 non
1028 2867 1111 2916 ille
1146 2867 1353 2925 saltem,
1390 2880 1560 2915 verum
1596 2872 1648 2914 et
1685 2859 1797 2923 alii,
1837 2865 1954 2915 dum
1991 2878 2083 2929 ego
2120 2878 2237 2914 mea
2270 2880 2438 2928 premo
2474 2872 2623 2929 atque
2658 2868 2710 2915 in
2745 2866 2907 2917 lucem
2940 2868 3087 2918 edere
3112 2872 3336 2926 cunctor,

613 2938 746 2987 hanc
782 2938 1199 3002 excogitationem
1236 2938 1327 2986 sibi
1363 2938 1633 2986 attribuere
1671 2938 1776 2985 ausi
1814 2943 1952 2985 sunt.
2026 2936 2161 2984 Inter
2208 2950 2327 3000 quos
2373 2942 2451 2985 est
2488 2936 2664 2987 Scotus
2706 2939 2910 3003 quidam
2927 2974 2942 2997 ,
2990 2938 3338 2989 Duncanus

615 3010 830 3065 nomine,
868 3008 1166 3057 Helmstadii
1203 3006 1338 3057 Med.
1377 3015 1430 3057 et
1465 3007 1627 3057 Math.
1663 3008 1940 3071 professor,
1993 3008 2075 3069 qui
2113 3020 2225 3055 cum
2260 3007 2391 3056 hanc
2426 3009 2671 3059 rationem
2708 3023 2742 3059 a
2775 3024 2857 3059 me
2892 3012 2945 3059 in
2979 3009 3154 3060 Dania.
3194 3023 3335 3060 acce-

614 3082 784 3145 pisset,
823 3093 936 3128 eam
971 3080 1178 3143 primum
1215 3078 1470 3128 Rostochii
1505 3080 1733 3141 privatim
1770 3080 1873 3127 suis
1910 3077 2160 3141 discipulis
2198 3078 2407 3127 dictavit
2420 3113 2434 3136 ‚
2472 3092 2567 3128 nec
2603 3094 2769 3130 meam
2806 3096 2912 3131 esse
2949 3082 3207 3132 inficiatus
3246 3086 3333 3137 est,

615 3151 702 3200 sed
737 3150 1074 3211 Tychonicsm
1110 3150 1238 3199 ultro
1275 3150 1558 3214 appellavit,
1593 3150 1724 3214 quod
1757 3150 1809 3197 iu
1845 3150 2113 3212 propinquo
2152 3162 2329 3207 essem,
2369 3156 2420 3198 et
2456 3164 2552 3208 me,
2596 3152 2637 3200 si
2675 3151 2820 3202 aliter
2853 3151 3060 3214 faceret,
3100 3153 3151 3201 id
3190 3150 3336 3203 facile

611 3222 878 3273 resciscere
913 3235 1057 3285 posse
1094 3226 1355 3271 vereretur.
1431 3219 1573 3271 Clam
1607 3228 1779 3270 tamen
1815 3221 1874 3269 iis
1888 3255 1903 3278 ‚
1943 3220 2115 3284 quibus
2150 3220 2363 3269 maxime
2399 3221 2613 3281 fidebat,
2668 3224 2919 3287 discipulis
2954 3226 3006 3273 in
3044 3238 3220 3273 aurem
3254 3238 3331 3271 su-

613 3292 868 3350 surrabat,
907 3306 962 3342 se
999 3293 1196 3357 quidem
1230 3291 1428 3342 honoris
1465 3304 1623 3341 causa
1659 3304 1772 3341 eam
1807 3290 2103 3355 hypothesin
2136 3291 2257 3339 mihi
2293 3291 2599 3350 adscribere,
2636 3299 2693 3343 ut
2727 3294 2836 3357 plus
2872 3296 3066 3361 gratiae
3104 3300 3157 3344 et
3198 3300 3334 3343 auto·

613 3364 772 3413 ritatis
807 3364 992 3418 habere
1025 3366 1181 3427 possit
1217 3364 1349 3427 apud
1387 3363 1637 3413 auditores
1683 3376 1796 3411 suos
1812 3398 1827 3420 ,
1882 3376 2056 3412 revera
2100 3367 2269 3410 tamen
2314 3376 2459 3416 suam
2504 3364 2655 3426 ipsius
2708 3378 2819 3415 esse
2832 3401 2847 3424 ‚
2898 3367 3029 3430 quod
3074 3372 3128 3415 et
3160 3373 3335 3429 postea

613 3434 910 3485 Helmstadii
947 3436 1176 3485 remotior
1211 3448 1246 3485 a
1278 3449 1359 3484 me
1393 3434 1559 3485 factus
1597 3433 1859 3484 audentius
1897 3439 1949 3483 et
1982 3434 2357 3483 inverecundius
2393 3435 2650 3483 commisit.
2712 3434 2813 3486 Sed
2848 3438 2949 3488 ista
2984 3438 3121 3487 fraus
3160 3445 3216 3487 et
3248 3438 3330 3485 im-

613 3513 818 3569 posturs
855 3520 966 3555 cum
1004 3505 1068 3555 ab
1097 3506 1232 3566 aliis,
1270 3512 1377 3555 tum
1403 3506 1694 3569 praesertim
1717 3504 1784 3553 D.
1806 3504 1872 3553 D.
1900 3503 2036 3553 Dan.
2066 3502 2353 3553 Cramero
2370 3538 2383 3561 ,
2424 3504 2556 3568 apud
2577 3505 2893 3558 Stetiuenses
2918 3508 3070 3558 Verbi
3094 3510 3331 3562 ministro,

613 3579 716 3626 viro
751 3576 1065 3641 singulariter
1103 3577 1291 3627 erudito
1308 3613 1323 3635 ,
1361 3578 1444 3641 qui
1483 3575 1618 3626 Scoti
1653 3577 1795 3625 istius
1832 3574 2089 3624 Rostochii
2126 3575 2241 3624 olim
2277 3576 2471 3625 auditor
2508 3584 2618 3627 erat
2633 3613 2647 3636 ‚
2687 3578 2890 3629 detecta
2925 3586 3019 3629 est.
3094 3578 3152 3630 Si
3188 3580 3332 3627 otium

615 3648 930 3712 superfuerit,
979 3648 1158 3698 curabo
1197 3648 1474 3711 exemplum
1509 3647 1760 3697 literarum
1811 3650 1918 3709 ejus
1956 3646 2021 3696 ad
2060 3645 2315 3712 Oligerum
2352 3646 2803 3699 Rosaekrantzium
2838 3666 3002 3701 meum
3041 3650 3330 3715 consangui-

615 3734 762 3777 neum
799 3719 899 3769 hac
935 3720 997 3769 de
1031 3734 1087 3769 re
1124 3720 1446 3783 scriptarum.
1487 3719 1624 3769 hisce
1661 3719 1860 3783 apponi.

759 3790 842 3841 Sic
879 3804 1070 3855 quoque
1101 3790 1462 3848 Roeslinus,
1498 3791 1619 3840 licet
1653 3791 1814 3855 magis
1852 3794 2017 3840 astute
2054 3794 2107 3839 et
2142 3794 2309 3845 caute,
2345 3803 2461 3839 mea.
2496 3804 2581 3853 pro
2607 3791 2709 3840 suis
2734 3792 2991 3843 venditare
3016 3793 3327 3856 praesumsit.

614 3864 690 3912 ita
724 3869 912 3920 tamen,
948 3869 1007 3911 ut
1039 3862 1158 3911 mihi
1193 3861 1326 3911 hanc
1363 3860 1752 3925 speculationem
1785 3876 1887 3910 non
1924 3860 2191 3925 derogarit,
2230 3861 2319 3910 sed
2354 3874 2408 3910 se
2446 3875 2584 3919 eam,
2618 3868 2885 3927 postquam
2922 3864 3100 3914 similia
3136 3864 3329 3914 adinve-

615 3935 787 3995 nisset,
824 3934 874 3982 in
912 3932 1033 3981 libro
1069 3947 1180 3983 meo
1219 3933 1280 3982 de
1307 3931 1518 3982 Cometa
1553 3947 1601 3982 a.
1629 3928 1695 3979 77
1734 3933 1973 3995 reperisse
2008 3932 2211 3983 fatetur.
2268 3931 2512 3997 Egregius
2549 3946 2672 3982 sane
2708 3934 2865 3992 fucus,
2905 3937 2947 3985 si
2983 3935 3131 3985 fidem
3169 3934 3331 3985 mereri

616 4010 800 4067 posset,
837 4018 954 4053 nam
989 4002 1114 4053 liber
1147 4003 1229 4053 ille
1263 4018 1420 4059 meus.
1460 4006 1599 4066 cujus
1635 4003 1879 4060 meminit,
1916 4018 2003 4066 per
2040 4000 2071 4049 9
2100 4016 2268 4053 ,annos
2308 4009 2463 4053 antea
2498 4004 2760 4067 impressus
2798 4012 2909 4056 erat
2945 4014 2997 4057 et
3028 4006 3243 4071 plurima
3276 4005 3331 4054 de

616 4076 714 4124 hac
753 4088 788 4125 a
823 4088 902 4123 me
944 4074 1226 4125 introducta
1261 4074 1548 4125 coelestium
1583 4074 1943 4123 revolutionum
1968 4074 2284 4137 dispositione
2316 4076 2421 4137 jam
2456 4076 2791 4127 innotuerant.
2850 4078 2921 4126 At
2954 4079 2995 4127 si
3031 4078 3153 4127 nihil
3190 4076 3330 4130 aliud.

615 4146 667 4196 id
703 4145 882 4196 saltem
920 4152 973 4194 et
1003 4158 1154 4209 quam
1188 4146 1404 4195 maxime
1441 4146 1662 4195 fraudem
1686 4146 1867 4209 prodit,
1904 4145 2048 4209 quod,
2088 4145 2202 4194 dum
2226 4145 2358 4195 hanc
2380 4145 2693 4209 hypothesin,
2730 4154 2789 4197 ut
2823 4163 2939 4199 suus
2975 4149 3118 4199 fieret
3150 4156 3327 4214 partus,

617 4220 666 4266 in
704 4216 950 4266 nonnullis
988 4216 1134 4265 aliter
1169 4218 1378 4267 formare
1413 4220 1625 4267 'conatus
1661 4218 1727 4266 sit
1764 4230 1972 4280 eamque
2009 4216 2272 4265 emendare
2285 4252 2299 4274 ‚
2346 4218 2401 4265 iu
2436 4232 2659 4268 enormes
2696 4220 3029 4270 absurditates
3064 4219 3327 4285 impegerit.

615 4291 774 4352 ipsam
819 4288 1157 4351 symmetriam
1211 4302 1272 4337 ac
1326 4289 1686 4352 proportionem
1742 4288 2099 4338 revolutionum
2152 4288 2525 4337 interturbaudo
2576 4296 2726 4355 atque
2774 4291 2837 4340 ab
2886 4292 3003 4355 ipsis
3040 4290 3332 4356 apparentiis

617 4360 970 4411 alienissimam
1005 4358 1306 4417 statuend03
1361 4366 1420 4407 ut
1453 4360 1570 4409 inde
1606 4360 1730 4410 satis
1778 4358 1993 4423 liqueat,
2048 4372 2161 4407 eum
2205 4373 2304 4408 non
2352 4359 2531 4409 saltem
2566 4359 2657 4410 has
2694 4362 2993 4426 hypotheses
3030 4376 3329 4429 nequaquam

615 4430 912 4495 intelligere,
946 4430 1130 4479 nedum
1165 4436 1224 4481 ut
1260 4444 1430 4481 earum
1467 4438 1613 4481 autor
1649 4433 1728 4491 sit,
1768 4431 1857 4481 sed
1894 4444 1959 4479 ne
1996 4430 2193 4495 quidem
2228 4430 2357 4480 ullas
2394 4431 2539 4489 alias,
2573 4433 2673 4484 imo
2698 4436 3032 4487 astronomiae
3065 4434 3331 4499 penetralis

619 4502 834 4552 necdum
869 4503 1236 4566 introspexisse.

760 4590 1080 4657 Maginum
1115 4590 1298 4641 Italum
1335 4604 1587 4656 nunquam
1615 4590 1935 4640 existimarim
1959 4588 2062 4640 tale
2086 4590 2204 4653 quid
2228 4589 2510 4641 affectasse.
2570 4592 2717 4666 Quod
2750 4594 2793 4643 si
2826 4593 2963 4655 fecit,
3000 4594 3155 4645 literis
3189 4605 3329 4643 manu

619 4663 818 4727 propria
853 4663 920 4712 ad
953 4676 1035 4712 me
1061 4663 1207 4721 datis,
1247 4663 1422 4727 quibus
1457 4676 1512 4711 se
1549 4662 1686 4711 illam
1721 4662 2017 4726 hypothesin
2054 4676 2114 4711 ex
2148 4662 2269 4711 libro
2306 4668 2472 4712 nostro
2508 4665 2725 4714 secundo
2754 4663 2815 4714 de
2840 4664 3087 4715 aethereis
3121 4667 3325 4731 phaeno-

619 4734 776 4782 menis
811 4734 1021 4798 primum
1055 4736 1380 4811 perspexisse,
1421 4734 1609 4799 sibique
1648 4735 1867 4797 apprime
1902 4732 2119 4797 placere,
2156 4732 2301 4782 modo
2329 4732 2505 4783 Martis
2531 4736 2657 4785 orbis
2684 4734 2905 4785 Solarem
2940 4737 3152 4787 transire
3178 4739 3329 4802 posset

621 4802 842 4869 (putavit
877 4806 1010 4855 enim
1046 4820 1108 4855 ex
1133 4792 1348 4871 vulgata'
1368 4806 1636 4864 sententia,
1673 4804 1837 4855 reales
1874 4818 1985 4855 esse
2021 4805 2074 4854 in
2110 4805 2246 4854 coelo
2285 4802 2468 4866 orbes),
2508 4806 2670 4857 fassus
2710 4814 2802 4865 est,
2842 4810 3092 4859 contraria
3128 4807 3330 4859 admisit.

619 4878 668 4927 Δ
703 4874 912 4943 Magino
946 4888 1089 4935 vero,
1134 4878 1178 4927 si
1211 4878 1296 4943 qni
1332 4877 1418 4927 alii
1451 4876 1600 4941 hujus
1635 4876 1986 4941 speculationis
2024 4876 2208 4928 conscii
2244 4882 2387 4935 sunt,
2434 4875 2530 4929 hac
2571 4879 2833 4931 occasione
2868 4877 3179 4941 habuerunt,
3215 4881 3331 4931 inter
