3634 5575
1471 426 1646 469 eontra
1681 416 1877 471 Ursum.
2906 418 3032 487 241

495 572 658 644 Quid
702 572 916 653 igitur,
973 594 1051 636 an
1097 594 1216 637 non
1275 574 1632 639 alterutram
1688 577 2111 659 hypothesium
2156 576 2321 641 circa
2365 578 2621 657 primum
2666 587 2893 643 motum
2938 582 3039 656 (ut

321 663 592 741 exemplo
639 664 978 743 loquamur)
1027 664 1249 726 falsam
1295 684 1432 727 esse
1477 683 1728 727 necesse
1775 674 1893 740 est,
1946 673 2053 728 aut
2096 685 2253 739 eam,
2301 686 2453 746 quae
2486 668 2733 729 Terram
2780 668 2871 730 ait
2898 688 3035 731 mo-

323 752 444 813 ieri
487 752 654 813 intra
698 751 960 821 coelum,
1019 761 1125 814 aut
1169 772 1322 828 eam,
1373 772 1528 835 quae
1573 754 1804 815 coelum
1851 755 1981 816 vult
2038 756 2241 836 gyrari
2287 756 2449 818 circa
2493 756 2781 819 Terram?
2872 756 3035 819 Sane
3130 814 3141 821 .

319 842 370 901 si
417 826 908 901 contradictoria
933 840 1108 903 simul
1154 859 1300 903 vera
1344 852 1644 922 nequeunt
1677 862 1833 917 esse,
1884 860 2073 921 neque
2104 843 2253 906 haec
2284 845 2399 907 duo
2429 844 2606 907 simul
2642 864 2789 907 vera
2831 855 3037 920 erunt;

317 929 426 991 sed
474 930 732 990 alterum
777 929 1016 991 omniuo
1084 930 1322 992 falsum.
1415 929 1506 992 At
1544 939 1814 1033 ‘utroque
1874 932 2051 992 modo
2108 932 2265 994 idem
2322 933 2397 994 de
2456 934 2647 1012 primo
2708 941 2875 996 motu
2922 935 3031 996 de·

317 1026 706 1079 monstratur.
797 1016 1066 1079 Eaedem
1122 1027 1450 1099 sequuntur
1509 1019 1812 1099 signorum
1874 1020 2269 1094 emersiones,
2321 1020 2505 1082 iidem
2553 1022 2703 1098 dies,
2754 1030 2923 1085 ortus
2972 1030 3037 1083 et

319 1124 570 1167 occasus
619 1105 960 1179 stellarum,
1029 1108 1276 1169 eaedem
1323 1106 1650 1187 qualitates
1709 1107 1995 1170 noctium.
2098 1108 2197 1169 Ex
2252 1110 2409 1170 falso
2468 1110 2651 1189 igitur
2717 1128 2905 1190 aeque
2963 1129 3035 1172 ac

318 1214 392 1257 ex
435 1213 580 1256 vero
627 1212 830 1255 verum
879 1196 1186 1275 seqnitur?
1275 1195 1522 1257 Minime
1572 1196 1860 1275 gentium.
1952 1196 2089 1259 Non
2121 1197 2275 1257 enim
2314 1198 2485 1273 haec,
2534 1218 2685 1279 quae
2732 1200 3036 1261 recensita

315 1291 455 1347 sunt
518 1290 584 1343 et
645 1282 808 1344 mille
857 1283 1006 1357 alia,
1063 1283 1158 1344 vel
1205 1292 1450 1363 propter
1495 1285 1720 1347 Terrae
1783 1286 1883 1345 vel
1944 1294 2193 1365 propter
2240 1285 2393 1349 coeli
2450 1295 2679 1349 motum
2726 1288 3031 1362 eveniunt,

315 1380 612 1453 quatenus
659 1371 712 1431 is
761 1371 984 1433 Terrae
1031 1373 1130 1434 vel
1177 1373 1328 1434 coeli
1365 1382 1562 1435 motus
1611 1381 1744 1435 est:
1805 1374 1911 1434 sed
1960 1382 2256 1453 quatenus
2314 1375 2637 1437 intercedit
2682 1376 2841 1437 inter
2886 1393 3032 1437 coe-

317 1462 432 1522 lum
484 1469 548 1522 et
593 1460 844 1521 Terram
893 1460 1095 1540 aliqua
1140 1461 1447 1540 separatio
1495 1481 1675 1541 super
1720 1468 1921 1523 tractu
1968 1462 2249 1541 quodam,
2302 1463 2399 1542 qui
2438 1464 2703 1544 legitime
2752 1462 2831 1525 ad
2874 1464 3036 1525 viam

315 1548 478 1611 Solis
526 1549 608 1610 sit
663 1548 952 1617 inflexus,
1019 1558 1385 1629 utrocunque
1442 1550 1572 1629 jam
1621 1568 1867 1629 corpore
1928 1550 2035 1611 illa
2086 1552 2394 1629 separatio
2450 1553 2811 1631 perficiatur.
2902 1551 3034 1613 De-

315 1644 728 1699 monstrantur
769 1635 954 1716 igitur
1000 1646 1142 1698 ante
1155 1638 1358 1703 atficta
1401 1657 1511 1717 per
1557 1639 1706 1699 duas
1754 1639 2152 1721 hypotheses,
2210 1650 2505 1721 quatenus
2550 1640 2691 1703 illae
2738 1648 2880 1703 sunt
2924 1640 3035 1702 suh

315 1744 700 1806 uno·genere,
745 1744 862 1786 non
909 1732 1222 1806 quatenus·
1251 1726 1409 1788 inter
1435 1745 1502 1788 se
1531 1728 1833 1789 differunt.
1928 1726 2083 1789 Cum
2120 1746 2263 1809 ergo
2293 1747 2481 1791 causa
2508 1729 3037 1792 demonstrationis

313 1834 494 1879 unum
537 1814 691 1889 sint,
741 1832 928 1876 causa
973 1814 1506 1877 demonstrationis
1563 1816 1748 1878 etiam
1793 1834 1913 1877 non
1962 1825 2137 1880 erunt
2198 1817 2685 1881 contradictoria.
2778 1817 2872 1880 Ac
2918 1817 3037 1879 etsi

311 1904 433 1967 illis
481 1904 818 1966 adhaereat
871 1903 1268 1965 contradictio
1315 1904 1569 1985 physica
1587 1952 1604 1979 ‚
1673 1904 1780 1966 illa
1819 1914 2023 1967 tamen
2072 1906 2646 1968 demonstrationem
2692 1907 2823 1987 jam
2886 1906 3037 1969 nihil

313 1993 556 2055 attinet.
651 1992 788 2053 Non
835 1989 1020 2071 igitur
1066 2000 1130 2053 et
1177 2011 1254 2053 ex
1298 2011 1443 2055 vero
1492 2001 1554 2054 et
1599 2012 1676 2053 ex
1723 1992 1881 2054 falso
1927 2012 2131 2055 verum
2170 1995 2339 2075 sequi
2386 1994 2501 2056 hoc
2538 1994 2777 2075 quidem
2824 2014 3032 2057 exem-

310 2083 412 2161 plo
477 2080 800 2160 probatum
839 2088 969 2142 ·est.
1062 2079 1188 2143 Sed
1247 2082 1444 2144 acrius
1502 2082 1764 2143 fortasse
1809 2099 1923 2143 nos
1981 2082 2221 2161 urgebit
2274 2083 2653 2144 notissimum
2698 2082 3035 2163 exemplum

313 2171 388 2233 de
437 2168 818 2231 concentrico
864 2188 998 2231 cum
1045 2170 1344 2251 epicyclo,
1411 2169 1512 2250 qui
1557 2170 1927 2250 aequipollet
1980 2170 2336 2233 eccentrico.
2430 2172 2529 2232 An
2578 2190 2727 2246 non,
2794 2170 2847 2232 si
2890 2171 3032 2253 pla-

312 2266 462 2321 neta
505 2278 616 2320 seu
661 2258 938 2338 quicquid
985 2257 1050 2319 id
1095 2265 1194 2321 est
1241 2259 1398 2339 quod
1444 2258 1752 2339 planetam
1797 2258 2031 2333 incitat,
2082 2267 2351 2321 centrum
2392 2259 2714 2321 eccentrici
2759 2259 2819 2319 in
2868 2266 3035 2321 motu

313 2366 424 2409 suo
470 2345 740 2426 respicit,
789 2352 1062 2409 centrum
1109 2346 1364 2428 epicycli
1409 2347 1589 2409 simul
1634 2366 1750 2408 non
1781 2346 2105 2425 respiciet?
2196 2345 2372 2417 Quod
2402 2347 2453 2409 si
2492 2347 2625 2428 quis
2656 2354 3036 2409 astronomus

313 2437 428 2497 hoc
477 2434 806 2497 affirmabit
869 2435 1030 2499 alter
1071 2435 1218 2499 illud
1238 2482 1255 2510 ,
1329 2436 1550 2497 falsum
1595 2434 1672 2496 ab
1719 2436 2011 2513 ulterutro
2059 2434 2177 2497 dici
2224 2454 2417 2496 nonne
2458 2454 2707 2521 necesse
2737 2443 2851 2510 est,
2903 2454 3037 2497 cum

313 2534 518 2587 tamen
577 2524 738 2585 idem
798 2532 1050 2604 uterque
1113 2524 1516 2599 demonstret,
1597 2523 1837 2603 aequali
1900 2523 2135 2585 scilicet
2188 2534 2469 2586 manente
2528 2524 2813 2604 planetae
2868 2532 3035 2586 motu

315 2632 542 2675 moram
601 2620 806 2675 tamen
866 2613 996 2693 ejus
1060 2612 1122 2675 in
1177 2631 1293 2675 uno
1351 2612 1726 2674 semicirculo
1791 2610 2119 2691 longiorem
2176 2612 2343 2674 fieri?
2449 2612 2565 2673 Ex·
2610 2612 2765 2674 falso
2827 2611 3035 2693 itaque

313 2720 506 2783 aeque
553 2720 626 2763 ac
671 2718 748 2762 ex
792 2719 938 2763 vero
984 2719 1193 2771 verum
1241 2720 1438 2763 nonne
1483 2700 1570 2763 sic
1610 2700 1919 2781 sequitur?
2010 2700 2255 2762 Minime
2286 2702 2584 2781 gentium:
2635 2702 2845 2763 eadem
2876 2702 3035 2763 enim

314 2792 650 2872 respondeo
723 2809 876 2874 quae
923 2809 1124 2870 supra.
1236 2791 1307 2852 Id
1364 2809 1479 2871 quo
1525 2791 1863 2860 conficitur,
1922 2809 2123 2852 moras
2188 2790 2249 2851 in
2307 2791 2597 2853 alterutro
2664 2790 3032 2853 semicirculo

317 2881 618 2960 longiores
665 2879 824 2954 fieri,
877 2879 954 2940 ab
999 2888 1254 2960 utroque
1301 2879 1546 2954 dicitur,
1615 2887 1680 2940 et
1725 2879 1802 2940 ab
1852 2898 1923 2941 eo
1984 2878 2082 2958 qui
2130 2879 2527 2942 eccentricum
2571 2879 2777 2960 ponit,
2846 2886 2911 2940 et
2954 2879 3031 2941 ab

313 2989 384 3030 eo
435 2967 534 3050 qui
581 2967 1022 3030 concentricum
1087 2985 1223 3030 cum
1268 2967 1554 3048 epicyclo.
1648 2967 1808 3029 Nam
1854 2976 2105 3048 uterque
2155 2968 2437 3048 generale
2484 2969 2596 3032 hoc
2644 2968 2847 3043 affert,
2896 2986 3031 3029 ma-

308 3060 502 3138 jorem
547 3047 756 3120 circuli
817 3057 1140 3135 planetarii
1199 3057 1535 3135 portionem
1583 3076 1718 3118 esse
1777 3055 1835 3118 in
1885 3057 1987 3119 illo
2043 3057 2437 3119 semicirculo.
2528 3057 2659 3118 Hoc
2714 3056 3033 3136 genuinum

313 3145 846 3208 demonstrationis
901 3151 968 3206 et
1011 3154 1412 3226 coaequatum
1455 3145 1714 3207 medium
1760 3164 1893 3206 cum
1940 3145 2085 3207 insit
2142 3146 2203 3207 in
2252 3153 2503 3226 utraque
2552 3145 2872 3228 hypothesi
2917 3163 3030 3226 ge·-

311 3234 620 3310 neraliter,
668 3233 817 3296 nihil
855 3233 986 3314 jam
1035 3234 1606 3297 demonstrationem
1657 3233 2017 3310 attinebant,
2058 3253 2209 3314 quae
2256 3242 2505 3314 uterque
2536 3233 2735 3296 dicit
2717 3253 2777 3294 ιιι
2808 3235 3030 3314 specie,

311 3323 446 3386 sive
489 3331 718 3402 pugnet
763 3323 874 3384 illa
937 3321 1064 3382 sive
1113 3342 1254 3384 non.
1344 3323 1557 3402 Neque
1605 3341 1754 3384 sane
1799 3323 2063 3401 planetis
2104 3322 2309 3384 oculos
2356 3332 2417 3385 et
2462 3323 2793 3384 discursum
2840 3323 3029 3384 intel-

313 3415 510 3475 lectus
559 3413 882 3474 humanum
929 3410 1264 3486 tribuimus,
1315 3417 1383 3473 ut
1429 3411 1566 3473 sibi·
1593 3411 1814 3472 circino
1863 3411 1959 3472 vel
2008 3412 2119 3472 hoc
2164 3411 2261 3472 vel
2290 3411 2437 3472 illud
2465 3419 2747 3491 punctum
2780 3411 3043 3490 signent,

311 3502 584 3582 haecque
645 3519 796 3582 quae
855 3499 980 3561 dixi
1043 3500 1337 3578 specialia
1383 3500 1474 3560 sui
1539 3501 1742 3578 potius
1789 3508 2035 3579 captus,
2107 3517 2284 3578 quam
2331 3499 2728 3578 explicandae
2788 3495 3041 3561 naturae

309 3609 504 3652 causa
548 3589 936 3652 introducunt
981 3588 1265 3650 artifices.
1355 3588 1494 3650 Non
1545 3596 1641 3649 est
1687 3587 1871 3667 igitur
1918 3587 2105 3668 digna
2132 3587 2366 3648 nomine
2395 3586 2803 3668 hypotheseos
2835 3595 3039 3648 astro·-

309 3679 586 3742 nomicae
641 3679 742 3740 vel
789 3677 940 3738 haec
997 3677 1098 3738 vel
1143 3677 1252 3738 illa
1297 3677 1661 3756 suppositiO,
1731 3676 1839 3737 sed
1906 3675 1967 3737 id
2026 3675 2227 3755 potius
2286 3676 2442 3756 quod
2488 3676 2721 3754 utrique
2769 3693 3041 3737 commu-

311 3769 474 3830 niter
517 3767 696 3842 inest,
745 3767 884 3828 dum
932 3783 1018 3826 sc.
1069 3764 1400 3827 assumitur
1446 3773 1510 3826 et
1557 3767 1911 3844 supponitur
1959 3773 2127 3826 certa
2174 3771 2238 3826 et
2266 3764 2542 3825 dimensa
2568 3763 2765 3842 portio
2814 3763 3037 3839 circuli,

311 3875 492 3938 quem
545 3857 796 3936 planeta
841 3854 1136 3928 decurrit,
1199 3872 1353 3933 quae
1401 3853 1484 3915 sit
1538 3853 1596 3914 in
1645 3873 1762 3916 uno
1811 3853 2017 3916 circuli
2063 3853 2296 3915 zodiaci
2346 3853 2619 3914 semisse.
2712 3851 2883 3914 Haec
2939 3851 3037 3913 in-

311 3963 492 4026 quam
557 3944 803 4006 tandem
850 3951 948 4004 est
1006 3941 1362 4024 hypothesis
1421 3943 1619 4022 justa,
1689 3961 1806 4022 qua
1870 3941 2179 4022 longitudo
2236 3960 2439 4003 morae
2494 3941 2781 4020 planetae
2826 3940 2889 4001 in
2936 3939 3041 4001 illo

315 4033 698 4096 semicirculo
745 4033 1212 4094 demonstretur.
1307 4030 1520 4110 Itaque
1569 4039 1636 4092 ut
1681 4031 2061 4099 concludam,
2124 4033 2317 4092 omnis
2364 4030 2424 4092 in
2474 4029 2845 4091 astronomia
2890 4046 3040 4090 con·-

311 4123 504 4185 clusio
561 4140 678 4183 non
735 4120 854 4182 nisi
913 4118 991 4180 ab
1050 4138 1164 4180 uno
1221 4125 1286 4180 et
1331 4120 1541 4179 eodem
1588 4119 1785 4181 medio
1842 4120 2147 4198 perficitur
2194 4127 2257 4179 et
2301 4119 2657 4181 uniformem
2706 4117 3044 4197 praemittit

313 4209 710 4292 hypothesin:
761 4208 878 4270 etsi
923 4207 1034 4270 illa
1079 4227 1118 4268 a
1163 4225 1228 4268 se
1274 4207 1410 4286 ipsa
1438 4206 1704 4281 differat,
1755 4213 2049 4288 quatenus
2080 4213 2255 4268 extra
2291 4209 2445 4268 hanc
2472 4205 3045 4268 demonstrationem

315 4299 756 4362 consideratur.
850 4297 936 4359 Et
980 4295 1278 4371 vicissim,
1307 4305 1314 4324 ¹
1341 4295 1648 4374 quaelibet
1693 4295 2076 4375 hypothesis,
2146 4295 2198 4356 si
2246 4304 2531 4357 accurate
2577 4295 3041 4368 consideremus,

311 4389 619 4470 propriam
684 4404 793 4448 nec
833 4385 940 4448 ulli
988 4383 1094 4447 alii
1139 4383 1464 4465 hypothesi
1511 4401 1879 4445 communem
1940 4386 2180 4464 penitus
2236 4385 2514 4462 producit
2578 4383 3040 4444 conclusionem.

311 4477 445 4539 Nec
493 4477 622 4537 fieri
665 4482 870 4555 potest
907 4475 966 4536 in
1018 4473 1416 4547 astronomia,
1469 4480 1536 4534 ut
1581 4491 1658 4533 ex
1706 4474 1867 4534 omni
1912 4481 2085 4551 parte
2132 4492 2336 4534 verum
2386 4473 2497 4546 sit,
2560 4471 2715 4552 quod
2764 4489 2840 4532 ex
2888 4471 3047 4532 falsa

309 4565 594 4646 primitus
640 4563 962 4646 hypothesi
1008 4563 1122 4624 fuit
1167 4569 1537 4623 extructum·
1587 4570 1649 4622 et
1696 4561 1946 4640 proinde
1978 4562 2410 4644 hypothesibus
2458 4561 2569 4620 hoc
2600 4567 2698 4620 est
2738 4560 3045 4639 proprium

315 4655 405 4728 (si
453 4654 652 4716 ideam
697 4655 996 4732 fingamus
1043 4652 1342 4731 justarum
1403 4649 1887 4732 hypothesium),
1924 4658 2013 4713 ut
2070 4651 2192 4712 sint
2238 4649 2657 4752 undiquaque
2662 4665 2875 4710 verae:
2934 4667 3046 4710 nec

315 4749 418 4806 est
476 4740 842 4817 astronomi,
923 4741 1216 4802 scientem
1281 4738 1473 4800 falsas
1539 4754 1877 4816 supponere
1949 4740 2047 4801 vel
2106 4739 2419 4858 ingeniose
2495 4738 2787 4799 confictas
2846 4738 3041 4820 hypo·-

311 4833 547 4902 theses,
595 4839 664 4893 ut
709 4849 788 4892 ex
833 4829 913 4892 iis
959 4837 1158 4891 motus
1205 4828 1506 4890 coelestes
1551 4827 1950 4890 demonstret.

493 4921 636 4981 Jam
680 4919 824 4981 Ursi
871 4919 1168 4981 absurdas
1215 4915 1552 4978 sententias
1598 4915 1911 4995 paulisper
1968 4915 2395 4996 expendamus.
2488 4914 2691 4977 Primo
2736 4915 3042 4998 hypothe-

419 5025 604 5077 xapmi
630 5025 771 5074 open
795 5023 830 5065 1.
2550 5017 2619 5072 1⁶
