3634 5575
511 402 634 471 186
1529 404 1758 469 Mysten-ii
1795 406 2195 473 Cosmcgraphici

927 566 1262 629 Adamides
1311 586 1504 627 rerum
1554 586 1728 629 curas
1775 568 2011 647 agitare
2058 568 2349 629 suarum?

928 656 1206 736 Respicis
1253 657 1638 730 immeritum,
1689 658 1859 717 vehis
1906 657 1964 717 in
2014 656 2301 727 sublime,
2346 622 2611 717 Deorum

928 745 1186 807 Tantum
1233 764 1348 805 ncn
1395 764 1584 823 genus
1633 756 1754 815 est,
1807 756 2011 806 tantos
2062 745 2300 824 largiris
2348 746 2631 818 honores,

927 834 1428 913 Magnificumque
1478 842 1660 914 caput
1707 834 1899 913 cingis
1948 835 2321 907 diademate,
2372 834 2604 912 Regem

929 921 1379 1003 Constituisque
1428 941 1606 1001 super
1651 942 1931 985 manuum
1980 932 2365 983 monumenta
2410 930 2667 985 tuarum.

929 1009 1107 1081 Quod
1153 1030 1336 1090 supra
1381 1020 1566 1089 caput
1612 1020 1736 1085 est,
1785 1030 2037 1087 magnos
2082 1032 2215 1073 cum
2262 1012 2520 1072 motibus
2568 1012 2773 1087 orbes,
2822 1062 2851 1085 ,

927 1098 1188 1178 Subjicis
1234 1102 1514 1178 ingenio:
1565 1100 1841 1179 quicquid
1892 1102 2131 1162 Tellure
2178 1109 2445 1175 creatur,

923 1189 1148 1251 Natum
1195 1188 1396 1267 operis
1441 1207 1626 1266 pecus
1675 1198 1855 1269 atque
1906 1189 2027 1249 aris
2077 1190 2445 1251 fumantibus
2492 1196 2727 1266 aptum,
2808 1222 2833 1240 -1

923 1274 1211 1357 Quaeque
1261 1277 1542 1339 habitant
1588 1278 1776 1339 silvas
1822 1278 2185 1356 reliquarum
2232 1278 2439 1339 saecla
2488 1278 2781 1350 ferarum,

923 1362 1216 1445 Quodque
1264 1384 1484 1445 genus,
1535 1368 1837 1439 volucres,
1892 1368 2123 1429 levibus
2174 1367 2316 1427 ferit
2363 1374 2509 1427 aera
2556 1362 2797 1445 pennis,

922 1450 1159 1531 Quique
1207 1454 1390 1515 maris
1440 1463 1674 1516 tractus
1720 1464 1971 1517 tranant
2018 1464 2083 1515 et
2128 1456 2400 1527 flumina,
2448 1456 2675 1533 pisces,

925 1538 1122 1602 Omne
1160 1543 1338 1621 jubes
1387 1560 1656 1621 premere
1703 1544 1954 1623 imperio
2002 1544 2335 1623 dextraque
2383 1543 2639 1622 potenti.

1011 1698 1172 1761 Jova
1216 1710 1386 1762 sator
1431 1702 1669 1775 Mundi,
1721 1710 2107 1781 nostrumque
2155 1711 2410 1764 aeterna
2454 1692 2769 1781 potestas*

925 1784 1172 1859 Quanta
1217 1796 1322 1851 tua
1369 1800 1464 1851 est
1512 1809 1746 1851 omnem
1795 1793 2109 1853 Terrarum
2161 1792 2323 1851 fama
2368 1810 2475 1870 per
2522 1788 2769 1851 orbem?

1175 2054 1260 2117 IN
1309 2054 1587 2119 CAPUT
1637 2054 2115 2119 VICESIMUM
2161 2054 2539 2117 TERTIUM

1549 2180 1780 2231 NOTAE
1817 2180 2173 2231 Auc'roms.

660 2280 720 2353 a)
761 2286 883 2340 Non
932 2294 1114 2341 tamen
1162 2288 1354 2342 stat-im
1403 2290 1470 2342 de
1517 2288 1904 2359 conjunctione
1952 2289 2188 2341 omnium
2234 2288 2585 2357 planetarum
2634 2287 2737 2339 sub
2778 2284 2968 2338 eodem
3014 2281 3221 2337 zodiaci

500 2364 680 2437 gradu
709 2368 1032 2437 concludere
1059 2384 1374 2438 possumus:
1426 2370 1642 2433 sufficit,
1693 2370 1739 2422 si
1769 2369 1969 2423 saltem
2010 2369 2062 2421 in
2092 2384 2301 2439 genere
2340 2367 2511 2421 fuerit
2536 2366 2728 2436 aliqua
2770 2364 3088 2418 harmonica
3114 2363 3219 2415 dis-

500 2444 701 2515 positio
745 2452 804 2499 et
845 2448 1053 2503 zodiaci
1091 2464 1192 2517 per
1232 2450 1493 2518 planetas
1537 2450 1748 2511 divisio,
1795 2450 1841 2501 si
1880 2468 1987 2503 non
2026 2466 2097 2501 ex
2128 2450 2354 2511 Terrae,
2399 2456 2461 2501 at
2497 2448 2696 2500 saltem
2738 2462 2809 2499 ex
2840 2444 2984 2499 Solis
3014 2448 3219 2503 centro.

501 2524 624 2579 vide
653 2526 842 2581 Harm.
873 2528 970 2583 lib.
1003 2529 1096 2581 IV.
1129 2546 1250 2597 cap.
1285 2530 1337 2581 2.
1369 2535 1430 2582 et
1459 2530 1512 2583 3.

660 2603 720 2669 b)
765 2606 886 2660 Non
934 2608 1144 2662 tolerat
1171 2609 1528 2673 astronomia,
1579 2608 1875 2678 supposita
1920 2608 2267 2677 periodorum
2306 2605 2728 2677 aequabilitate,
2778 2610 2841 2658 ut
2870 2602 3221 2656 constellatio

501 2686 640 2739 haec
668 2686 985 2755 perficiatur
1013 2690 1190 2757 adque
1219 2704 1426 2742 meram
1455 2689 1831 2745 harmonicam
1858 2687 2271 2757 dispositionem
2298 2688 2607 2757 redigatur.

662 2761 718 2834 c)
764 2766 881 2820 Nec
925 2768 1032 2822 hoc
1078 2767 1465 2832 necessarium,
1515 2787 1614 2822 nec
1661 2768 1968 2823 auctoritas
1998 2774 2247 2822 veterum
2295 2767 2473 2839 rigide
2516 2767 2769 2840 urgenda
2810 2768 2876 2818 de
2906 2761 3217 2817 creatione:

501 2843 685 2916 potuit
721 2847 864 2900 enim
909 2847 1126 2918 frugum
1171 2851 1472 2918 proventus
1513 2847 1644 2914 (non
1689 2847 1982 2902 creationis
2028 2841 2317 2916 memoria)
2351 2864 2574 2902 causam
2617 2847 2767 2910 dare,
2817 2861 2914 2899 cur
2942 2841 3070 2896 anni
3098 2841 3219 2895 finis

503 2933 795 2980 autumnus
842 2927 1162 2980 haberet-ur

664 3001 722 3068 d)
773 3007 910 3068 Quid
941 3006 983 3060 si
1016 3025 1083 3059 ne
1113 3007 1216 3059 hoc
1245 3007 1493 3076 quidem?
1542 3009 1666 3078 quid
1708 3009 1751 3062 si
1783 3027 1889 3062 non
1922 3009 1975 3062 in
2005 3008 2286 3062 absidibus
2326 3007 2499 3062 creati
2528 3006 2809 3074 planetae,
2858 3011 2922 3057 ut
2951 3003 3004 3056 in
3034 3009 3220 3054 extre-

502 3082 618 3148 mis,
649 3083 742 3139 ubi
774 3086 1034 3155 aequatio
1063 3088 1236 3150 nulla,
1268 3089 1362 3140 sed
1393 3087 1446 3140 in
1476 3089 1771 3142 intervallo
1801 3087 1994 3151 medio,
2025 3089 2117 3143 ubi
2151 3087 2411 3158 aequatio
2442 3085 2728 3140 maxima?
2797 3085 2991 3153 ltaque
3031 3095 3221 3150 super-

502 3173 591 3219 est
619 3165 945 3219 exercitatio
990 3166 1102 3220 ista
1145 3167 1436 3235 proposita
1483 3170 1728 3222 omnibus
1777 3167 2211 3223 calculatoribus
2252 3165 2647 3226 astronomiciS,
2696 3171 2757 3216 et
2793 3165 2964 3232 plena
3008 3161 3220 3231 quidem

502 3243 630 3314 piae
677 3245 1051 3314 persuasionis
1099 3249 1165 3298 de
1215 3253 1338 3300 ortu
1381 3249 1658 3316 temporis.
1743 3249 2072 3304 Maestlinus
2122 3250 2314 3318 aliqua
2358 3247 2613 3300 tentavit.
2698 3243 2901 3313 Accipe
2950 3249 3009 3295 et
3056 3259 3091 3294 a
3136 3258 3219 3294 me

505 3324 688 3387 aliam,
737 3326 832 3379 ubi
857 3329 950 3380 'ex
980 3333 1170 3382 centro
1199 3326 1342 3380 Solis
1391 3329 1572 3382 omnia
1617 3329 1674 3382 in
1703 3329 1837 3382 locis
1878 3329 2147 3399 oppositis
2194 3335 2255 3382 et
2281 3326 2584 3397 quadratis,
2632 3329 2693 3378 et
2740 3323 2955 3392 punctis
3004 3321 3219 3392 quidem

506 3405 900 3460 cardinalibus.

665 3485 931 3540 Currente
976 3493 1106 3540 ante
1153 3501 1344 3540 aeram
1388 3494 1632 3541 nostram
1673 3489 1962 3558 vulgarem
2008 3505 2151 3544 anno
2184 3487 2337 3542 3993
2365 3487 2590 3541 Juliano
2638 3490 2787 3539 retro
2832 3489 3086 3544 extenso,
3135 3480 3221 3533 die

505 3565 598 3620 24.
627 3565 760 3620 Julii
804 3567 874 3620 ad
901 3583 1188 3637 vesperam
1235 3565 1530 3636 incipiente
1573 3566 1628 3620 in
1658 3568 1948 3624 Chaldaea
1991 3569 2133 3634 fieria
2162 3570 2418 3630 secunda,
2461 3567 2556 3620 Sol
2584 3573 2643 3620 et
2669 3567 2829 3618 Luna
2872 3562 2927 3614 in
2958 3559 3223 3630 principio

504 3645 687 3700 cancri
713 3663 888 3716 prope
918 3665 1011 3700 cor
1039 3647 1230 3710 leonis,
1283 3663 1467 3701 omnes
1497 3647 1689 3702 Lunae
1733 3657 1913 3704 motus
1962 3650 2013 3704 in
2044 3647 2445 3720 quadrantibus
2476 3652 2620 3710 sunt,
2654 3652 2732 3698 ut
2776 3649 2836 3695 et
2864 3658 3049 3696 omnes
3096 3640 3223 3694 reli-

505 3726 620 3796 qui:
671 3726 942 3781 Saturnus
971 3735 1032 3781 et
1057 3725 1358 3780 Mercurius
1402 3745 1590 3780 versus
1621 3727 1798 3782 librae
1832 3729 2058 3792 initium,
2107 3729 2342 3798 Jupiter,
2385 3727 2575 3780 Tellus
2604 3739 2797 3778 versus
2827 3721 3219 3791 capricornum.

503 3805 679 3869 Luna,
709 3807 895 3870 Î‡Mars,
943 3808 1132 3860 Venus
1181 3823 1370 3860 versus
1401 3823 1674 3861 cancrum.
1751 3809 1812 3862 In
1842 3809 2112 3864 Mercurio
2158 3809 2445 3862 abundant
2471 3807 2684 3878 gradus
2716 3803 2943 3872 aliquot,
2992 3803 3089 3855 sed
3130 3799 3221 3870 qui

504 3885 742 3940 consumi
789 3894 1024 3956 possunt
1069 3886 1189 3954 ejus
1221 3887 1551 3955 aequatione
1597 3888 1841 3943 maxima
1889 3889 2155 3951 ablativa,
2206 3888 2253 3941 si
2298 3889 2454 3941 modo
2498 3887 2636 3940 satis
2684 3881 2939 3954 cognitus
2970 3888 3057 3935 est
3101 3880 3223 3948 ejus

504 3971 680 4019 motus
711 3966 934 4030 medius,
976 3971 1040 4020 ut
1068 3985 1173 4018 non
1201 3983 1302 4036 per
1329 3967 1494 4036 hujus
1535 3967 1925 4022 correctionem
1956 3975 2361 4022 consumantur.
2436 3969 2495 4020 In
2526 3967 2742 4019 Venere
2772 3962 2941 4016 etiam
2973 3962 3225 4015 abundat

504 4044 726 4138 aliquid,
776 4047 916 4116 quod
949 4046 1278 4116 aequatione
1327 4048 1449 4101 tolli
1491 4065 1598 4101 non
1627 4056 1831 4116 potest.
1909 4049 2072 4103 Feria
2099 4049 2339 4102 secunda
2366 4053 2455 4100 est
2483 4044 2827 4106 firmamenti,
2880 4058 2977 4095 seu
3008 4057 3221 4134 expan-

503 4124 670 4180 sionis
698 4125 844 4180 inter
873 4143 1045 4198 aquas
1075 4132 1134 4179 et
1161 4143 1360 4197 aquarn
1393 4129 1551 4198 quasi
1582 4129 1740 4182 orbes
1773 4147 1870 4203 seu
1900 4130 2183 4198 planetae,
2217 4145 2319 4196 per
2346 4128 2491 4181 hanc
2518 4125 2917 4194 expansionem
2946 4122 3031 4176 ire
3052 4119 3218 4191 jussi,

504 4205 694 4261 statim
722 4206 776 4259 in
806 4206 924 4276 ipso
954 4212 1078 4260 ortu
1105 4207 1358 4276 expansi,
1391 4207 1676 4277 coeperint
1703 4209 1806 4269 ireÍ¾
1840 4209 1981 4264 feria
2008 4226 2139 4262 vero
2169 4214 2370 4278 quarta
2397 4210 2609 4261 demum
2650 4207 2981 4260 exornatum
3012 4202 3223 4255 coelum

503 4286 767 4340 extimum
793 4287 936 4348 fixis,
969 4293 1028 4340 et
1055 4285 1151 4341 Sol
1179 4293 1236 4340 et
1263 4287 1422 4341 Luna
1450 4296 1556 4342 etc.
1587 4288 1782 4342 ultima
1809 4306 1975 4344 manu
2004 4289 2281 4358 imposita.
2301 4279 2373 4350 â¶Â³)

662 4363 719 4430 e)
761 4365 984 4438 Dogma
1021 4365 1365 4421 innitebatur
1405 4367 1532 4422 huic
1568 4374 1632 4420 ut
1667 4369 1924 4437 primario
1966 4370 2346 4422 fundamento:
2396 4369 2537 4437 quod
2587 4367 2730 4418 inter
2760 4363 2922 4418 orbes
2952 4361 3223 4414 coelestes

505 4445 580 4500 sit
624 4447 906 4517 proportio
953 4445 1078 4510 illa,
1129 4463 1270 4518 quae
1319 4452 1406 4500 est
1453 4447 1663 4502 orbium
1707 4449 2163 4519 geometricorum
2222 4447 2548 4519 cujuslibet,
2610 4463 2684 4498 ex
2731 4445 2966 4515 quinque
3012 4439 3223 4512 figuris.

505 4525 729 4580 Illarum
765 4527 907 4580 enim
937 4533 1176 4598 quatuor
1214 4527 1595 4596 proportiones
1637 4533 1765 4581 sunt
1794 4529 2120 4589 ineffabileS,
2166 4545 2283 4590 seu,
2328 4535 2392 4580 ut
2434 4526 2526 4578 hic
2570 4543 2687 4578 cum
2720 4525 2889 4594 vulg-o
2920 4519 3221 4590 appellavi,

504 4605 874 4660 irrationales.
957 4609 1083 4661 Jam
1121 4623 1252 4662 vero
1293 4607 1704 4661 fundamentum
1745 4609 1849 4661 hoc
1877 4608 2251 4670 refutavimuS,
2294 4607 2424 4680 quia
2465 4605 2747 4675 proportio
2792 4601 3110 4656 coelestium
3140 4616 3223 4653 orÎ‡

505 4685 654 4739 bium
695 4703 804 4739 non
843 4693 930 4740 est
967 4703 1038 4740 ex
1069 4687 1201 4741 solis
1244 4685 1478 4757 quinque
1516 4688 1727 4758 figuris.
1814 4689 2125 4751 Quaeritur,
2177 4688 2303 4758 quid
2338 4689 2458 4756 jam
2501 4701 2664 4755 porro
2711 4687 2777 4738 de.
2816 4685 2920 4736 hoc
2964 4682 3225 4751 dog-mate

506 4766 824 4828 tenendum:
847 4773 906 4820 et
933 4783 1058 4820 num
1088 4769 1250 4821 detur
1277 4767 1468 4838 aliqua
1494 4768 1747 4837 perfecta
1774 4769 2181 4840 apocatastasis
2210 4774 2453 4821 motuum
2482 4765 2717 4819 omnium
2739 4771 2759 4816 Â¹?
2844 4762 2997 4824 Dico,
3040 4776 3225 4831 quam-

505 4844 588 4898 vis
616 4845 722 4898 hoc
753 4845 1106 4900 fundamento
1136 4849 1381 4910 subruto,
1422 4848 1630 4901 nullam
1657 4855 1844 4902 tamen
1875 4849 1992 4903 dari
2030 4847 2469 4918 apocatastasin.
2556 4847 2612 4898 ld
2652 4845 2920 4914 probabo.
3005 4843 3227 4894 Certum

505 4923 681 4997 igitur
708 4931 812 4990 est,
856 4925 904 4980 si
931 4925 1316 4996 proportiones
1347 4929 1545 4982 saltem
1573 4927 1973 4997 periodiccrum
2001 4937 2309 4998 temporum
2338 4932 2469 4982 sunt
2494 4925 2763 4988 effabiles,
2809 4919 2929 4976 dari
2958 4926 3224 4991 apocata-
