3634 5575
1422 340 1486 392 de
1519 343 1665 392 rebus
1703 341 2025 406 astrologicis.
2486 400 2489 406 ¹
2959 343 3045 412 34
3050 345 3091 410 3

369 499 430 561 in
477 507 534 568 >le
563 495 636 576 B,
705 499 852 573 *Ἃ
895 507 960 562 et
1003 495 1146 578 ΔΒ
1193 499 1274 574 Ἃ.
1367 499 1552 576 Ριιιο,
1625 502 1778 580 quod
1839 503 1883 577 ζὲ
1938 509 2269 582 occupatur
2322 503 2383 566 in
2431 503 2511 579 Q,
2568 503 2707 566 hinc
2763 503 3089 584 significari

369 588 810 650 multitudinem
859 589 1245 650 consiliorum
1301 598 1364 650 et
1410 589 1903 670 imaginationum
1960 598 2023 650 et
2069 592 2378 654 mollitiem
2438 612 2663 656 earum.
2756 594 2914 655 Nam
2962 593 3086 656 dif-

373 677 638 740 funderis
699 676 758 737 in
821 677 1259 756 cogitationes:
1321 679 1516 752 bene3
1583 679 1902 740 dummodo
1961 689 2025 739 et
2072 680 2469 746 discerneres,
2563 682 2661 743 An
2722 683 2835 744 hoc
2870 684 3089 758 magis

369 787 444 828 ex
490 770 562 835 Δ
591 774 643 836 <5
669 767 722 838 D
777 765 1206 838 deducendum,
1255 767 1354 846 qui
1387 765 1530 828 mihi
1568 768 1896 830 communis
1926 777 2145 839 tecum,
2194 776 2261 830 ut
2306 778 2371 831 et
2416 771 2761 833 multitudo.
2840 771 2924 834 Ut
2976 772 3089 834 tibi

369 855 678 916 absolvam
716 873 912 916 meum
951 855 1248 934 dirigendi
1293 856 1560 928 modum,
1611 857 1701 918 sic
1727 874 1951 936 pergo·
2000 865 2291 937 quantum
2318 856 2427 920 Sol
2474 858 2544 920 iit
2587 859 2799 920 diebus
2829 857 2916 923 40
2946 863 3085 940 (pro

370 943 545 1005 annis
591 939 730 1020 40),
770 943 1123 1006 tantundem
1173 951 1235 1005 et
1261 943 1500 1006 Lunam
1527 963 1835 1024 promove.
1910 945 2069 1008 Nam
2102 947 2266 1007 solus
2297 946 2520 1008 Terrae
2550 953 2746 1008 motus
2777 949 3085 1028 significa-

369 1043 533 1094 tores
580 1031 819 1113 dirigit3
879 1041 946 1094 at
991 1031 1040 1094 si
1082 1031 1255 1094 Luna
1301 1053 1366 1095 se
1429 1033 1564 1113 ipsa
1608 1053 1724 1095 non
1773 1033 2137 1110 circumiret,
2205 1054 2440 1114 semper
2494 1035 2553 1097 in
2598 1035 2808 1104 eadem
2857 1058 2893 1098 a
2941 1035 3087 1099 Sole

370 1120 659 1182 distantia
697 1127 986 1196 maneret,
1034 1121 1469 1203 vehereturque
1517 1122 1574 1184 in
1623 1121 1785 1184 Solis
1834 1123 2027 1201 ipsius
2073 1124 2387 1186 celeritate
2417 1141 2526 1204 per
2554 1125 2896 1200 zodiacum,
2946 1125 3089 1204 quia

370 1229 599 1271 annuus
629 1210 852 1272 Terrae
899 1218 1098 1272 motus
1145 1211 1476 1272 communis
1523 1219 1622 1272 est
1668 1211 1796 1273 orbi
1826 1211 2035 1272 Lunae
2082 1231 2215 1274 cum
2246 1213 2453 1273 Terra.
2547 1213 2667 1274 Pro
2695 1214 3086 1275 Ascendente

377 1305 441 1358 et
483 1298 686 1359 Medio
720 1296 893 1361 Coeli
940 1298 1059 1360 sic:
1128 1300 1206 1361 ad
1255 1300 1666 1362 ascensionem
1714 1307 1943 1361 rectam
1994 1298 2159 1361 Solis
2208 1301 2303 1361 die
2354 1297 2439 1362 40
2472 1303 2610 1381 (pro
2659 1302 2831 1363 annis
2881 1299 3000 1374 40)
3050 1323 3089 1362 a

369 1385 689 1448 nativitate
739 1384 891 1448 add'e
939 1388 1120 1450 horas
1168 1389 1504 1462 natalitiaS,
1553 1398 1620 1451 ut
1657 1387 1788 1468 jam
1836 1388 2018 1449 horas
2057 1387 2133 1452 5;
2184 1388 2427 1450 habes
2412 1410 2471 1452 m
2518 1391 2729 1452 tabula
2778 1392 3086 1454 domorum

368 1473 452 1538 M.
495 1473 567 1537 Ο.
619 1485 681 1536 et
727 1476 904 1549 Asc„
956 1477 1034 1538 ad
1080 1495 1234 1557 quae
1279 1477 1626 1540 natalitium
1671 1477 1755 1538 M.
1809 1474 1879 1540 O.
1932 1485 1997 1538 et
2042 1477 2400 1540 Ascendens
2446 1489 2870 1557 pervenerunt.

481 1541 897 1615 Fabricius·
935 1563 1112 1624 Credo,
1149 1579 1426 1629 corpora
1463 1573 1863 1616 cometarum
1902 1571 1955 1615 et
1988 1579 2225 1616 novarum
2250 1565 2504 1616 stellarum
2541 1568 2605 1618 ab
2641 1569 2781 1618 initio
2820 1567 2993 1618 mundi
3030 1569 3084 1617 iu

369 1635 570 1685 aethere
607 1636 848 1690 existere.
901 1635 992 1686 sed
1027 1637 1130 1686 abs
1121 1651 1214 1699 ,ιιο
1249 1637 1452 1694 lumine,
1490 1638 1586 1686 nisi
1619 1642 1867 1702 quatenns
1914 1639 2135 1700 speciata
2183 1653 2274 1701 per
2310 1643 2471 1688 certos
2522 1638 2838 1702 planetarum
2872 1641 3081 1702 positus.
3174 1708 3182 1715 .

366 1706 442 1756 vel
477 1706 762 1756 immediate
800 1719 854 1756 a
867 1706 978 1756 Deo
1019 1707 1083 1756 ad
1119 1707 1500 1772 significandam
1533 1723 1637 1757 rem
1673 1707 1891 1772 aliquam
1926 1706 2285 1760 illuminantur.

543 1778 956 1856 Keplerns:
1007 1776 1180 1848 Quae
1225 1785 1296 1840 ιιι
1343 1779 1416 1839 de
1465 1779 1814 1858 corporibus
1864 1781 2448 1852 cometiciscensffl,
2496 1781 2657 1842 haud
2704 1781 2885 1843 facile
2934 1798 3085 1859 pos-

368 1875 508 1926 sunt
549 1866 802 1928 refutari
848 1863 1152 1946 ἕπεχνως,
1217 1866 1384 1928 dicta
1443 1887 1698 1947 namque
1759 1875 1901 1930 sunt
1947 1866 2236 1950 ἅτεχνως,
2307 1868 2385 1928 ab
2448 1887 2547 1943 eo,
2622 1869 2721 1950 qni
2768 1891 2869 1946 rm
2912 1874 3089 1930 θεσιν

369 1957 662 2032 (pelanus.
755 1955 889 2016 Hoc
929 1956 1120 2018 solum
1167 1955 1365 2017 dicere
1411 1974 1688 2036 possum:
1761 1956 1814 2017 si
1872 1975 2127 2036 corpora
2168 1965 2377 2018 essent
2434 1977 2623 2036 aeque
2682 1978 2895 2020 crassa
2941 1965 3115 2026 ante,

368 2051 430 2104 et
477 2043 533 2104 in
585 2043 832 2117 visione,
883 2043 1364 2106 illuminarentur
1411 2065 1448 2105 a
1495 2043 1659 2106 Sole.
1756 2042 2089 2122 Oporteret
2136 2045 2338 2125 itaque
2388 2046 2622 2114 dicere,
2682 2066 2799 2107 non
2846 2055 3087 2108 tantum

369 2132 705 2206 illuminari,
755 2141 824 2192 ut
871 2133 1209 2208 videantur,
1261 2134 1366 2194 sed
1415 2135 1604 2194 etiam
1634 2131 1933 2194 subtiliari
1974 2141 2207 2211 postea,
2262 2152 2335 2194 ne
2366 2133 2717 2208 videantur3
2765 2135 3082 2196 illustran-

365 2229 464 2282 tur
506 2221 1144 2370 ἓὲιὲὶῖἰιιδεῖιθριηιιια
1189 2316 1264 2359 est
1300 2309 1521 2359 maxima
1557 2307 1770 2360 latitudo
1805 2305 2108 2358 Mercurii
2158 2323 2191 2358 a
2226 2307 2461 2372 Tychone
2496 2311 2759 2362 observata
2813 2317 2867 2361 et
2902 2325 2996 2375 quo
3033 2311 3086 2360 in

364 2379 512 2430 loco?
587 2379 686 2429 Cur
723 2379 943 2430 Cicero
979 2381 1118 2430 illum
1153 2386 1382 2432 sanctam
1419 2379 1616 2431 stellam
1650 2378 1835 2430 vocat?

541 2451 946 2530 Keplerus:
1021 2452 1112 2512 De
1179 2451 1288 2512 illa
1353 2451 1616 2513 scribere
1683 2450 1766 2512 nil
1831 2469 2111 2530 possum;
2180 2451 2351 2512 limes
2400 2451 2637 2532 quidem
2698 2453 2913 2516 boreus
2978 2469 3087 2530 per

367 2539 584 2601 lineam
632 2558 707 2601 ex
755 2538 898 2603 Sole
947 2541 1201 2620 ejectam
1249 2539 1542 2601 videtur'
1523 2559 1584 2601 m
1633 2539 1887 2601 confinio
1936 2553 2001 2604 εδ
2051 2545 2113 2599 et
2150 2541 2229 2613 Ω,
2288 2541 2442 2602 unde
2492 2541 2600 2601 lat.
2658 2541 2921 2602 maxima
2969 2540 3081 2601 bo-

367 2629 546 2690 realis
593 2629 654 2690 in
703 2630 816 2690 fine
862 2633 962 2706 5,
1012 2630 1284 2692 austrina
1331 2629 1388 2690 iu
1433 2629 1549 2690 fine
1599 2643 1662 2696 Θ
1713 2625 2171 2708 apparentibus.

543 2716 666 2780 Cur
711 2718 979 2782 sanctior
1023 2717 1308 2784 Mercurii
1356 2717 1555 2792 stella,
1608 2737 1786 2798 quam
1832 2715 2031 2793 Jovia,
2060 2713 2309 2778 nescio.
2404 2715 2547 2778 Vox
2594 2723 2811 2777 sancta
2858 2716 2914 2778 in
2965 2713 3078 2778 Ci-

363 2826 574 2869 cerone
623 2808 782 2869 solet
829 2808 1047 2887 opponi
1093 2807 1421 2887 rapacitati
1469 2816 1533 2869 et
1580 2806 1917 2887 sacrilegiis
1976 2816 2037 2867 et
2094 2804 2680 2887 depeculationibus,
2751 2813 2816 2866 et
2860 2806 2919 2868 in
2966 2824 3081 2885 ge-

366 2914 502 2958 nere
565 2896 1036 2980 appetitionibus
1103 2898 1465 2971 alienorum,
1515 2896 1700 2958 etiam
1763 2895 2100 2974 conjugum.
2192 2896 2291 2957 An
2358 2895 2544 2975 igitur
2608 2902 2857 2970 sancta,
2924 2895 3083 2974 quod

363 2985 712 3065 parcissime
761 2994 1055 3065 evagetur
1101 3008 1136 3047 a
1185 2984 1382 3057 Sole?

504 3072 881 3124 Fabricius:
937 3074 1016 3123 De
1069 3080 1206 3123 statu
1239 3072 1810 3137 Tychonianorum
1859 3073 1965 3133 jam
2017 3072 2201 3122 dudum
2254 3072 2373 3121 nihil
2419 3072 2609 3130 habeo,
2668 3084 2763 3121 nec
2813 3072 2964 3121 etiam
3020 3072 3084 3121 de

364 3140 853 3279 gssffnrzlffissilffii?
890 3152 1072 3195 nostro.
1152 3144 1309 3194 Credo
1340 3142 1562 3193 Martem
1595 3142 1714 3191 mihi
1750 3156 1839 3191 vos
1876 3156 2045 3193 omnes
2082 3142 2287 3193 infestos
2311 3143 2543 3199 reddere3
2582 3144 2657 3191 ita
2692 3156 2815 3193 sane
2853 3148 3083 3207 apparet,

537 3286 938 3365 Keplerus:
1005 3284 1326 3349 Silentium
1381 3291 1652 3345 nostrum
1705 3282 2020 3345 directioni
2068 3282 2231 3345 Solis
2288 3284 2364 3345 ad
2424 3302 2641 3363 corpus
2690 3283 2913 3345 Martis
2963 3284 3078 3345 tri·
3146 3270 3153 3279 ⁸

363 3373 514 3447 huie,
565 3376 736 3455 quasi
783 3376 838 3436 is
884 3394 993 3439 nos
1038 3375 1152 3438 tibi
1198 3374 1415 3436 reddat
1459 3374 1748 3435 infensos.
1842 3371 1976 3433 Hoc
2026 3390 2167 3451 ergo
2208 3373 2305 3433 vel
2352 3372 2483 3435 solo
2533 3390 2849 3450 agnosces,
2908 3381 2971 3433 te
3018 3372 3075 3433 in

363 3480 562 3525 errore
607 3464 836 3525 versari
883 3465 1047 3527 circa
1091 3463 1480 3525 directionem
1531 3461 1717 3533 hanc,
1767 3459 1927 3539 quod
1974 3461 2191 3522 falsum
2236 3470 2353 3524 est.
2448 3461 2561 3522 Tui
2608 3461 2767 3522 enim
2813 3459 3076 3540 quotidie

363 3552 486 3612 fere
533 3552 895 3615 mentionem
945 3551 1217 3615 facimus.
1313 3552 1404 3613 De
1453 3556 1618 3611 statu
1665 3548 2137 3630 Tychonicorum
2182 3557 2464 3611 constare
2512 3548 2657 3611 mihi
2704 3567 2821 3609 non
2849 3556 3075 3629 potest,

361 3641 500 3718 quia
555 3659 648 3702 me
695 3641 1104 3722 Tengnaglius
1151 3649 1508 3703 summovet.
1572 3644 1766 3712 (Pergit
1797 3649 1905 3708 jam
1928 3646 2176 3710 Keplerus
2210 3661 2477 3697 recensens
2513 3660 2692 3697 causas
2719 3646 3077 3697 dissensionum

355 3730 485 3777 inter
517 3730 678 3793 ipsum
715 3734 768 3779 et
802 3731 1049 3793 Tychonis
1085 3728 1328 3780 haeredes
1341 3764 1356 3787 ,
1405 3729 1698 3792 praesertim
1737 3725 2163 3791 Tengnagelium,
2203 3727 2450 3789 Tychonis
2500 3740 2740 3793 generum
2755 3761 2771 3787 ,
2824 3726 2920 3776 alio
2968 3726 3077 3776 loco

358 3798 862 3940 propossitbzaiseius:
915 3888 1103 3939 Latent
1138 3888 1442 3939 Basileae
1481 3886 1548 3937 ad
1587 3886 1743 3937 civem
1778 3885 1892 3935 Jac.
1933 3883 2195 3935 Curionem
2234 3882 2375 3934 4-5
2413 3886 2761 3949 quaterniones
2807 3886 2879 3934 rei
2916 3890 3073 3934 astro-

356 3958 548 4025 logicae
582 3962 738 4011 mirae
774 3960 1048 4024 plenissimi
1065 3996 1080 4017 ,
1138 3963 1277 4023 cujus
1318 3960 1468 4009 frater
1525 3958 1644 4008 mihi
1695 3957 1839 4007 dedit
1874 3970 1962 4014 ea,
2012 3958 2055 4005 si
2090 3958 2237 4007 modo
2272 3956 2563 4009 tabellarius
2603 3962 2736 4005 esset
2772 3956 3072 4007 commodus.

355 4028 849 4152 girggssiggsunt,
899 4032 1022 4083 nulli
1059 4032 1180 4081 visa.
1255 4031 1456 4092 Quaeso
1494 4030 1612 4079 mihi
1653 4030 1778 4079 certi
1815 4028 1933 4093 quid
1970 4030 2245 4092 perscribas
2282 4029 2344 4078 de
2380 4027 2655 4079 tabellariis
2690 4028 2821 4077 inter
2840 4026 3075 4092 fugam

533 4191 942 4269 Keplerus:
991 4190 1297 4253 Basileam
1343 4189 1480 4251 hinc
1529 4190 1674 4251 nulli
1723 4194 2047 4250 excurrunt
2076 4185 2404 4261 tabellarii,
2456 4186 2597 4266 quia
2644 4204 2763 4248 non
2803 4194 2899 4247 est
2922 4204 3073 4267 pro-

356 4280 554 4343 vincia
601 4279 851 4358 imperii.

499 4386 864 4436 Fabricius:
921 4384 1110 4448 Accepi
1145 4385 1380 4469 scriptum
1421 4378 1792 4446 (horoscopum)
1839 4387 1977 4431 tumn
2014 4382 2078 4433 de
2115 4380 2531 4431 Cancellario
2574 4386 2743 4429 nostro
2792 4380 2915 4429 satis
2946 4379 3073 4449 libe-

355 4473 492 4517 rum3
529 4458 740 4507 miram
779 4455 1066 4512 candorem,
1101 4462 1172 4524 et,
1209 4462 1268 4505 ut
1303 4456 1354 4503 in
1391 4454 1633 4511 omnibus,
1670 4454 2009 4517 perspicacem
2044 4454 2235 4517 ingenii
2270 4452 2380 4500 vim.
2456 4450 2535 4500 Tu
2567 4450 2712 4514 plura
2733 4450 2889 4507 vides,
2924 4464 3073 4515 quam

362 4544 456 4595 ego
487 4544 556 4580 ex
589 4528 881 4591 quotidiana
938 4528 1092 4589 ipsius
1131 4526 1504 4577 conversatione
1539 4526 1745 4575 odorare
1792 4524 1947 4587 potui.
2020 4524 2209 4573 Locum
2246 4522 2295 4583 d
2336 4524 2387 4571 in
2425 4518 2495 4569 2⁸·
2532 4518 2577 4578 ὅ
2614 4524 2775 4585 ponis,
2834 4536 2946 4571 cum
2982 4522 3071 4571 lat.

355 4606 480 4664 sept.
517 4597 592 4661 (2)
627 4606 800 4650 tamen
835 4598 994 4648 nodus
1031 4597 1244 4647 evehens
1279 4598 1332 4647 in
1371 4594 1436 4643 17
1451 4592 1476 4623 ⁰
1513 4592 1560 4651 ὅ
1597 4596 1680 4651 sit,
1755 4596 1835 4648 An
1872 4608 1933 4644 ex
1968 4596 2215 4658 proposito
2250 4595 2445 4645 factum
2482 4593 2557 4643 rel
2595 4608 2771 4653 errore,
2810 4608 2909 4643 non
2934 4594 3069 4650 scio,

354 4678 472 4734 puto
509 4678 562 4721 te
597 4672 724 4721 forte
760 4686 822 4719 ex
857 4668 1120 4734 Gopernici
1153 4668 1335 4719 tabulis
1371 4668 1534 4717 locum
1571 4653 1847 4731 collegisse.
1924 4664 1980 4715 Si
2018 4679 2150 4715 anno
2188 4665 2373 4717 aetatis
2410 4662 2495 4713 22.
2534 4664 2855 4715 directionem
2894 4678 3069 4716 ascen-

353 4743 516 4794 dentis
554 4741 621 4791 ad
657 4740 824 4791 Solem
857 4741 1078 4791 morbum
1115 4739 1299 4795 attulit
1337 4738 1454 4803 quid
1490 4737 1616 4787 facit
1657 4733 1720 4797 Θ
1761 4736 1829 4786 ad
1867 4734 1917 4797 d
1958 4742 2011 4787 et
2047 4736 2077 4798 b
2109 4738 2257 4799 juxta
2294 4742 2645 4799 aequat-orem.
2627 4734 2651 4766 ⁹

531 4831 935 4911 Keplerus:
986 4827 1161 4892 InD.
1193 4829 1244 4889 F
1259 4826 1490 4889 rancii
1537 4824 1746 4907 genesi
1797 4825 1949 4887 bene
1998 4824 2186 4886 habet
2230 4824 2397 4885 locus
2444 4830 2515 4893 ὁ.
2607 4824 2767 4887 Nam
2808 4822 2927 4887 etsi
2973 4832 3071 4887 est
