3634 5575
45 5259 54 5340 -vv-
45 5189 54 5230 *v-
45 5117 50 5126 ·

601 374 690 443 48
1787 372 2114 429 Prooemium.

603 537 900 603 propositum
941 536 1036 599 ipsi
1079 534 1198 591 fuit,
1243 532 1564 585 detinendum
1609 548 1718 585 esse
1734 569 1749 591 ,
1796 534 1957 586 donee
1974 570 1991 593 ‚
2042 533 2158 601 quid
2203 549 2264 585 ex
2308 550 2475 587 eorum
2510 536 2689 587 animis
2722 536 3117 601 respondendum
3150 544 3307 592 esset,

605 621 966 674 cognoscerem.
1041 605 1114 655 lbi
1149 606 1298 671 igitur
1334 620 1460 669 quae
1497 620 1650 669 supra·
1679 607 1876 670 scripsi,-
1914 609 1965 656 in
1999 606 2250 657 mandatis
2286 608 2475 672 accepi.

745 678 888 727 Haec
922 676 1231 727 Maestlinus.
1299 676 1628 737 „Consilium“
1669 693 1781 728 vero
1821 678 1946 741 quod
1970 678 2213 742 chlerus
2250 679 2343 729 sibi
2378 680 2599 742 expetiit,
2636 693 2797 743 neque
2825 678 3109 730 Hauscliius
3144 692 3309 741 neque

603 750 936 813 manuscripta
985 762 1113 811 quae
1165 749 1461 810 inspeximus
1517 748 1772 806 exhibent,
1831 763 2127 815 quamquam
2171 749 2451 799 Hauschius
2496 752 2548 800 iu
2598 750 2753 810 „Vita
2788 750 3023 815 Kepleri⁴⁴
3076 747 3148 813 (p.
3186 748 3309 809 XV)

604 830 836 885 spectans
889 817 1011 869 illud
1060 819 1315 868 consilium
1359 818 1424 868 ad
1467 818 1558 869 has
1597 818 1853 869 Maestlini
1896 819 2065 870 literas
2110 820 2343 871 lectorem
2390 820 2606 887 ablegat.
2682 818 2843 880 Quale
2881 830 3049 873 autem
3094 822 3245 871 fuerit
3278 834 3311 869 e

603 893 826 957 sequenti
861 890 1065 953 Kepleri
1100 891 1414 953 responsione
1449 897 1657 953 apparet
1694 888 1768 954 (p.
1808 887 1922 952 5¹).

743 962 1056 1017 Maestlinus,
1093 975 1258 1025 pauca
1293 962 1353 1010 de
1393 976 1570 1025 „opere
1608 962 1878 1027 argenteo“
1917 976 2123 1012 monens
2159 960 2293 1024 (ride
2326 959 2479 1023 infra)
2516 965 2705 1029 pergit:
2753 962 2999 1027 Tychonis
3037 964 3207 1013 literas
3244 962 3313 1013 ad

604 1042 656 1085 te
681 1034 897 1084 nondum
919 1032 1134 1097 perlatas
1160 1048 1270 1083 esse
1305 1032 1528 1097 equidem
1571 1034 1732 1083 miror.
1789 1032 1973 1082 Earum
1998 1048 2115 1099 ergo
2140 1035 2305 1097 copias
2342 1035 2431 1083 tibi
2455 1036 2615 1091 mitto,
2652 1036 2769 1099 quin
2806 1042 2859 1085 et
2892 1042 3085 1099 partem
3120 1048 3309 1089 earum.

605 1121 733 1171 quae
771 1106 836 1155 ad
871 1120 950 1155 me
989 1104 1138 1154 datae
1175 1110 1290 1153 sunt
1317 1140 1330 1153 .
1359 1138 1372 1151 .
1403 1139 1416 1152 .
1444 1138 1457 1151 .
1532 1104 1684 1153 Totus
1721 1105 1948 1155 inhaeret
1996 1119 2119 1155 suae
2158 1104 2445 1169 hypothesi,
2500 1120 2647 1169 quam
2692 1108 2936 1157 mordicus
2980 1112 3134 1155 tenet.
3210 1104 3309 1155 Sed

607 1180 824 1227 rationes
861 1176 981 1225 dicit
1015 1190 1068 1225 se
1105 1176 1154 1225 in
1190 1177 1288 1224 tuis
1321 1174 1476 1223 literis
1513 1175 1580 1225 ad
1613 1182 1665 1225 te
1703 1176 1833 1227 datis
1870 1176 2165 1239 exposuisse.
2244 1176 2489 1240 Sperabat
2524 1191 2641 1243 ergo
2678 1179 2893 1231 omnino.
2930 1192 3010 1229 me
3044 1176 3311 1241 aliquando

607 1264 776 1299 earum
813 1248 979 1311 copias
1018 1261 1049 1295 a
1085 1253 1134 1305 te
1171 1253 1504 1310 accepturum.
1562 1246 1620 1297 Iu
1657 1246 1756 1295 fine
1793 1247 1949 1303 addit,
1987 1249 2103 1311 quia
2136 1246 2425 1298 tabellarius
2462 1246 2552 1299 dte.
2592 1247 2726 1311 (vide
2762 1251 3106 1314 postscriptum
3140 1248 3311 1298 litera-

605 1335 710 1369 rum
750 1318 994 1381 Tychonis
1029 1333 1075 1381 p.
1115 1314 1233 1378 46).
1297 1317 1356 1367 ld
1391 1319 1544 1383 igitur
1576 1318 1670 1367 uisi
1705 1319 1891 1367 factum
1927 1319 2127 1377 fuisset,
2174 1320 2540 1376 animadverto,
2592 1321 2719 1385 quod
2770 1335 2861 1371 eae
2910 1322 3107 1384 penitus
3156 1322 3311 1369 inter·

606 1391 852 1441 cidisseut.
923 1387 1263 1437 Memorabilia
1301 1394 1469 1438 autem
1506 1397 1646 1444 suut.
1685 1404 1813 1453 quae
1851 1390 1912 1439 de
1948 1405 2037 1439 suo
2074 1390 2327 1455 eclipsium
2364 1390 2551 1442 calculo
2588 1392 2757 1443 scribit
2793 1390 2883 1441 ae.

745 1462 804 1510 In
841 1460 993 1510 literis
1030 1475 1140 1509 vero
1179 1459 1242 1508 ad
1279 1466 1330 1510 te
1368 1460 1498 1509 datis
1533 1460 1684 1513 rides.
1723 1462 1853 1525 quod
1888 1462 2025 1510 nobis
2064 1462 2125 1512 de
2163 1464 2350 1512 usitata
2370 1463 2613 1513 hactenus
2638 1464 2938 1513 utronomia
2972 1463 3051 1513 vix
3084 1462 3315 1511 umbram

605 1533 860 1597 relinquit,
897 1536 954 1580 ut
990 1531 1250 1581 dicendum
1285 1546 1434 1595 prope
1470 1531 1610 1583 nobis
1645 1534 1739 1588 sit,
1776 1533 1917 1582 uobis
1952 1532 2071 1582 nibil
2110 1533 2171 1583 de
2208 1548 2271 1584 ea
2304 1542 2563 1592 constare,
2600 1549 2747 1599 quam
2783 1536 2982 1585 unicum
3016 1535 3111 1584 hoc
3128 1568 3144 1592 ,
3182 1532 3317 1597 quod

604 1607 656 1655 in
693 1604 1030 1653 astronomicis
1048 1602 1166 1653 nihil
1189 1604 1420 1653 sciamus.
1476 1602 1659 1653 Verum
1695 1609 1808 1653 utut
1842 1605 1922 1663 sit,
1962 1603 2295 1668 Coperniceae
2329 1605 2623 1669 hypotheses
2658 1606 2777 1655 mihi
2812 1607 3100 1669 peremnia
3134 1606 3316 1655 melius

610 1676 842 1730 arrident,
879 1687 974 1723 nec
1011 1674 1192 1729 dubito,
1228 1676 1362 1739 quin,
1398 1676 1438 1723 si
1475 1689 1568 1724 sua
1602 1676 1867 1725 ratiocinia
1902 1675 1966 1725 ad
2004 1690 2091 1725 eas
2128 1676 2355 1733 referret,
2394 1691 2460 1725 ea
2492 1678 2559 1727 ibi
2594 1677 2747 1727 multo
2784 1678 3090 1741 expeditiora
3126 1682 3314 1727 essent.

607 1747 734 1799 Puto
772 1754 966 1801 autem,
1017 1744 1426 1809 quemadmodum
1463 1760 1522 1795 ex
1559 1746 1766 1808 epistola
1799 1748 1951 1809 ipsius
1988 1746 2053 1797 ad
2089 1746 2360 1797 Peucerum
2416 1748 2539 1799 data
2572 1745 2643 1807 ²⁸)
2662 1782 2677 1805 ,
2728 1749 2932 1814 colligo,
2960 1748 3137 1797 'solum
3174 1746 3318 1807 illud,

608 1818 736 1883 qnod
774 1818 928 1867 Terra
961 1817 1014 1865 iu
1049 1818 1201 1865 sacris
1237 1817 1389 1866 literis
1426 1818 1631 1867 immota
1666 1816 1762 1866 dici
1785 1818 1991 1877 videtur,
2030 1819 2187 1881 ipsum
2210 1820 2263 1867 iu
2288 1832 2400 1868 eam
2425 1822 2724 1869 sententiam
2748 1820 3051 1884 deportasse,
3092 1820 3173 1869 cui
3198 1834 3317 1869 cum

604 1893 710 1953 jam
745 1889 910 1938 omnia
945 1889 1354 1951 superexstruxit,
1392 1887 1666 1938 valedicere
1702 1902 1800 1937 non
1837 1896 2015 1953 potest,
2052 1891 2169 1953 qnia
2212 1890 2265 1939 id
2310 1904 2545 1955 magnam
2582 1893 2631 1940 in
2668 1906 2821 1957 reguo
2856 1906 2947 1939 suo
2982 1892 3317 1941 astronomici>

609 1961 932 2010 mutationem
965 1964 1176 2022 pareret.
1243 1959 1446 2009 Utinam
1482 1974 1594 2009 vero
1634 1960 1694 2009 de
1731 1967 1825 2010 tua
1856 1961 2115 2011 harmonia
2152 1976 2213 2011 ex
2248 1959 2279 2009 5
2318 1963 2599 2025 corporibus
2633 1962 2939 2027 regularibus
2972 1969 3137 2013 sumta
3172 1962 3319 2011 initio

608 2033 784 2082 fuisset
817 2031 1045 2081 monitus.
1119 2028 1306 2103 Verum
1340 2032 1572 2095 quoniam
1607 2032 1827 2097 intelligo
1841 2068 1854 2092 ,
1892 2034 2051 2096 ipsum
2084 2040 2333 2083 maturare
2369 2032 2775 2097 publicationem,
2814 2048 2996 2098 magno
3033 2047 3147 2083 cum
3184 2033 3323 2083 deai-

611 2104 743 2154 110110
781 2117 892 2152 eam
931 2106 1152 2165 expecto.

751 2175 882 2225 Hinc
919 2174 984 2223 ad
1020 2172 1198 2223 Ursum
1235 2174 1413 2223 transit
1449 2172 1744 2225 Maestlinus
1781 2180 1834 2223 et
1868 2174 1935 2224 ad
1974 2174 2355 2239 chronologica,
2408 2182 2461 2225 et
2506 2176 2580 2225 sic
2616 2175 2892 2225 concludit:
2952 2174 3077 2225 Vale
3116 2177 3323 2238 optime.

609 2244 750 2297 Deus
784 2252 836 2295 te
873 2253 1077 2309 tuosque
1114 2252 1370 2295 conservet
1405 2245 1808 2301 clementissime,
1862 2252 1917 2295 ut
1959 2246 2117 2309 possis
2153 2260 2353 2297 munere
2388 2255 2473 2296 tuo
2510 2248 2693 2311 optime
2737 2248 2990 2311 perfungi,
3042 2254 3095 2296 et
3128 2246 3249 2295 illud
3290 2261 3328 2297 a

611 2318 720 2367 Deo
758 2318 846 2365 tibi
883 2330 1168 2365 concessum
1205 2316 1448 2367 talentum
1487 2318 1538 2367 iu
1582 2332 1722 2367 usum
1767 2317 1834 2367 ad
1878 2317 2085 2381 gloriam
2122 2315 2219 2367 Dei
2266 2319 2445 2381 optime
2492 2318 2749 2369 collocare.
2826 2318 3081 2385 Tubingae
3136 2319 3327 2382 partim

617 2387 675 2437 11
720 2385 840 2451 (21)
877 2388 1058 2451 partim
1090 2386 1408 2437 illucescente
1444 2388 1725 2451 propediem
1766 2384 1835 2435 12
1873 2385 1991 2449 (22)
2028 2388 2145 2438 Jan.
2188 2385 2341 2438 1599.

753 2459 1068 2523 Keplerus
1103 2460 1154 2507 in
1191 2459 1344 2509 literis
1381 2458 1446 2507 ad
1479 2458 1885 2509 Maestlinum
1920 2460 2050 2509 datis
2088 2457 2161 2521 (d.
2201 2454 2311 2522 ¹⁸12.
2342 2460 2481 2510 Febr.
2512 2456 2693 2521 1599),
2730 2460 2857 2511 haec
2894 2460 2957 2509 de
2990 2459 3329 2511 Prodromo

623 2538 674 2581 et
708 2530 996 2594 Tychone
1035 2527 1324 2594 (respiciens
1360 2530 1604 2592 Tychonis
1639 2531 1808 2581 literas
1845 2528 2165 2595 praemissas)
2200 2532 2407 2595 profert,
2459 2546 2601 2583 suam
2638 2537 2691 2583 et
2728 2531 2983 2596 Ceperuici
3019 2533 3331 2583 sententia-tu

620 2602 820 2653 firmiter
853 2609 1031 2653 tenens
1069 2608 1122 2653 et
1157 2601 1460 2651 defendens:

1809 2744 1875 2808 S.
1924 2744 1993 2808 P.
2042 2745 2119 2809 D.

799 2852 924 2913 vix
970 2870 1316 2932 acceperam
1367 2851 1461 2912 die
1511 2847 1569 2912 3.
1631 2847 1705 2912 13
1753 2851 2063 2913 Februarii
2110 2859 2247 2914 tuas
2294 2848 2519 2926 literas,
2572 2871 2701 2912 cum
2750 2871 2886 2914 ecce
2933 2853 3030 2914 vel
3076 2853 3330 2914 tandem

623 2941 922 3025 Tychonis
986 2941 1167 3003 etiam
1231 2939 1548 3020 epistolam
1613 2939 1708 3001 die
1766 2937 1828 3004 8.
1896 2939 1974 3004 18
2028 2941 2219 3020 ejusd.
2276 2939 2635 3020 Witebergii
2696 2941 2839 3002 mihi
2912 2942 3325 3015 advolantem,

625 3030 862 3094 struthi
907 3030 1022 3091 alis
1081 3029 1310 3110 opinor.
1403 3027 1563 3099 Quid
1619 3028 1705 3090 illi
1763 3029 2167 3109 responderim
2226 3030 2492 3108 (quando
2550 3039 2611 3092 te
2668 3030 2727 3091 id
2784 3039 3065 3111 satagere
3112 3031 3327 3104 video)

623 3141 700 3182 ex
745 3120 984 3199 adjecto
1032 3118 1354 3197 exemplari
1403 3136 1749 3196 cognosces.
1846 3119 2045 3180 Velim
2102 3126 2299 3180 autem
2356 3117 2701 3195 existimes,
2774 3139 2916 3180 vera
2974 3137 3069 3180 me
3124 3129 3186 3181 et
3246 3137 3331 3180 ex

557 3211 562 3216 ’
625 3210 819 3272 animo
877 3209 1075 3271 omnia
1135 3207 1449 3287 scripsisse
1466 3225 1484 3281 3
1553 3207 1692 3289 quia
1755 3207 1979 3270 veritas
2036 3227 2099 3268 se
2158 3207 2287 3287 ipsa
2345 3217 2443 3268 sat
2500 3215 2632 3269 tuta
2679 3216 2792 3271 est.
2886 3207 3063 3280 Quod
3120 3218 3329 3270 autem

625 3297 1030 3362 vehementior
1092 3298 1152 3359 in
1214 3296 1406 3377 ipsum
1471 3295 1689 3359 Ursum
1737 3316 1860 3358 non
1916 3315 2073 3371 sum,
2146 3297 2367 3373 partim
2424 3297 2649 3376 pudore
2704 3299 2799 3372 fit,
2861 3299 3081 3377 partim
3134 3308 3320 3360 metu.

626 3388 820 3460 Quem
865 3388 1048 3462 enim,
1111 3387 1260 3466 proh
1307 3387 1502 3460 dolor,
1559 3393 1874 3466 tantopere
1921 3385 2187 3459 laudavi,
2256 3404 2371 3448 non
2417 3403 2660 3464 possum
2708 3387 2835 3448 sine
2882 3387 3327 3450 inconstantiae

623 3478 861 3544 macula
907 3475 1032 3555 jam
1081 3476 1286 3538 statim
1341 3473 1682 3554 turpissime
1743 3475 2077 3537 traducere.
2173 3471 2347 3544 Quod
2406 3474 2458 3536 si
2514 3476 2831 3556 epistolam
2886 3476 3071 3538 etiam
3124 3487 3327 3538 meam

625 3567 829 3650 Tycbo
877 3565 1036 3646 typis
1081 3567 1363 3626 mandare
1413 3563 1592 3625 velit:
1653 3565 1969 3626 verendum
2018 3563 2259 3638 fuisset,
2309 3583 2382 3624 ne
2429 3563 2488 3624 in
2533 3565 2820 3644 majorem
2870 3584 3061 3628 meam
3108 3575 3327 3628 contu—

625 3655 862 3720 meliam
913 3655 1099 3718 Ursus
1147 3654 1300 3716 alias
1347 3652 1528 3716 etiam
1577 3672 1744 3715 meas
1789 3653 2150 3733 publicaret,
2208 3663 2273 3714 et
2326 3671 2444 3732 qua
2497 3661 2671 3732 parte
2719 3654 3113 3722 modestiores
3158 3663 3320 3730 sunt,

625 3747 1028 3819 adulteraret,
1097 3751 1204 3806 aut
1266 3743 1387 3804 alia
1441 3743 1542 3804 via
1587 3742 1730 3803 mihi
1775 3742 2174 3804 insidiaretur.
2265 3741 2450 3802 Porro
2498 3742 2643 3804 illud
2686 3751 2749 3806 te
2806 3746 2959 3808 scire
3016 3747 3186 3816 volo,
3246 3763 3324 3806 ex

627 3834 996 3898 sermonibus
1042 3832 1344 3894 tabellarii
1389 3851 1480 3892 me
1527 3831 1928 3906 intellexisse,
1978 3831 2317 3913 Tychonem
2366 3832 2667 3912 (quamvis
2712 3853 2925 3897 nomen
2971 3835 3098 3914 ejus
3145 3835 3321 3914 igno-

623 3925 876 3998 raverit)
915 3924 1046 4004 jam
1093 3922 1479 3999 Witebergae
1527 3939 1682 3983 esse.
3206 3909 3215 3924 ’

801 4013 961 4076 Mira
1007 4012 1244 4072 fortuna
1287 4009 1404 4071 mei
1449 4009 1724 4091 Mysterii
1772 4006 2285 4088 Cosmographici.
2378 4008 2547 4072 Nihil
2601 4007 2829 4088 accipio
2885 4029 2991 4089 pro
3038 4028 3323 4090 compen-

625 4104 879 4177 satione,
927 4109 991 4162 et
1025 4101 1153 4179 jam
1198 4099 1535 4179 desperavi.
1607 4098 1676 4160 In
1715 4097 1973 4160 comitiis
2010 4097 2175 4160 hisce
2219 4097 2568 4177 praeteritis
2612 4098 2757 4159 mihi
2800 4099 3120 4177 petendum
3166 4100 3323 4162 fuis-

630 4203 758 4256 set:
823 4190 940 4253 nisi
985 4208 1204 4268 magna
1249 4207 1379 4249 cum
1429 4187 1829 4250 sollicitudine
1888 4205 1995 4266 pro
2054 4205 2123 4247 eo
2176 4187 2379 4268 potius
2433 4187 2577 4249 mihi
2633 4187 3020 4250 laborandum
3078 4188 3193 4265 sit,
3256 4203 3325 4252 ut

630 4283 910 4344 salarium
956 4279 1264 4341 retineam.
1361 4274 1563 4347 Quare
1613 4295 1739 4337 eum
1789 4277 2013 4338 diutius
2060 4283 2119 4337 te
2169 4276 2529 4354 suspendere
2577 4295 2891 4356 nequeam,
2944 4297 3088 4358 rogo
3134 4279 3323 4341 vehe-

629 4380 886 4443 menter,
933 4387 1039 4448 pro
1085 4367 1358 4430 maximis
1407 4376 1469 4426 et
1513 4365 1857 4428 multifariis
1906 4365 2025 4426 tuis
2073 4363 2376 4427 laboribus
2424 4367 2539 4429 hoc
2584 4365 2859 4444 exiguum
2914 4368 3327 4432 munusculum

629 4478 819 4539 aequo
865 4459 1080 4532 animo,
1129 4457 1303 4517 rebus
1350 4455 1438 4518 sic
1484 4455 1801 4529 stantibuS,
1850 4453 2133 4533 accipies.
2210 4453 2495 4517 Poculum
2530 4463 2623 4518 est
2663 4455 3015 4520 deauratum
3044 4458 3321 4537 undique,

627 4548 889 4632 pondere
943 4544 1020 4609 10
1064 4547 1216 4608 Lott
1259 4554 1321 4607 et
1362 4544 1542 4624 paulo
1588 4544 1863 4623 amplius.
1958 4542 2025 4604 ld
2072 4543 2216 4604 mibi
2260 4560 2367 4623 pro
2416 4545 2644 4623 aliquot
2688 4545 3109 4608 nativitatibus
3154 4547 3327 4608 dedit

629 4639 702 4714 is,
753 4635 919 4716 cujus
964 4635 1022 4696 in
1070 4635 1441 4698 dedicatione
1489 4651 1704 4694 nomen
1752 4650 2100 4712 expressum
2164 4641 2260 4694 est
2305 4631 2820 4707 (Heberstenius).
2921 4635 3324 4698 Deci-everam

631 4724 970 4808 operculum
1014 4743 1326 4803 procurare
1372 4723 1633 4803 pondere
1681 4716 1720 4784 6
1760 4724 1897 4800 lott,
1945 4729 2012 4782 ut
2058 4731 2221 4784 esset
2264 4721 2518 4801 pretium
2562 4723 2755 4803 poculi
2796 4719 2881 4786 20
2911 4725 2993 4799 fl„
3044 4725 3152 4787 sed
3187 4745 3323 4793 mu-

631 4825 766 4879 tato
813 4813 1090 4888 consilio,
1137 4833 1266 4877 cum
1314 4814 1494 4876 etiam
1542 4819 1809 4891 tempore
1857 4810 2227 4886 excluderer,
2290 4811 2475 4874 malui
2518 4812 2775 4892 pretium
2820 4813 3012 4892 ipsum
3060 4814 3322 4890 mittere,

631 4914 701 4976 ut
741 4903 1053 4970 arbitrium
1097 4902 1272 4985 hujus
1315 4903 1404 4966 rei
1446 4910 1612 4966 tuum
1657 4900 1845 4982 ipsius
1890 4909 2072 4963 esset.
2144 4901 2429 4982 Accipies
2474 4901 2659 4984 igitur
2702 4903 2864 4965 ultra
2908 4899 2947 4968 6
2980 4903 3323 4970 Ferdinau-
