3634 5575
636 346 767 417 656
1698 348 1759 401 In
1796 344 1969 414 Opera‘
1999 300 2313 416 astrologica

636 508 1023 575 Tengnaglium.
1084 508 1167 573 qui
1208 506 1514 573 legationem
1550 508 1601 557 in
1636 507 1890 573 Belgium.
1929 508 2166 574 Angliam
2201 506 2294 558 &c-
2331 510 2638 572 susceperat,
2681 512 2736 558 et
2765 508 2864 559 hac
2897 510 3162 559 occasione
3199 508 3342 559 intoe

636 582 871 631 nuncium
906 579 1217 629 commodum
1252 579 1471 642 Keplero
1508 592 1563 629 se
1598 580 1830 642 praebuit
1865 580 1932 629 ad
1965 580 2238 643 portandas
2274 580 2444 629 literas
2479 584 2533 628 et
2567 578 2714 628 libros
2737 579 2942 643 Kepleri
2977 581 3044 629 ad
3063 580 3364 629 studiorum

635 667 835 701 suorum
870 652 1031 700 socios
1066 650 1502 714 reportandosque.
1544 650 1659 713 Ipse
1706 649 1956 715 Keplerus
1988 652 2041 699 in
2077 651 2202 701 libro
2237 651 2302 700 de
2327 649 2488 711 Stella
2509 648 2656 699 Nova
2687 651 2864 712 paucis
2897 651 3086 706 innuit,
3125 650 3362 708 mbas,

636 723 753 772 licet
787 722 963 773 alienis
998 721 1063 771 ab
1100 722 1406 770 astronomia
1440 720 1663 771 functum
1698 723 1930 786 negotiis,
1967 736 2067 771 non
2100 722 2250 785 plane
2285 722 2508 771 omisisse
2541 720 2758 770 sardium
2782 720 3018 783 Tyohone
3043 721 3172 771 duce
3197 734 3364 785 quon-

638 793 755 843 dam
791 798 1095 855 susceptum.

812 876 873 939 8)
908 894 954 943 p.
998 875 1121 928 358.
1194 876 1273 927 De
1312 877 1695 941 Hieronymo
1736 878 2032 928 Cardano
2074 879 2200 929 haec
2245 877 2452 935 habeas,
2497 890 2624 943 quae
2665 878 2770 941 ipse
2809 878 2859 926 in
2905 876 3216 937 „Genitura“
3267 892 3368 927 sua

634 951 843 1014 profert:
897 946 1091 1007 „Natus
1134 964 1242 999 sum
1287 946 1581 1009 (Mediolani
1624 949 1672 999 d.
1712 946 1797 997 24.
1833 949 1972 1013 Sept.
2019 947 2177 1008 1501)
2223 963 2282 999 ex
2325 956 2467 1013 patre
2512 962 2648 998 sene.
2722 948 2800 997 Ab
2845 960 2976 997 anno
3021 954 3199 998 octavo
3247 962 3368 997 curn

635 1032 885 1084 nunquam
919 1019 995 1069 vel
1029 1033 1181 1069 unam
1216 1019 1347 1068 diem
1382 1018 1663 1069 valetudine
1703 1020 1870 1069 firmus
1907 1026 1960 1069 et
1995 1020 2100 1069 sine
2140 1020 2303 1069 dolore
2337 1020 2578 1076 duxerim,
2615 1018 2769 1067 nihilo
2805 1020 2964 1067 minus
2991 1033 3078 1082 per
3103 1015 3173 1066 44
3199 1032 3368 1068 annos

638 1096 899 1155 sequentes
940 1091 1017 1137 vix
1062 1091 1220 1139 triduo
1264 1090 1429 1139 morbo
1470 1104 1726 1153 oppressus
1765 1090 1991 1141 decubui.
2067 1090 2257 1155 Totque
2293 1090 2487 1140 labores
2525 1094 2578 1139 et
2622 1089 2942 1139 difficultates
2983 1102 3179 1153 passus.
3226 1102 3370 1139 anno

637 1167 811 1213 exacto
845 1163 951 1222 jam
995 1158 1080 1209 52.
1126 1159 1381 1218 robustior,
1434 1174 1583 1225 quam
1628 1161 1679 1209 in
1716 1162 1926 1223 juventa
1961 1158 2194 1224 unquam‘
2222 1160 2411 1211 fuerim.
2488 1159 2673 1209 Multos
2711 1158 2964 1224 procreavi
3005 1160 3154 1209 filios.
3223 1158 3370 1208 Nulli

635 1232 935 1289 mortalium,
978 1237 1035 1279 ut
1079 1232 1319 1292 existimo,
1363 1237 1440 1281 tot
1474 1232 1723 1293 insperato
1766 1238 1858 1281 aut
1897 1232 2031 1281 bona
2073 1238 2164 1281 aut
2198 1232 2334 1281 mala
2377 1230 2638 1289 advenere,
2679 1230 2806 1283 adeo
2849 1236 2908 1281 ut
2947 1229 3068 1279 nihil
3109 1235 3366 1293 optatum.

634 1308 830 1367 praeter
871 1301 1147 1351 medicinae
1184 1301 1409 1351 lauream
1446 1299 1635 1363 (1525)
1680 1309 1735 1351 et
1774 1303 2142 1365 cooptationem
2183 1304 2234 1353 in
2273 1302 2534 1367 collegium
2583 1302 2886 1351 medicorum
2917 1306 3216 1352 consecutura

636 1368 835 1435 (1539).
911 1374 1211 1435 Aspernanti
1255 1387 1367 1421 vero
1405 1372 1577 1437 reliqui
1616 1372 1827 1425 honores
1865 1374 1993 1423 ultro
2041 1373 2220 1423 delati:
2269 1374 2452 1437 primus
2503 1372 2762 1435 profitendi
2811 1371 2946 1421 locus
2993 1372 3045 1421 in
3095 1371 3370 1421 madentia

638 1440 846 1505 (1543),
891 1444 1073 1506 primus
1110 1443 1245 1491 locus
1289 1444 1421 1506 apud
1464 1458 1622 1507 reges,
1667 1450 1852 1493 vocant
1888 1443 2188 1503 archiatron,
2237 1442 2545 1493 familiaritas
2589 1450 2642 1491 et
2685 1443 2908 1492 amicitia
2945 1442 3220 1505 principum
3251 1442 3366 1505 plu-

636 1516 760 1563 rium
806 1510 908 1573 (Jo.
930 1512 1126 1562 Morani
1164 1513 1449 1570 cardinalis,
1492 1514 1723 1578 principis
1739 1514 1981 1569 Esteusis,
2015 1514 2214 1563 Daniae
2251 1511 2430 1579 regis),
2473 1513 2682 1563 honores
2727 1526 2762 1563 a
2804 1514 3084 1563 civitatibus
3124 1512 3366 1576 publici.“

636 1586 795 1635 Annis
842 1580 1138 1633 1559—62.
1176 1584 1472 1633 medicinam
1521 1582 1841 1647 profitebatur
1873 1584 2076 1639 paviae.
2129 1580 2420 1632 1562-70.
2446 1582 2734 1643 Βοηοηὶως
2785 1589 3006 1632 mortuus
3049 1590 3128 1633 est
3169 1582 3370 1632 Romae

638 1668 771 1703 anno
823 1650 975 1701 1576.
1050 1654 1124 1703 Ex
1172 1654 1448 1704 medicinae
1498 1668 1589 1703 usu
1638 1669 1797 1720 aeque
1849 1669 1910 1704 ac
1960 1654 2257 1719 astrologiae
2307 1668 2633 1720 permagnam
2693 1654 2908 1703 confecit
2949 1655 3230 1717 pecuniam.
3305 1652 3368 1702 In

640 1723 944 1783 „Genitura“
990 1738 1197 1788 pergens
1236 1724 1363 1774 haec
1406 1724 1547 1775 addit
1584 1723 1844 1775 Cardauus
1883 1725 1946 1774 de
1979 1727 2114 1775 vitae
2158 1726 2428 1775 rationibus
2471 1726 2752 1790 ingeniique
2789 1726 2866 1773 sui
2907 1730 3116 1774 natura:
3155 1722 3369 1783 Quoties

639 1797 701 1846 ab
740 1795 911 1844 amicis
949 1794 1171 1843 desertus
1210 1808 1271 1845 ac
1307 1796 1541 1858 proditus,
1588 1797 1651 1846 ab
1688 1796 1953 1861 incognitis
1994 1795 2193 1857 adiutus
2230 1794 2376 1846 sum?
2423 1794 2628 1857 Quoties
2667 1808 2855 1859 magna
2883 1794 3022 1844 mala
3059 1795 3236 1859 ingens
3277 1795 3364 1843 bo·

637 1882 757 1916 num
790 1878 1023 1929 peperere
1047 1864 1199 1914 mihi?
1245 1864 1377 1925 Quot
1408 1880 1540 1915 nunc
1564 1881 1643 1916 me
1681 1866 1868 1928 colunt,
1897 1867 1980 1931 qui
2013 1881 2113 1916 non
2147 1866 2304 1917 solum
2335 1864 2736 1920 contemnebant,
2777 1866 2865 1915 sed
2901 1865 3102 1931 egregie
3137 1865 3366 1915 oderant.

642 1937 809 1986 Toties
857 1950 943 1999 per
987 1934 1283 1985 calumniam
1329 1944 1611 1995 accusatus,
1660 1950 1913 2001 nunquam
1963 1944 2131 1987 tamen
2181 1938 2309 1985 exilii
2363 1942 2452 1987 aut
2474 1942 2478 1947 “
2499 1938 2712 1987 carceris
2755 1949 2920 1999 poena
2965 1936 3220 1985 intentata
3263 1942 3360 1994 eat.

643 2022 755 2057 cum
792 2012 961 2055 tamen
1006 2020 1133 2068 pene
1178 2006 1562 2070 crucifigendum
1605 2010 1834 2057 concives
1875 2006 1990 2063 mei,
2037 2008 2211 2071 quibus
2247 2007 2366 2057 nihil
2404 2008 2611 2057 veritate
2647 2007 2754 2070 ipsa
2789 2007 2988 2073 gravius
3026 2012 3103 2055 est
3147 2020 3208 2055 ac
3242 2020 3366 2057 voce

642 2078 812 2133 libera,
859 2076 1172 2125 clamitarent
1231 2074 1448 2140 (scripsit
1490 2076 1617 2126 haec
1662 2077 1920 2128 Cardenus
1961 2076 2234 2127 Mediolani
2276 2093 2406 2128 ωηο
2452 2074 2614 2133 1553ς
2675 2076 2932 2127 Bononiae
2975 2091 3089 2129 vero
3127 2078 3364 2127 adversa-

640 2150 817 2197 rioram
869 2145 1142 2203 calumnias
1192 2163 1290 2196 nou
1341 2147 1533 2213 effugit,
1586 2154 1637 2197 et
1685 2149 1819 2198 brevi
1870 2154 1980 2212 post
2022 2149 2287 2197 adventum
2333 2163 2474 2197 suum
2526 2142 2600 2211 [6.
2639 2146 2750 2197 Oct.
2799 2140 2962 2210 1562]
3013 2148 3065 2199 in
3109 2161 3366 2197 carcerem

642 2220 894 2280 conjectus
930 2217 1008 2266 die
1053 2218 1248 2267 demum
1290 2216 1370 2266 77.
1415 2218 1595 2268 abhinc
1636 2220 1913 2283 suspicione
1956 2218 2204 2268 exsolutus
2248 2234 2275 2268 e
2327 2232 2524 2268 carcere
2574 2218 2798 2267 dimissus
2850 2214 2968 2277 est).
3045 2216 3202 2267 Simili
3252 2218 3364 2267 feli·

641 2290 809 2345 citate,
858 2288 1036 2353 pergit,
1087 2302 1217 2347 usus,
1270 2302 1381 2338 cum
1430 2290 1558 2338 inter
1602 2295 1678 2338 tot
1718 2290 1940 2338 inimicos
1979 2292 2031 2337 et
2071 2290 2260 2339 invidos
2304 2303 2448 2338 nemo
2491 2302 2708 2353 uuquam
2750 2288 2949 2337 laedere
2994 2302 3072 2337 me
3122 2289 3366 2351 potuerit.

640 2360 934 2409 Divitiarum
974 2364 1025 2407 et
1064 2358 1249 2423 gloriae
1292 2364 1567 2409 contemtor
1602 2359 1700 2417 fui;
1747 2374 1999 2423 nunquam
2036 2374 2116 2409 me
2158 2362 2417 2410 mentitum
2454 2373 2562 2409 esse
2598 2360 2815 2409 memini.
2873 2358 2932 2407 In
2973 2359 3208 2407 ecstasim
3239 2372 3362 2422 quo-

640 2428 735 2481 ties
773 2428 879 2477 volo
922 2434 1137 2479 transeo.
1210 2428 1359 2479 Plura
1401 2431 1573 2493 scripsi
1597 2444 1761 2495 quam
1794 2430 1911 2495 legi,
1957 2431 2100 2479 docui
2137 2444 2284 2496 quam
2318 2430 2483 2491 didici,
2524 2432 2724 2493 juvatus
2767 2443 2802 2478 a
2831 2429 3050 2486 numine,
3089 2430 3168 2478 cui
3207 2430 3362 2479 etiam

642 2502 810 2551 omnia
856 2500 1031 2549 tribuo.
1084 2521 1153 2532 —
1203 2500 1277 2549 Ex
1327 2502 1606 2564 aspectibus
1654 2500 1964 2565 planetarum
2012 2499 2106 2551 has
2159 2502 2308 2551 animi
2355 2500 2622 2565 qualitates
2669 2500 2760 2549 sibi
2807 2494 3030 2549 vindicat
3073 2496 3361 2550 Uardanus:

580 2625 593 2638 ,
648 2572 875 2631 „animus
911 2569 1362 2634 philosophicus1et
1400 2572 1620 2621 scientiis
1661 2572 2080 2628 accommodatus,
2125 2572 2425 2637 ingeniosus,
2471 2571 2692 2636 elegans,
2739 2569 2866 2620 bene
2899 2574 3139 2627 moratus,
3179 2568 3358 2629 laem,

642 2645 767 2707 pius,
812 2640 955 2698 fidus,
1001 2648 1216 2704 promtus
1260 2642 1325 2691 ad
1363 2640 1528 2691 officia
1564 2642 1884 2705 praestanda,
1930 2642 2146 2691 veritatis
2199 2654 2388 2703 ainans,
2439 2642 2736 2699 laboriosus,
2786 2641 3014 2690 inventor
3061 2655 3224 2689 rerum
3271 2654 3360 2689 no·

641 2727 831 2769 varum,
871 2712 1086 2760 moribus
1123 2712 1406 2772 moderatis,
1453 2711 1697 2769 sobrius;“
1746 2718 1945 2762 contra:
1987 2714 2284 2776 „captiosus,
2336 2712 2548 2770 dolosus,
2601 2711 2954 2767 amarulentus,
3005 2710 3056 2761 iu
3109 2710 3236 2761 diem
3287 2712 3358 2759 ri-

639 2799 775 2840 vens,
806 2780 1055 2848 religionis
1098 2790 1388 2840 contemtor,
1432 2783 1663 2848 proditor,
1704 2783 1833 2846 turpi
1870 2783 2058 2833 libidini
2096 2782 2307 2841 deditus,
2354 2782 2625 2834 obscoenus
2645 2780 2768 2834 &02⁴
2845 2780 3044 2832 Deinde
3093 2781 3183 2841 „de
3224 2782 3358 2832 vitiis

641 2861 694 2905 et
731 2853 907 2903 morbis
944 2851 1126 2907 animi“
1168 2853 1311 2904 dicit:
1352 2856 1474 2903 vitia
1508 2855 1645 2903 nulla
1684 2856 1835 2903 animi
1871 2855 2085 2912 fuerunt,
2123 2857 2215 2904 nisi
2239 2855 2564 2904 immoderata
2591 2853 2831 2916 cupiditas
2865 2851 3082 2910 sciendl;
3119 2853 3360 2902 musicam

641 2925 785 2976 dilexi
821 2925 984 2981 nimis,
1027 2923 1319 2974 immodicus
1354 2925 1407 2973 in
1442 2924 1664 2973 omnibus
1703 2925 1848 2974 rebus
1887 2925 1973 2983 fui,
2009 2939 2130 2990 quas
2167 2925 2337 2982 dilexi3
2374 2924 2453 2975 odi
2488 2925 2784 2987 injustitiam
2821 2938 2967 2986 super
3005 2924 3173 2973 omnia
3198 2921 3290 2973 dte.

820 2994 1027 3044 Genesis
1059 2995 1185 3044 haec
1236 2996 1423 3044 inserta
1480 3003 1556 3044 est
1605 2995 1866 3058 appendici
1917 2995 1981 3044 ad
2027 2995 2536 3054 „commentaria
2585 2993 2744 3044 incl.
2789 2993 3142 3044 Ptolemaei
3189 2993 3355 3056 Qua-

642 3065 1093 3130 dripertitum“
1136 3061 1286 3124 (Bas.
1338 3061 1511 3126 1554)
1561 3066 1818 3129 inscripto:
1907 3066 2355 3116 Geniturarum
2404 3065 2711 3129 Exempla
2749 3064 2871 3124 XII,
2921 3063 3102 3130 illaque
3152 3064 3364 3129 implens

640 3138 852 3202 paginas
894 3133 959 3181 45
998 3135 1051 3184 in
1098 3133 1228 3192 folio,
1274 3136 1346 3184 sic
1383 3135 1657 3185 concludit:
1701 3137 1838 3185 vides
1881 3137 2044 3201 igitur,
2090 3137 2217 3201 quod
2255 3137 2530 3202 astrologus
2570 3136 2726 3185 bonus
2777 3141 2968 3200 oportet
3013 3141 3071 3183 ut
3119 3137 3185 3184 sit
3234 3135 3363 3184 alter

638 3210 819 3270 Argus.
894 3205 1031 3254 Inter
1076 3219 1228 3268 opera
1271 3205 1490 3255 Cardani
1532 3207 1720 3271 reliqua
1754 3207 1882 3257 haec
1919 3208 2124 3270 primum
2170 3207 2392 3257 obtinent
2432 3206 2621 3256 locum:
2673 3205 2849 3256 Libelli
2899 3205 2930 3254 5
2975 3204 3054 3255 De
3099 3205 3360 3271 Supple-

640 3283 849 3325 mento
884 3275 1241 3326 Almanach
1281 3277 1341 3325 de
1379 3277 1685 3327 restitutlone
1722 3283 1997 3341 temporum
2033 3275 2119 3327 dte.
2171 3277 2392 3327 Norimb.
2433 3275 2586 3326 1547.
2654 3276 2825 3342 Opus
2859 3291 3082 3326 novum
3121 3277 3182 3327 de
3219 3275 3362 3326 Pro-

638 3346 1051 3411 portionibus
1089 3361 1424 3408 numerorum,
1466 3354 1716 3408 motuum,
1756 3348 2052 3411 ponderum,
2100 3363 2328 3397 sonorum
2369 3347 2671 3412 aliarumque
2715 3361 2876 3398 rerum
2919 3345 3364 3396 mensurandamm

642 3453 651 3466 .
698 3453 711 3467 .
759 3454 769 3465 .
807 3419 859 3467 in
907 3417 1053 3465 libros
1078 3417 1127 3464 V
1170 3418 1430 3482 digestum.
1505 3419 1774 3468 Praeterea
1809 3420 1944 3467 Artis
1988 3417 2209 3484 Magnae
2253 3421 2354 3468 sive
2397 3420 2459 3469 de
2498 3419 2681 3482 regulis
2720 3415 3014 3482 algebraicis
3051 3418 3171 3467 liber
3211 3431 3362 3466 unus.

638 3487 765 3538 Item
814 3489 877 3537 de
924 3487 1069 3536 Aliza
1108 3487 1306 3552 Regula
1352 3489 1473 3538 liber
1521 3486 1664 3549 (Bas.
1710 3487 1865 3538 1570.
1943 3489 2070 3547 „Ars
2119 3489 2337 3554 magua“
2385 3489 2563 3553 prodiit
2612 3490 2881 3552 separatim
2923 3487 3124 3538 Mediol.
3176 3484 3363 3547 1545).

638 3559 953 3610 Practica
996 3558 1458 3609 arithmeticae
1502 3559 1762 3624 generalis.
1814 3559 2016 3609 Medici.
2064 3555 2214 3607 1539.
2291 3557 2430 3610 Lites
2475 3561 2526 3609 iu
2569 3573 2690 3624 quas
2732 3559 2906 3609 incidit
2947 3557 3203 3608 Cardanus
3248 3573 3363 3609 cum

640 3629 752 3681 Nic.
794 3628 1141 3693 Tartaglia
1179 3626 1237 3689 (†
1274 3629 1400 3678 Ven.
1448 3626 1607 3690 1557)
1651 3629 1712 3680 de
1755 3631 1967 3679 inventis
2005 3630 2055 3678 in
2090 3629 2302 3679 mathesi
2341 3631 2522 3696 regulis
2558 3630 2790 3694 leguntur
2825 3630 2876 3678 in
2912 3627 3046 3680 libris
3071 3630 3134 3680 de
3155 3629 3364 3679 historia

639 3699 937 3750 matheseos.
977 3727 1042 3736 --
1068 3699 1157 3749 De
1196 3699 1425 3749 Rerum
1464 3699 1814 3751 Varietate
1858 3701 1966 3750 libri
1995 3699 2156 3750 XVII.
2206 3698 2346 3761 (Bas.
2398 3697 2550 3748 1556.
2604 3697 2754 3748 1560.
2801 3697 2976 3762 1581).
3005 3723 3074 3733 -
3101 3698 3190 3750 De
3217 3697 3363 3748 Sub·

640 3766 894 3820 tilitat'e
928 3770 1033 3819 libri
1058 3769 1174 3820 XXI
1199 3767 1438 3832 (Norimb.
1481 3768 1633 3819 1550.
1671 3771 1790 3822 Bas.
1827 3768 2002 3829 1611).
2033 3769 2257 3822 collecta
2280 3771 2562 3835 prodierunt
2597 3770 2812 3821 Cardani
2850 3783 3000 3835 opera
3033 3785 3164 3822 anno
3207 3767 3360 3820 1663.

642 3841 875 3906 Lugduni
914 3839 1087 3906 Segne.
1132 3867 1200 3876 ——
3037 3837 3042 3842 ’

821 3925 876 3992 9)
913 3945 960 3992 p.
1003 3926 1122 3977 359.
1196 3930 1525 3980 Joannes
1586 3929 1986 3988 Milllerus,
2045 3931 2108 3980 ab
2163 3931 2282 3980 urbe
2337 3932 2502 3994 patria
2543 3929 2718 3980 Monte
2771 3928 2934 3996 Regio
2983 3930 3038 3978 in
3080 3930 3366 3982 Franconia

642 4013 823 4050 nomen
862 4001 1057 4062 accepit
1092 3999 1658 4064 Regiomontani.
1734 3999 1899 4050 Natus
1937 4007 2014 4050 est
2053 4013 2182 4051 anno
2226 3995 2378 4058 1436.
2417 4001 2647 4052 Viennae
2683 4006 3004 4064 praeceptore
3038 4014 3158 4050 usus
3195 4008 3274 4052 est
3310 4004 3366 4052 in

644 4069 982 4120 astronomicis
1034 4069 1344 4120 celeberrimo
1395 4078 1499 4121 tum
1546 4072 1774 4136 temporis
1823 4078 2107 4121 astronomo
2157 4070 2524 4123 Purbachi
2545 4087 2608 4128 ος
2659 4085 2790 4121 ωηο
2851 4067 3003 4120 1461.
3045 4069 3364 4122 cardinalem

640 4139 987 4190 Bessariouem
1024 4139 1225 4190 Vienna
1277 4141 1568 4192 redeuntem
1604 4141 1816 4191 Romam
1875 4144 2140 4192 comitatus
2159 4178 2174 4203 ,
2235 4143 2400 4192 studia
2441 4157 2552 4193 cum
2587 4142 2810 4208 legendis
2843 4143 2979 4192 libris
3018 4145 3365 4195 astronomicis

644 4220 747 4260 tum
785 4210 1087 4261 observando
1125 4212 1175 4260 in
1216 4212 1351 4262 coelo
1386 4213 1627 4277 urgebat,
1682 4214 1757 4262 ita
1800 4219 1859 4262 ut
1899 4210 2051 4262 1463.
2099 4213 2296 4264 Patavii
2331 4214 2682 4264 astronomiam
2717 4213 3056 4277 profiteretur,
3083 4227 3242 4264 anuo
3278 4229 3361 4266 se-

641 4288 823 4348 quente
861 4281 1086 4332 Venetiis
1142 4283 1289 4332 libros
1344 4283 1609 4332 conficeret
1644 4283 2024 4338 mathematicos
2073 4290 2126 4336 et
2161 4283 2526 4348 Ephemerides.
2602 4285 2748 4333 Anno
2789 4280 2942 4332 1471.
2981 4282 3362 4352 Norimbergam

642 4353 849 4404 secessit
882 4353 1044 4417 ibique
1080 4367 1167 4417 per
1203 4359 1413 4418 quatuor
1448 4367 1604 4402 annos
1625 4388 1637 4410 ,
1686 4368 1887 4416 operam
1934 4361 1986 4404 et
2020 4357 2281 4418 pecuniam
2318 4355 2601 4405 conferente
2637 4355 2924 4405 Bernhardo
2961 4353 3025 4403 W
3043 4356 3290 4410 alther
3311 4373 3364 4414 ο.

643 4423 961 4474 conficiendis
997 4425 1334 4474 instrumentis
1387 4425 1751 4482 astronomicis,
1812 4424 2230 4476 observationibus
2281 4427 2664 4478 accuratissimis
2711 4425 3087 4490 tabularumque
3121 4429 3362 4480 emenda·

644 4495 855 4546 tionibus
892 4500 1027 4545 totus
1064 4502 1335 4559 occupatus
1390 4495 1508 4552 fuit;
1566 4495 1882 4545 concinnavit
1929 4497 2130 4560 insuper
2165 4497 2514 4562 Ephemerides
2567 4493 2657 4558 (ab
2694 4509 2740 4547 a.
2786 4493 3150 4547 1475-1506,
3187 4498 3362 4550 Nor-ib.

650 4562 809 4625 1474)
848 4573 901 4616 et
940 4565 1257 4622 Calendaria,
1296 4566 1451 4616 edidit
1473 4563 1738 4615 Theoi-icas
1764 4565 2045 4625 Purbachii,
2083 4566 2276 4618 Manilii
2303 4569 2649 4618 astronomica
2681 4574 2736 4617 et
2771 4566 3010 4618 Cometae
3043 4571 3163 4618 anni
3199 4566 3360 4618 1472.

645 4635 1035 4699 descriptionem.
1096 4638 1239 4685 Anno
1280 4635 1434 4686 1475.
1474 4648 1505 4685 a
1542 4636 1772 4700 pontifice
1808 4637 2024 4688 maximo
2063 4637 2200 4688 Sixto
2225 4639 2316 4689 IV.
2353 4638 2568 4689 Romam
2593 4640 2872 4700 arcessitus,
2911 4645 2969 4688 ut
3001 4651 3200 4704 operam
3239 4653 3361 4691 con·

643 4705 795 4756 ferret
831 4707 897 4756 ad
934 4706 1218 4756 calendarii
1254 4707 1649 4758 reformationem
1667 4743 1681 4766 ,
1728 4721 1879 4772 quam
1925 4707 2009 4758 ille
2055 4709 2374 4767 moliebatur,
2409 4751 2420 4767 ,
2435 4709 2666 4760 alacriter
2715 4713 2822 4760 r'em
2857 4722 3119 4774 aggressus
3155 4727 3256 4762 nou
3293 4713 3362 4764 ad

644 4775 793 4825 finem
829 4778 1096 4840 perducere
1135 4780 1295 4842 potnit
1328 4779 1589 4843 repentina
1627 4779 1860 4842 abreptus
1896 4785 2052 4832 morte
2087 4779 2221 4832 Julio
2257 4793 2426 4831 mense
2465 4781 2582 4830 anni
2622 4777 2776 4830 1476.
2857 4779 3022 4844 Opera
3055 4795 3156 4832 non
3191 4795 3362 4847 pauca

647 4859 757 4894 cum
792 4847 1017 4909 perfecta
1052 4856 1157 4900 tum
1192 4847 1429 4901 inchoata
1466 4849 1677 4915 reliquit,
1714 4864 1920 4915 quorum
1957 4850 2240 4918 catalogum
2275 4851 2468 4904 addidit
2504 4849 2562 4900 G.
2601 4851 2946 4904 Tan-tetum
2981 4851 3184 4904 editioni
3221 4853 3358 4913 „Ta-
