3634 5575
1529 398 1691 462 Caput
1726 399 1766 448 1.
2869 399 2895 463 1
2915 397 3012 470 13,

248 597 257 608 ι
300 558 628 636 respondeo
677 558 945 638 primum,
996 556 1274 638 antiquas
1314 555 1677 638 hypotheses
1705 554 2156 637 praecipuorum
2196 554 2425 636 aliquot
2467 557 2731 636 capitum
2770 559 2996 620 nullam

300 647 475 727 plane
522 645 819 710 rationem
864 648 1133 708 reddere.
1231 643 1583 726 Cujusmodi
1632 655 1745 720 est,
1796 644 1950 726 quod
1999 643 2278 726 ignorant
2323 645 2571 716 numeri,
2621 646 2994 727 quantitatiS,

301 735 701 816 temporisque
758 733 1337 816 retrogradationum
1394 754 1646 796 causas:
1717 741 1779 794 et
1838 752 2018 814 quare
2075 732 2214 794 illae
2271 734 2350 795 ad
2395 735 2682 797 amussim
2727 734 2817 797 ita
2863 737 2998 798 cum

304 825 430 886 loco
483 831 546 886 et
589 833 753 887 motu
800 823 961 887 Solis
1019 824 1214 886 medio
1271 822 1647 884 conveniant.
1681 825 1733 898 ⁰)
1828 819 2059 894 Quibus
2124 822 2394 884 omnibus
2459 823 2522 888 in
2583 824 2798 901 rebuS,
2866 845 2998 886 cum

300 912 452 994 apud
503 911 897 995 Copernicum
944 913 1088 975 ordo
1134 911 1566 996 pulcherrimus
1614 920 1936 992 appareat,
1987 931 2228 973 causam
2278 912 2461 974 etiam
2505 911 2702 974 inesse
2751 933 2998 976 necesse

301 1009 413 1065 est.
478 999 711 1065 Deinde
758 1023 962 1064 earum
992 1002 1177 1065 etiam
1204 1000 1641 1084 hypothesium,
1691 1019 1842 1081 quae
1892 1008 2272 1064 constantem
2317 1001 2804 1083 apparentiarum
2851 1023 2998 1064 cau-

302 1109 431 1152 sam
478 1092 749 1166 reddunt‚
802 1101 868 1152 et
910 1112 1044 1154 cum
1092 1091 1221 1154 visu
1270 1089 1667 1165 consentiunt,
1714 1088 1861 1152 nihil
1906 1098 2094 1170 negat
2124 1087 2507 1171 Copernicus,
2556 1091 2755 1172 potius
2803 1090 3001 1153 omnia

304 1179 483 1242 sumit
530 1186 593 1242 et
638 1180 921 1260 explicat.
988 1181 1147 1244 Nam
1196 1179 1351 1260 quod
1398 1179 1589 1242 multa
1632 1178 1690 1240 in
1738 1179 2170 1262 hypothesibus
2216 1177 2458 1256 usitatis
2503 1179 2854 1242 immutasse
2901 1181 2998 1239 vi-

302 1269 491 1343 detur,
540 1269 604 1335 id
647 1290 861 1332 revera
905 1289 1021 1332 non
1069 1270 1157 1332 ita
1203 1290 1267 1330 se
1317 1269 1519 1330 habet.
1596 1266 1754 1330 Fieri
1800 1287 2053 1348 namque
2099 1277 2322 1348 potest,
2374 1277 2440 1329 ut
2483 1267 2642 1330 idem
2688 1267 3001 1349 contingat

301 1357 528 1419 duobus
559 1360 755 1438 specie
789 1358 1197 1421 differentibus
1224 1356 1721 1438 praesuppositis,
1770 1365 2096 1437 propterea
2124 1359 2278 1437 quod
2320 1357 2426 1419 illa
2472 1358 2586 1420 duo
2635 1359 2744 1420 sub
2791 1359 3002 1420 eodem

300 1465 519 1528 genere
578 1457 742 1524 sunt,
802 1448 970 1528 cujus
1028 1447 1228 1528 gratia
1273 1445 1508 1527 generis
1564 1445 1754 1526 primo
1798 1445 1872 1508 -id
1929 1445 2250 1527 contingit,
2307 1447 2380 1508 de
2430 1465 2543 1527 quo
2591 1446 2804 1526 agitur.
2899 1446 3004 1510 Sic
3079 1515 3086 1522 ,

301 1535 684 1599 Ptolemaeus
733 1539 1045 1599 stellarum
1093 1545 1259 1599 ortus
1306 1544 1368 1598 et
1414 1533 1612 1597 obitus
1660 1535 2120 1610 demonstravit,
2186 1554 2299 1596 non
2348 1536 2458 1596 hoc
2504 1535 2700 1600 medio
2747 1536 3003 1598 termino
3081 1593 3088 1602 .

300 1625 570 1704 proximo
618 1633 682 1686 et
729 1636 1080 1706 coaequam,
1130 1626 1267 1706 quia
1314 1620 1502 1686 Terra
1547 1623 1629 1686 sit
1675 1623 1733 1685 in
1780 1623 1974 1686 medio
2022 1623 2359 1686 immobilis.
2443 1624 2652 1704 Neque
2704 1622 3000 1704 Coperni-

301 1733 404 1774 cus
452 1713 609 1776 idem
655 1714 767 1776 hoc
813 1715 1008 1778 medio
1057 1717 1448 1789 demonstrat,
1500 1712 1639 1795 quia
1668 1713 1856 1776 Terra
1888 1733 1926 1773 a
1952 1713 2148 1776 medio
2188 1713 2420 1776 distans
2470 1713 2760 1776 volvatur.
2825 1713 3000 1778 Utri-

300 1821 412 1882 que
465 1803 621 1865 enim
669 1801 900 1866 suffecit
947 1805 1142 1866 dicere
1192 1803 1378 1884 (quod
1425 1810 1487 1865 et
1544 1810 1789 1883 uterque
1848 1801 2028 1878 dixit)
2093 1803 2226 1865 ideo
2283 1803 2430 1864 haec
2485 1801 2575 1863 ita
2607 1801 2800 1893 fieri,
2868 1802 3003 1884 quia

300 1892 460 1952 inter
508 1893 738 1956 coelum
786 1903 849 1957 et
892 1893 1141 1956 Terram
1186 1893 1524 1956 intercedat
1568 1890 1769 1971 aliqua
1822 1901 2086 1954 motuum
2142 1891 2476 1972 separatio,
2537 1901 2600 1954 et
2657 1890 2793 1974 quia
2837 1891 3004 1954 nulla

302 1981 460 2043 inter
504 1983 655 2046 fixas
702 1983 998 2046 sentiatur
1044 1981 1301 2046 Telluris
1350 2004 1387 2044 a
1430 1979 1625 2044 medio
1674 1978 1982 2044 distantia.
2056 1980 2248 2060 Igitur
2293 1981 2680 2043 Ptolemaeus
2726 2001 2841 2044 non
2889 1981 3000 2042 de-

300 2071 667 2134 monstravit
713 2073 865 2134 falso
899 2080 963 2135 et
992 2070 1392 2135 accidentario
1422 2069 1636 2146 medio,
1686 2068 1738 2132 si
1786 2089 1938 2150 quae
1986 2068 2421 2134 demonstravit
2467 2092 2804 2148 manopera.
2871 2069 3004 2132 Hoc

300 2167 545 2222 tantum
568 2161 629 2223 in
659 2161 853 2242 legem
883 2159 1003 2224 κἀτ’
1034 2161 1181 2224 αὐτο
1207 2158 1503 2242 peccavit,
1552 2160 1708 2242 quod
1738 2157 2125 2236 existimavit,
2175 2161 2324 2224 baec
2352 2159 2441 2221 ita
2466 2168 2714 2240 propter
2742 2159 3005 2240 speciem

302 2249 564 2326 evenire,
615 2268 764 2330 quae
792 2260 1041 2332 propter
1076 2269 1263 2330 genus
1302 2249 1599 2330 eveniunt.
1665 2249 1840 2312 Unde
1871 2257 2144 2329 apparet,
2185 2269 2260 2312 ex
2297 2269 2386 2324 ee,
2437 2250 2592 2330 quod
2620 2249 3004 2311 Ptolemaeus

302 2359 377 2400 ex
430 2340 588 2401 falsa
632 2340 835 2401 mundi
881 2339 1271 2421 dispositione
1315 2358 1464 2400 vera
1506 2347 1709 2402 tamen
1771 2346 1836 2398 et
1889 2338 2054 2400 coelo
2118 2338 2456 2418 nostrisque
2513 2337 2698 2400 oculis
2744 2356 3008 2400 consona

303 2427 766 2502 demonstravit,
796 2448 871 2490 ex
900 2447 990 2505 eo,
1022 2430 1279 2510 inquam,
1307 2428 1530 2490 n'ullam
1558 2447 1693 2489 esse
1722 2445 1985 2502 causam,
2018 2426 2208 2490 simile
2238 2427 2377 2509 quid
2403 2426 2588 2490 etiam
2617 2427 2690 2490 de
2709 2425 3003 2508 Coperni-
3056 2439 3060 2444 ·

304 2516 477 2578 canis
524 2517 955 2600 hypothesibus
1002 2517 1365 2598 suspicandi.
1460 2514 1617 2589 Quin
1665 2517 1866 2596 potius
1910 2525 2136 2591 manet,
2184 2516 2338 2597 quod
2385 2515 2552 2578 initio
2600 2515 2823 2578 dictum
2869 2521 3000 2577 est:

303 2625 424 2668 non
470 2625 651 2686 posse
683 2608 842 2670 falsa
869 2627 1003 2669 esse
1036 2605 1352 2686 Copernici
1379 2605 1690 2687 principia,
1739 2625 1816 2667 ex
1863 2605 2074 2686 quibus
2097 2615 2247 2674 ,tam
2295 2614 2576 2668 constans
2623 2604 3007 2686 plurimorum

305 2715 677 2774 φιιινομενωο
720 2697 874 2760 ratio
895 2744 911 2772 ,
970 2693 1181 2778 ignota
1224 2696 1529 2757 veteribus
1549 2743 1565 2771 ,
1624 2696 1946 2770 reddatur,
2005 2703 2299 2776 quatenus
2348 2713 2422 2756 ex
2468 2693 2587 2757 illis
2632 2693 2920 2756 redditur.
2952 2691 3006 2767 ἅ)

306 2782 486 2847 Vidit
531 2787 642 2848 hoc
690 2784 1068 2849 felicissimus
1114 2784 1213 2847 ille
1245 2785 1448 2869 Tycho
1476 2783 1696 2861 Brahe,
1744 2793 2123 2847 astronomus
2161 2784 2320 2847 omni
2349 2783 2749 2847 celebratione
2795 2783 3002 2863 major,

306 2874 405 2954 qui
460 2874 728 2957 quamvis
776 2873 1013 2938 omnino
1060 2876 1133 2936 de
1184 2876 1313 2937 loco
1361 2875 1584 2936 Terrae
1630 2895 1669 2935 a
1714 2870 2048 2954 Copernico
2106 2873 2490 2948 dissentiret,
2556 2880 2757 2936 tamen
2815 2892 2892 2933 ex
2935 2891 3006 2933 eo
3090 2886 3097 2892 ·

305 2962 560 3025 retinuit
603 2964 682 3040 id,
732 2964 901 3043 cujus
948 2964 1147 3044 gratia
1181 2983 1376 3026 rerum
1408 2964 1697 3025 hactenus
1722 2962 2159 3044 incognitarum
2187 2983 2401 3026 causas
2428 2962 2753 3025 babemus:
2802 2961 3006 3025 Solem

307 3071 525 3132 nempe
573 3072 707 3115 esse
738 3062 1006 3115 centrum
1035 3053 1714 3135 quinque-planetarum.
1781 3053 1966 3115 Nam·
1991 3059 2053 3114 et
2096 3053 2208 3115 hoc
2255 3052 2567 3133 angustius
2613 3060 2709 3114 est
2752 3050 3008 3113 medium

258 3200 269 3219 ¹
308 3142 385 3202 ad
437 3142 937 3207 demonstrandas
984 3142 1445 3223 repedationes:
1506 3164 1574 3203 το
1622 3140 1729 3203 Sol
1776 3142 1836 3203 in
1886 3152 2090 3204 centro
2138 3139 2477 3203 immobilis.
2567 3139 2805 3204 Sufficit
2849 3140 3008 3217 enim
3095 3192 3101 3200 ,

306 3232 595 3309 generale
639 3230 821 3294 illud:
870 3232 979 3294 Sol
1024 3231 1083 3293 in
1133 3238 1336 3293 centro
1383 3231 1761 3311 planetarum
1808 3231 2078 3313 quinque.
2179 3229 2301 3293 Cur
2348 3228 2549 3293 autem
2595 3230 2856 3310 speciem
2899 3248 3008 3309 pro

306 3338 533 3398 genere
581 3331 845 3384 sumeret
874 3319 1259 3401 Copernicus,
1310 3328 1372 3381 et
1401 3318 1607 3382 Solem
1652 3319 1896 3399 insuper
1941 3319 1998 3381 in
2048 3328 2251 3384 centro
2288 3318 2508 3395 mundi,
2557 3319 2804 3381 Terram
2849 3318 3010 3381 circa

310 3428 453 3470 eum
497 3408 773 3473 mobilem
824 3411 1069 3483 faceret,
1118 3409 1273 3471 aliae
1321 3428 1540 3471 causae
1590 3409 1844 3471 fuerunt.
1919 3409 2080 3472 Nam
2125 3418 2193 3471 ut
2239 3430 2315 3472 ex
2351 3409 2717 3472 astronomia
2746 3409 2822 3470 ad
2858 3409 3014 3489 phy-

310 3497 503 3559 sicam
561 3498 685 3561 sive
741 3499 1260 3580 cosmographiam
1318 3496 1659 3573 deveniam,
1722 3499 1836 3561 hae
1887 3497 2205 3579 Copernici
2251 3498 2619 3579 hypotheses
2663 3516 2782 3560 non
2829 3497 3020 3559 solum

308 3587 369 3647 in
420 3595 696 3649 naturam
742 3608 937 3650 rerum
982 3608 1097 3651 non
1144 3595 1426 3669 peccant,
1492 3589 1601 3650 sed
1654 3588 1822 3649 illam
1877 3587 2065 3651 multo
2113 3586 2306 3667 magis
2354 3588 2587 3668 Juvant.
2680 3588 2872 3649 Amat
2915 3586 3021 3647 illa
3125 3638 3136 3649 .

312 3675 784 3757 simplicitatem,
832 3684 1001 3742 amat
1026 3677 1336 3741 unitatem.
1402 3678 1721 3759 Nunquam
1766 3676 1824 3739 in
1871 3677 2008 3758 ipsa
2036 3676 2346 3759 quicquam
2375 3676 2632 3742 otiosum
2661 3684 2765 3738 aut
2806 3694 3019 3755 super-

314 3766 498 3827 fluum
546 3766 787 3830 extitit:
838 3776 905 3829 at
951 3767 1190 3849 saepius
1238 3788 1357 3829 una
1399 3786 1498 3829 res
1545 3766 1751 3829 multis
1799 3767 1876 3829 ab
1923 3766 2028 3828 illa
2068 3764 2404 3829 destinatur
2431 3764 2760 3833 effectibus.
2833 3761 3020 3845 Atqui

314 3873 505 3932 penes
551 3856 811 3920 usitatas
856 3856 1223 3939 hypotheses
1271 3856 1499 3920 orbium
1543 3856 1954 3937 fingendorum
1999 3854 2134 3917 finis
2162 3856 2358 3918 nullus
2388 3864 2521 3917 est:
2568 3873 2756 3934 penes
2787 3851 3018 3934 Coper-

314 3942 517 4006 nicum
562 3946 801 4025 plurimi
846 3955 1045 4009 motus
1092 3966 1169 4008 ex
1212 3945 1594 4026 paucissimis
1641 3953 1968 4025 sequuntur
2021 3943 2298 4018 orbibuS,
2362 3952 2431 4005 ut
2491 3942 2730 4005 interim
2786 3950 3020 4004 taceam

319 4034 806 4111 penetrationem
833 4034 1065 4099 orbium
1094 4034 1355 4098 Veneris
1386 4043 1451 4097 et
1477 4034 1777 4109 Mercurii,
1829 4043 1893 4096 et
1939 4034 2076 4110 alia,
2127 4032 2336 4114 quibus
2375 4033 2620 4113 antiqua
2656 4030 3024 4095 astronomia

317 4120 377 4182 in
438 4129 613 4186 tanta
680 4124 909 4188 orbium
972 4126 1379 4205 fingendorum
1444 4124 1725 4187 libertate
1787 4123 2108 4187 etiamnum
2169 4122 2429 4185 laborat.
2523 4124 2726 4202 Atque
2793 4120 2878 4183 sic
2934 4118 3025 4181 vir

317 4211 440 4273 iste
486 4232 603 4275 non
650 4220 886 4276 tantum
915 4222 1191 4277 naturam
1220 4232 1475 4276 onerosa
1522 4213 1627 4276 illa
1672 4221 1735 4275 et
1778 4213 1975 4276 inutili
2011 4210 2422 4294 suppellectile
2469 4218 2565 4273 tot
2607 4210 3026 4273 immensorum

320 4300 553 4365 orbium
613 4302 929 4365 liberavit:
999 4304 1106 4366 sed
1160 4302 1403 4383 insuper
1458 4303 1639 4364 etiam
1696 4302 2113 4365 inexhaustum
2169 4301 2340 4364 nobis
2395 4302 2744 4364 thesaurum
2791 4298 3027 4380 aperuit

320 4388 828 4455 divinissimorum
866 4393 1308 4456 ratiociniorum
1356 4393 1429 4453 de
1482 4391 1669 4453 totius
1722 4391 1921 4455 mundi
1968 4390 2338 4473 omniumque
2387 4408 2700 4471 corporum
2744 4389 3024 4469 pulcher-

321 4478 478 4540 rima
524 4482 878 4563 aptitudine.
970 4483 1179 4565 Neque
1227 4480 1431 4543 dubito
1491 4481 1818 4557 affirmare,
1879 4481 2150 4568 quicquid
2210 4502 2248 4541 a
2290 4478 2610 4561 posteriori
2658 4477 3024 4559 Copernicus

322 4570 575 4650 collegit
620 4579 683 4634 et
725 4571 859 4634 visu
905 4569 1379 4645 demonstravit,
1442 4570 1846 4633 mediantibus
1891 4568 2270 4650 geometricis
2317 4568 2670 4645 axiomatis,
2737 4568 2799 4629 id
2834 4586 3026 4632 ‘omne

322 4659 425 4720 vel
471 4658 603 4741 ipso
630 4660 963 4724 Aristotele
994 4668 1173 4737 teste,
1223 4658 1276 4721 si
1316 4656 1550 4721 viveret
1595 4661 1786 4741 (quod
1810 4660 2150 4739 frequenter
2179 4667 2351 4740 optat
2377 4657 2717 4732 Rheticus),
2768 4677 2805 4719 a
2841 4654 3026 4740 priori

324 4747 509 4810 nullis
557 4750 909 4831 ambagibus
957 4748 1354 4812 demonstrari
1401 4767 1603 4829 posse.
1692 4748 1920 4811 Verum
1969 4750 2040 4811 de
2095 4746 2191 4811 his
2247 4747 2514 4810 omnibus
2575 4747 2762 4809 fusius
2808 4756 2874 4810 et
2914 4764 3027 4828 pro

330 4836 628 4921 dignitate
674 4840 906 4921 pridem
952 4840 1077 4920 egit
1102 4837 1347 4901 Rhetici
1376 4836 1663 4913 narratio,
1715 4846 1778 4899 et
1805 4836 2170 4919 Copernicus
2210 4836 2339 4917 ipse
2361 4860 2382 4901 .·
2428 4846 2490 4899 et
2536 4835 2588 4897 si
2633 4837 2772 4917 quid
2818 4836 3026 4918 copie-2

328 4924 459 4989 sius
506 4922 793 5009 explicari
834 4936 1058 5011 potest,
1106 4928 1259 4993 alius
1304 4927 1368 4991 id
1412 4927 1526 4991 loci
1574 4936 1640 4991 et
1685 4928 1968 5009 temporis
2016 4928 2149 5003 erit,
2181 4928 2236 5003 θ)
2282 4947 2434 4989 nunc
2471 4926 2750 5009 attigisse
2781 4926 3026 4991 sufficit:
3127 4924 3132 4929 ’

290 5027 293 5036 “
475 5032 650 5087 beloti
676 5034 817 5089 opu·
839 5036 874 5083 1.
2574 5031 2609 5087 8
