3634 5575
1485 367 1654 420 Notae
1689 365 1922 419 Editoris.
2162 409 2169 416 .
2930 364 3051 432 201

339 527 630 598 planorum
669 528 728 582 in
769 527 980 599 angulo
1019 527 1196 583 solido
1237 541 1360 584 cun
1399 530 1440 586 4
1475 529 1662 584 rectis.
1722 529 2039 584 Debebitur
2068 531 2353 586 tetraedro
2386 523 2473 594 ¹1..
2518 535 2626 584 oct.
2666 522 2744 594 Ἃ,
2788 531 2929 585 cubo
2976 523 3059 594 Ἲς,

342 608 474 662 icos.
523 599 583 668 Ἰ.
604 647 618 671 ,
662 607 1002 662 dodeofflro
1049 598 1138 668 'lio
1156 649 1170 672 ‚
1227 610 1370 678 quod
1411 610 1584 678 paulo
1626 610 1861 664 alienius
1904 617 1993 664 est
2032 625 2069 663 a
2109 609 2411 680 proposito.
2496 610 2763 680 Imprimis
2804 618 2867 664 et
2904 609 3062 680 cujus

341 701 517 740 causa
552 687 696 740 haec
737 688 949 743 omniax
1004 689 1278 758 duplex
1333 695 1452 742 est
1503 690 1891 744 harmonia
1942 691 2015 744 in
2056 693 2530 746 astronomia.
2616 691 2761 745 Una
2816 706 3062 759 aspec-

339 775 551 822 tuum.
627 767 772 822 Sunt
811 775 1074 836 aspectus
1115 777 1270 824 octo:
1317 760 1535 841 cst&
1579 761 1677 833 Δ,
1719 761 1816 832 U.
1862 765 1949 834 *.
1990 777 2074 834 ²3,
2136 769 2183 842 ἴ
2217 812 2230 834 ,
2289 772 2380 847 ᾖ.
2460 769 2688 826 Prolixe
2730 771 2803 824 ab
2844 771 3063 840 experi-

337 847 538 902 mentis
577 854 640 901 et
677 861 936 921 τηρησεσι
973 849 1314 918 probandum
1355 856 1522 912 esset,
1571 857 1683 902 tres
1721 851 1947 904 ultimos
1982 853 2218 921 operari·
2246 853 2301 906 in
2338 851 2595 908 meteoris
2638 850 2859 904 ciendis,
2922 849 3063 919 Sup-

339 933 544 996 petunt
579 927 714 981 mihi
753 928 828 981 ab
867 929 1026 982 annis
1069 929 1105 982 5
1147 929 1350 983 multa:
1403 946 1524 983 cum
1564 931 1818 984 vacuitas
1862 930 1969 984 fuit
2008 932 2081 984 ab
2138 932 2455 1001 aspectibus
2508 931 2705 985 ceteris
2758 937 2819 984 et
2872 930 3065 984 horum
3148 946 3165 964 ³

339 1021 606 1062 novorum
645 1007 844 1078 aliquis
885 1009 1038 1062 solus
1079 1009 1284 1063 incidit.
1354 1010 1494 1064 Nam
1523 1010 1751 1079 ascripsi
1785 1009 2227 1079 ephemeridibus
2270 1012 2403 1065 meis
2448 1027 2631 1064 omnes
2675 1011 2749 1064 ab
2792 1026 2940 1065 anno
2984 1009 3063 1064 94

339 1093 404 1142 et
441 1086 650 1142 contuli
699 1103 822 1141 cum
875 1088 1156 1142 annotatis
1213 1088 1657 1158 tempestatibus.
1739 1088 1797 1143 Si
1850 1105 1962 1160 qua
2010 1091 2281 1145 certitudo
2332 1098 2423 1146 est
2478 1091 2532 1144 in
2587 1091 2812 1154 ceteris,
2870 1091 2931 1144 in
2978 1089 3064 1143 his

341 1183 559 1238 quoque
601 1167 756 1220 novis
799 1167 961 1222 inest.
1021 1169 1100 1222 Et
1129 1167 1250 1236 jam
1291 1177 1509 1237 tempus
1537 1177 1642 1232 est,
1685 1169 2016 1239 ipsissimam
2042 1172 2484 1240 Pythagorieam
2510 1171 2692 1224 mundi
2722 1170 3065 1223 harmoniam

339 1247 683 1317 patefacere.
767 1247 1082 1302 Memineris
1125 1247 1314 1319 itaque
1353 1263 1477 1316 cap.
1523 1249 1600 1302 20
1651 1249 1758 1303 mei
1809 1249 1989 1302 libelli
2039 1265 2165 1303 esse
2221 1267 2365 1312 rem,
2420 1250 2506 1304 uti
2547 1251 2728 1304 monui
2772 1251 3063 1304 lectorem:

341 1327 400 1380 in
439 1327 788 1380 theoremate
829 1327 928 1380 illo
971 1329 1150 1383 limari
1191 1329 1318 1398 quid
1360 1335 1567 1397 potest.
1652 1329 1774 1382 Non
1828 1335 1917 1382 est
1965 1330 2189 1384 virtutis
2246 1348 2319 1384 ex
2361 1331 2489 1385 Sole
2544 1329 2881 1401 egredientis
2940 1330 3064 1382 sim-

341 1406 564 1475 pliciter
604 1422 676 1459 ea
721 1407 868 1460 ratio
885 1447 900 1470 ,
959 1423 1102 1478 quae
1150 1408 1290 1462 radii
1330 1407 1570 1472 Solaris‚
1625 1414 1692 1462 ut
1744 1423 1866 1462 cum
1916 1409 2185 1464 distantia
2241 1410 2691 1479 proportionetur
2729 1409 3062 1462 debilitatio.

341 1485 484 1540 Nam
523 1485 632 1538 hoc
671 1485 720 1538 si
759 1493 926 1550 esset,
970 1489 1201 1542 deberet
1227 1505 1336 1543 non
1365 1493 1579 1542 tantum
1617 1487 1762 1541 inter
1799 1489 1934 1540 duos
1975 1489 2259 1558 proximos
2301 1489 2572 1543 verificari
2612 1489 2904 1558 proposita
2944 1503 3069 1542 mea

341 1566 626 1635 operatio,
668 1567 766 1620 sed
805 1567 978 1622 etiam
1015 1567 1164 1622 inter
1201 1573 1460 1622 remotos.
1543 1567 1714 1622 Verbi
1755 1567 1951 1638 gratia
1987 1567 2021 1632 b
2060 1569 2238 1622 habet
2285 1585 2459 1624 annos
2503 1568 2607 1631 30,
2663 1572 2711 1632 ‘li
2754 1582 2928 1622 annos
2977 1567 3065 1622 12.

339 1646 493 1700 Jussi
533 1645 754 1700 auferre
801 1645 872 1700 12
915 1649 984 1700 de
1027 1645 1120 1710 30,
1161 1653 1384 1702 restant
1427 1645 1516 1711 18,
1559 1647 1716 1716 cujus
1757 1647 2033 1702 dimidium
2077 1648 2111 1701 9
2156 1649 2399 1702 additum
2448 1647 2538 1711 12,
2582 1647 2719 1702 facit
2748 1646 2855 1700 21..
2912 1647 3068 1717 Ergo

345 1733 412 1780 ut
458 1726 528 1780 12
573 1728 642 1780 ad
687 1725 792 1789 21,
849 1727 929 1780 sic
969 1726 1122 1780 Jovis
1173 1728 1442 1782 diameter
1495 1729 1564 1782 ad
1606 1726 1943 1782 Saturniam.
2026 1729 2185 1782 Haec
2224 1735 2341 1782 tum
2381 1729 2489 1784 fuit
2526 1727 2801 1796 operatio.
2849 1727 2964 1780 'At
3002 1733 3071 1780 ut

341 1805 468 1875 ejus
507 1805 730 1860 falsitas
772 1806 1253 1879 deprehendatur:
1309 1805 1486 1875 jubeo
1527 1823 1853 1877 comparare
1892 1805 1925 1867 b
1966 1822 2087 1862 cum
2128 1808 2333 1869 Terra;
2377 1809 2553 1860 Terra
2576 1807 2753 1860 habet
2780 1823 2983 1861 annum
3018 1806 3066 1867 1,

341 1883 376 1946 t
418 1885 526 1949 30,
577 1885 687 1940 diff.
732 1886 835 1949 29,
875 1885 1152 1940 dimidium
1198 1880 1367 1949 14¹1..
1413 1889 1552 1941 adde
1599 1889 1657 1950 1,
1701 1885 2023 1955 producitur
2074 1879 2240 1943 15²lz.
2304 1889 2459 1957 Ergo
2498 1894 2565 1940 ut
2610 1889 2634 1940 l
2684 1888 2754 1940 ad
2800 1881 2939 1945 15¹l.
2986 1879 3067 1939 sic

343 1966 614 2022 diameter
641 1967 847 2020 Terrae
877 1969 946 2021 ad
985 1964 1035 2026 15.
1105 1966 1344 2020 Minime.
1404 1969 1546 2022 Nam
1586 1965 1684 2020 vix
1724 1971 1816 2018 est
1854 1972 1921 2019 ut
1966 1966 1990 2020 1
2041 1968 2111 2020 ad
2159 1968 2249 2022 10.
2314 1967 2471 2030 Quae
2514 1972 2605 2019 est
2644 1981 2781 2037 ergo
2824 1972 3069 2020 motuum

343 2046 668 2118 proportio?
747 2045 976 2110 Eadem,
1019 2061 1162 2116 quae
1203 2046 1610 2102 harmoniarum
1647 2043 2009 2102 musicalium.
2094 2047 2186 2100 Da
2224 2045 2381 2100 coelo
2422 2051 2609 2100 aerem
2626 2087 2639 2108 ‚
2684 2053 2745 2100 et
2785 2045 3065 2100 verissime

343 2132 640 2180 concentus
682 2125 908 2204 existet.
945 2169 958 2186 ,
989 2125 1132 2180 Nam
1173 2141 1250 2179 ex
1289 2134 1412 2181 octo
1453 2127 1546 2180 vel
1585 2132 1800 2194 septem
1840 2129 2031 2196 loyce.-
2084 2123 2235 2196 elige
2290 2126 2587 2181 maximam
2630 2141 2729 2195 pro
2770 2125 3069 2179 intervallo

341 2204 496 2258 Jovis
526 2213 588 2260 et
611 2205 830 2270 Martis,
873 2222 950 2260 so.
989 2200 1073 2267 ¹l2.
1133 2206 1388 2261 Minimas
1425 2208 1564 2260 duas
1606 2221 1780 2275 prope
1810 2205 2096 2275 aequales,
2140 2205 2221 2259 sic
2258 2213 2327 2259 ut
2365 2207 2711 2268 concordent,
2756 2221 2857 2275 pro
2898 2205 3068 2259 inter·

345 2284 514 2338 vallis
555 2281 605 2342 d
635 2275 718 2350 5,
763 2275 814 2348 5
843 2275 893 2346 Q
910 2327 924 2350 ,
978 2303 1052 2340 sc.
1099 2278 1160 2346 ⁸1.
1178 2325 1194 2348 ,
1252 2279 1336 2347 Ἰ..
1418 2283 1630 2340 Medias
1673 2286 1810 2338 duas
1854 2285 2118 2354 aequales
2160 2286 2557 2340 concordantes
2612 2301 2713 2354 pro
2756 2284 3069 2339 intervallis

343 2361 378 2424 B
400 2362 474 2429 Ἃ,
519 2353 570 2428 Ω
602 2355 674 2428 ζὲ,
719 2382 793 2420 sc.
837 2365 922 2420 bis
971 2357 1054 2426 Ἰ..
1114 2366 1276 2419 Duae
1317 2366 1460 2420 enim
1501 2370 1631 2419 sunt
1657 2364 1957 2418 societates
2000 2381 2303 2433 corporum,
2358 2365 2485 2420 cubi
2526 2381 2647 2418 cum
2688 2366 2967 2427 cotaedro,
3010 2370 3073 2416 et

347 2445 469 2498 dod.
514 2461 634 2500 cnm
672 2443 820 2508 icos.,
862 2462 1003 2500 unus
1033 2445 1194 2516 quasi
1222 2446 1529 2502 coelibatus
1561 2443 1846 2499 teti-aedri.
1906 2441 1996 2498 Sic
2024 2444 2193 2505 etiam
2236 2435 2297 2502 Ἰ.
2342 2451 2403 2498 et
2447 2437 2510 2505 Ἰ.
2556 2443 2772 2506 similia,
2806 2449 2873 2498 ut
2899 2443 3071 2498 cubus

347 2528 607 2580 octaedro
649 2526 1010 2595 aequealtus:
1068 2531 1128 2578 et
1172 2517 1234 2586 *1.
1291 2525 1540 2596 proxime
1591 2523 1782 2578 similis
1832 2515 1914 2584 Ἰ..
1997 2523 2119 2577 Non
2161 2532 2397 2594 possunt
2436 2523 2577 2578 sumi
2618 2515 2681 2584 ‘ss
2732 2523 2815 2578 bis
2859 2528 2960 2578 aut
3006 2517 3067 2583 Ἰ.

346 2603 464 2658 bis:
509 2605 638 2677 quia
670 2599 722 2663 ὅ
740 2596 810 2668 ὃ,
854 2595 903 2670 ὃ
923 2593 972 2668 Q
1016 2603 1325 2659 immediate
1354 2623 1414 2660 se
1444 2609 1766 2674 sequuntur,
1809 2609 1869 2656 et
1896 2619 2027 2656 vero
2060 2603 2117 2656 in
2144 2603 2353 2658 musica
2380 2604 2464 2660 bis
2496 2595 2557 2664 *1.
2590 2620 2667 2658 sc.
2700 2605 2841 2658 duae
2869 2601 3071 2658 tei-tiu

347 2685 518 2738 durae
560 2703 671 2738 non
711 2691 1043 2748 consonant,
1100 2691 1166 2739 ut
1203 2701 1307 2738 nec
1347 2686 1488 2740 duae
1538 2679 1597 2745 Ἰ.
1616 2724 1631 2746 ,
1677 2681 1882 2738 tertiae
1923 2683 2136 2736 molles.
2218 2683 2328 2738 Sed
2369 2683 2544 2738 tertia
2582 2685 2722 2736 dura
2762 2697 2883 2738 cum
2922 2681 3075 2736 molli

349 2763 484 2819 facit
542 2763 958 2821 consonantiam
1018 2765 1282 2836 dmnms
1334 2764 1659 2836 perfectam.
1744 2761 1887 2825 Quid
1936 2762 2122 2818 multis
2174 2762 2349 2819 dicam
2402 2761 2789 2837 proportiones
2830 2769 3073 2818 motuum

348 2860 520 2899 causa
560 2844 865 2901 celeritatis
909 2838 1003 2913 (ut
1041 2862 1162 2899 oum
1202 2848 1308 2899 duo
1349 2845 1618 2916 planetae
1659 2842 1923 2914 aequalia
1962 2859 2070 2897 non
2114 2842 2316 2898 similia
2356 2844 2545 2914 spatia
2578 2844 2795 2897 diverso
2822 2848 3071 2913 tempore

349 2920 668 2987 conficiunt)
713 2924 768 2979 in
809 2925 1046 2981 numeris
1087 2922 1120 2986 5
1158 2924 1218 2991 3,
1263 2922 1310 2985 ‘li
1349 2924 1416 2989 4,
1462 2918 1514 2982 ὅ
1553 2923 1618 2988 8,
1665 2912 1715 2987 5
1761 2922 1862 2985 10,
1908 2910 1959 2983 Ω
2005 2920 2102 2987 12,
2159 2913 2203 2983 Q
2243 2924 2351 2979 16:
2412 2922 2609 2977 Dicam
2650 2928 2711 2977 et
2752 2923 2805 2976 in
2847 2921 3073 2977 musica.

351 3004 458 3059 Est
499 3004 674 3075 igitur
714 3004 859 3061 inter

1412 3115 1459 3176 ‘li
1486 3113 1538 3176 6
1577 3109 1877 3165 διαπασων
1914 3112 1947 3163 2
1974 3130 1989 3163 ε
2018 3113 2067 3161 1.

1427 3185 1461 3249 15
1488 3180 1538 3252 ὃ
1576 3175 1650 3234 δι’
1687 3179 1745 3247 ἐξ
1781 3182 1993 3250 σκληρα
2028 3177 2121 3233 ἔπι
2157 3179 2455 3235 domnacum·
2492 3182 2664 3246 10:1⁴1,
2704 3198 2789 3249 pro
2826 3179 2963 3232 523.

1417 3250 1540 3317 de
1577 3245 1652 3303 δι’
1690 3250 1746 3318 ἐξ
1782 3252 2191 3321 μαλακηὸτὸ.

1009 3371 1072 3381 ,,
1417 3318 1536 3391 (ςῼ
1578 3321 1676 3375 δια
1711 3323 2068 3377 πεντε3;2.

847 3390 1232 3462 -Θ-ῇ
1427 3398 1541 3462 mi,
1582 3390 1679 3459 Q
1716 3392 1816 3446 δια
1849 3406 2136 3464 τεσσαρων
2169 3394 2206 3445 4
2232 3413 2244 3445 :
2272 3393 2323 3446 3.

1580 3462 1678 3516 δια
1712 3480 1885 3535 spemn
1922 3464 2133 3537 σκληρα
2169 3464 2241 3517 5:
2268 3464 2318 3517 4.

1421 3460 1542 3607 ἓξ
1581 3531 1680 3586 δια
1714 3550 1889 3604 τριων
1920 3536 2143 3604 paleam
2181 3534 2213 3586 Β
2240 3554 2254 3586 2
2287 3534 2336 3585 5.

417 3232 692 3483 iii

513 3674 706 3729 Habes
751 3690 940 3729 omnes
979 3679 1208 3745 praeter
1248 3680 1470 3733 sextam
1509 3677 1702 3731 duram
1717 3716 1734 3741 ,
1792 3690 1939 3746 quae
1988 3692 2095 3729 non
2138 3676 2298 3729 adest
2314 3713 2329 3739 ,
2382 3674 2487 3727 nisi
2536 3673 2813 3728 mediante
2858 3678 3077 3729 octava.

354 3756 497 3808 lllud
539 3762 728 3809 autem
766 3754 1124 3825 cogitandum
1159 3760 1268 3817 est,
1311 3754 1430 3809 fieri
1469 3756 1638 3809 aliter
1677 3754 2020 3826 nequivisse,
2074 3760 2139 3808 ut
2186 3754 2219 3808 '¹1
2270 3752 2589 3808 harmoniae
2634 3753 2779 3806 inter
2822 3751 2856 3805 5
2909 3752 3077 3806 inter-

354 3835 512 3889 valla
552 3834 1012 3889 distribuerentur
1053 3840 1114 3887 et
1151 3834 1312 3888 simul
1355 3836 1706 3890 concinerent
1733 3834 1917 3889 omnia
1944 3834 1999 3888 in
2026 3852 2209 3897 unum,
2254 3834 2463 3888 nullum
2502 3833 2666 3886 alteri
2711 3833 3078 3903 obstreperet.

353 3916 480 3968 Jam
501 3976 508 3983 ι
533 3912 714 3967 dicere
765 3913 885 3985 quis
922 3921 1164 3983 ·posset,
1218 3916 1340 3984 quis
1389 3916 1640 3970 docuerit
1681 3915 1937 3970 tibicines
1980 3930 2136 3968 suam
2176 3913 2513 3968 cantilenam
2554 3913 2639 3977 fa,
2684 3910 2799 3973 sol,
2840 3912 2941 3976 mi,
2992 3914 3078 3974 ut,

355 3995 490 4049 item
543 4010 716 4063 quare
767 4010 881 4047 vox
933 3994 1180 4047 humana
1233 3994 1318 4049 his
1369 3996 1630 4049 brevibus
1684 3994 1951 4049 limitibus
2011 3994 2228 4047 inclusa
2279 3992 2391 4047 sit?
2470 3993 2579 4048 Sed
2621 3992 2797 4046 dicam
2838 3993 3079 4052 tandem,

357 4074 486 4145 quid
529 4074 584 4127 in
627 4072 760 4144 ipsis
799 4073 991 4128 mediis
1031 4073 1312 4128 distantiis
1353 4076 1659 4129 efficiatur:
1702 4075 1872 4145 longe
1914 4090 2111 4143 nempe
2150 4074 2437 4143 propiores
2467 4072 2876 4143 Copernicanis,
2918 4084 3082 4142 quam

357 4168 480 4223 cap.
525 4153 595 4207 21
645 4154 824 4207 libelli
863 4154 988 4208 mei.
1049 4153 1156 4208 Sed
1198 4170 1308 4209 non
1351 4170 1488 4225 opus
1530 4160 1634 4219 est,
1677 4160 1745 4208 ut
1783 4154 1935 4208 aliud
1979 4154 2079 4207 tibi
2122 4168 2285 4224 quam
2312 4152 2627 4207 methodum
2657 4150 3079 4211 arithmeticam,

357 4248 470 4303 qna
509 4248 630 4287 snm
669 4248 824 4301 usus,
865 4233 1156 4287 ascribam.
1231 4234 1435 4289 Cetera
1473 4235 1594 4304 ipse
1636 4231 1843 4288 elicies.
1916 4234 2069 4304 Opus
2110 4238 2201 4287 est
2236 4233 2443 4303 regula
2482 4232 2749 4303 quinque:
2790 4236 2857 4284 nt
2886 4231 3079 4291 Terra,

355 4311 564 4366 virtute
612 4313 704 4375 10,
745 4319 996 4381 tempore
1038 4308 1224 4372 365Ἲί
1267 4314 1442 4369 currit
1474 4313 1683 4377 10000,
1727 4312 1854 4384 quid
1898 4312 2069 4367 currit
2108 4313 2141 4375 15
2176 4312 2385 4365 virtute
2416 4312 2469 4376 3,
2512 4318 2761 4381 tempore
2796 4302 3078 4370 lomim..

358 4390 484 4461 quid
525 4389 574 4450 ‘li
613 4391 822 4447 virtute
866 4392 920 4453 4.
964 4398 1214 4462 tempore
1256 4388 1502 4457 4332'1„
1547 4392 1675 4463 quid
1717 4390 1770 4450 d*
1811 4392 2019 4447 virtute
2050 4390 2103 4456 8,
2146 4398 2395 4461 tempore
2432 4390 2567 4454 68⁷,
2612 4391 2738 4460 quid
2784 4380 2835 4449 Ω
2873 4388 3083 4442 virtute

363 4470 454 4534 12,
497 4476 746 4540 tempore
775 4464 1012 4536 224⁷l20.
1057 4470 1183 4542 quid
1213 4462 1256 4529 Q
1295 4472 1502 4526 virtute
1549 4473 1639 4535 16,
1683 4478 1933 4541 tempore
1962 4470 2056 4527 88.
2130 4471 2285 4533 Quod
2328 4470 2374 4524 si
2417 4470 2548 4524 mihi
2590 4470 2743 4523 litem
2783 4468 3084 4522 movebunt

356 4549 576 4614 musici,
629 4566 724 4605 our
765 4551 1038 4605 Saturnus
1079 4552 1230 4605 intra
1267 4558 1446 4606 totam
1483 4550 1827 4605 harmoniam
1869 4551 2099 4605 claudat
2138 4556 2343 4621 quarta
2382 4566 2489 4603 non
2542 4549 2761 4620 quinta,
2812 4554 2879 4603 ut
2916 4546 3081 4601 moris

357 4634 450 4683 est
489 4628 546 4682 in
587 4630 809 4692 musica,
855 4629 956 4683 hos
999 4648 1108 4702 ego
1149 4630 1364 4701 quidem
1395 4636 1546 4685 tactu
1577 4630 1784 4686 musico
1813 4646 2161 4701 compescere
2189 4646 2427 4700 possem,
2471 4645 2573 4683 nec
2614 4646 2666 4682 n.
2710 4630 2911 4681 desunt
2950 4624 3081 4679 mihi

357 4710 766 4779 responsiones.
825 4710 934 4764 Sed
973 4709 1033 4763 in
1058 4710 1302 4781 gratiam
1345 4728 1532 4764 eorum
1573 4726 1823 4780 propono
1864 4709 1967 4764 tibi
2010 4710 2434 4764 examinandam
2474 4708 2641 4762 etiam
2684 4706 2826 4761 hanc
2864 4708 3083 4761 harmo-

359 4788 526 4843 niam·
608 4786 640 4850 ¹⁵
678 4788 739 4852 2.
783 4786 832 4848 'li
871 4788 938 4852 3.
984 4786 1036 4848 d
1075 4792 1143 4853 6,
1190 4780 1238 4853 5
1280 4790 1347 4854 8,
1392 4780 1442 4851 Ω
1487 4792 1585 4851 10,
1632 4782 1674 4849 Q
1717 4790 1808 4843 12.
1892 4790 2058 4844 Ratio
2100 4789 2242 4843 haec
2292 4795 2471 4852 esset,
2528 4794 2597 4841 ut
2634 4786 2863 4856 primum
2904 4786 3083 4839 locum

359 4868 680 4927 obtinerent
705 4874 820 4923 tres
848 4868 1136 4945 perfectae
1163 4869 1508 4930 harmoniae:
1537 4875 1584 4939 ‘ll
1609 4874 1641 4943 b
1685 4869 1964 4947 dinume,
1990 4874 2037 4939 94
2064 4874 2115 4942 ὀ·
2150 4868 2462 4945 dieucum,
2490 4873 2543 4937 (ς
2572 4868 2619 4949 ὃ
2648 4866 2744 4923 δια
2778 4880 3081 4939 reconem.
