3634 5575
544 356 674 424 254
1494 394 1503 401 ·
1636 361 1882 429 Δραοςει
1917 360 2165 425 'ry-uma

544 518 749 581 Solem
795 516 1064 597 proxime
1094 536 1273 596 super
1298 518 1535 581 Lunam
1562 518 1824 581 infimam
1854 519 2186 595 collocarit,
2213 518 2394 599 idque
2425 519 2502 582 ab
2530 538 2604 581 eo
2633 524 2704 581 ut
2729 526 2936 581 cetera
2949 518 3273 583 Aristote-

544 608 635 670 les
680 606 969 668 hauserit.
1064 606 1197 667 Hoc
1226 614 1407 685 pacto
1453 606 1509 669 si
1536 606 1783 670 schema
1823 607 2094 688 superius
2132 608 2241 670 fiat
2283 608 2521 671 theoria
2547 606 2730 681 Solis,
2781 607 3050 669 manebit
3093 606 3278 686 primi

545 694 751 758 circuli
796 694 944 756 ILK
990 694 1145 755 situs
1194 703 1259 755 et
1304 704 1518 770 mutue,
1570 696 1864 758 secundus
1895 694 2076 767 NOQ
2113 704 2280 758 motu
2321 696 2554 758 carebit
2599 697 2745 759 fers.
2839 694 3082 759 Tertius
3105 694 3277 759 RST

546 782 752 847 Solem
796 783 979 845 vehet
1023 790 1089 843 et
1136 802 1331 845 annuo
1377 784 1579 862 spatio
1627 786 1703 846 ad
1750 786 1910 848 idem
1949 784 2126 865 primi
2181 786 2280 848 vel
2319 784 2552 847 zodiaci
2578 792 2864 864 punctum
2893 783 3272 847 restitue-tur.

723 870 1014 943 Quamvis
1082 890 1199 933 non
1255 871 1603 951 negaverim
1664 872 1791 935 fieri
1837 872 2136 952 potuisse,
2201 881 2268 934 ut
2321 892 2455 937 cum
2499 874 2790 937 Eudoxus
2844 872 2908 934 in
2959 870 3108 934 Sole
3156 872 3274 935 de-

547 961 805 1024 linearet
858 960 1125 1022 colurum
1182 959 1613 1045 solstitiorum,
1672 961 1733 1023 in
1780 980 1896 1043 quo
1954 962 2402 1025 demonstraret
2453 962 2780 1025 maximam
2825 961 2952 1039 ejus
2999 960 3272 1025 declina—

542 1050 789 1125 tionem,
849 1048 1221 1110 Aristoteles
1268 1066 1403 1110 eum
1450 1049 1716 1112 colurum
1750 1068 1862 1131 pro
1909 1050 2171 1131 sphaera
2197 1050 2405 1113 mobili
2443 1058 2738 1114 censeret.
2835 1047 2961 1113 Sed
2991 1068 3102 1113 nec
3139 1068 3275 1111 eam

546 1138 952 1218 conjecturam
998 1136 1340 1216 rejicerem,
1401 1155 1576 1217 quam
1622 1139 1998 1201 Fracastorii
2050 1139 2238 1201 verba
2285 1140 2703 1221 suppeditant,
2747 1156 2880 1199 cum
2929 1136 3049 1199 ait:
3116 1136 3276 1212 „Sol

548 1246 689 1289 vero
736 1226 798 1289 in
844 1224 1113 1288 maxima
1161 1244 1274 1287 sua
1319 1226 1719 1289 declinatione
1768 1227 2085 1289 videbatur
2113 1246 2268 1289 nunc
2281 1230 2491 1308 magis
2541 1228 2618 1289 ab
2647 1233 2974 1307 aequatore
3021 1226 3275 1299 distare,

546 1334 700 1378 nunc
746 1315 1006 1377 minuS.“
1095 1313 1385 1386 Eudoxus
1439 1317 1647 1395 itaque
1694 1336 1801 1377 seu
1847 1315 2334 1380 observationum
2383 1314 2797 1381 solstitialium
2851 1314 3002 1377 vitio
3049 1322 3116 1379 et
3157 1334 3274 1377 va·

545 1404 788 1477 rietate,
837 1422 943 1465 seu
992 1408 1265 1465 veterum
1311 1404 1385 1465 do
1433 1404 1789 1484 obliquitate
1835 1403 2066 1467 zodiaci
2112 1404 2539 1469 traditionibus
2589 1407 2796 1479 (erant
2823 1404 2980 1465 enim
3009 1402 3276 1483 diligen-

546 1500 643 1555 tes
707 1492 768 1554 in
834 1492 948 1553 hoc
1012 1490 1362 1571 inquirendo
1420 1501 1669 1572 propter
1730 1492 2162 1575 olympiadum
2225 1494 2428 1571 initia)
2489 1513 2624 1557 cum
2681 1512 2792 1554 sua
2849 1491 3277 1555 observatione

548 1580 818 1656 collatiS,
882 1598 989 1641 seu
1036 1578 1333 1659 suspicari
1397 1600 1502 1642 seu
1560 1600 1701 1643 vere
1760 1582 2206 1661 deprehendere
2269 1584 2470 1664 potuit
2525 1581 2943 1645 diversitatem
3012 1580 3282 1660 aliquam

550 1667 973 1731 declinationis
1021 1668 1393 1744 solstitialia,
1454 1670 1548 1735 cui
1597 1669 1948 1733 efficiendae
1988 1668 2196 1734 Solem
2253 1672 2312 1733 in
2374 1669 2712 1734 latitudinis
2769 1667 2993 1731 circulo
3041 1666 3280 1732 consti-

550 1758 783 1820 tuebat.
877 1756 971 1817 De
1017 1756 1050 1816 I
1057 1774 1097 1835 p
1113 1756 1271 1819 hito
1320 1757 1559 1837 quidem
1606 1759 1938 1821 communis
1985 1766 2084 1821 est
2141 1762 2342 1837 fama,
2399 1778 2651 1823 causam
2697 1758 2788 1820 illi
2835 1756 3022 1819 fuisse
3069 1764 3279 1821 astro-

548 1844 847 1907 nomicam
892 1844 1394 1907 instituendarum
1440 1844 1886 1928 olympiadum.
1926 1842 2008 1921 ¹¹)
2101 1848 2186 1911 Et
2213 1850 2350 1929 ipsa
2379 1851 2572 1911 forma
2605 1846 2748 1909 anni
2777 1844 2936 1907 illius
2965 1846 3279 1918 clamitat.

550 1942 757 1997 notam
822 1932 1008 1995 fuisse
1058 1933 1255 2012 Iphito
1302 1935 1601 1997 rationem
1647 1936 1898 1997 solstitii
1955 1935 2224 2018 adeodue
2269 1933 2696 2001 declinationis
2743 1934 3043 1997 maximae
3089 1933 3278 2006 Solis,

550 2030 621 2085 ut
664 2023 765 2106 qui
812 2040 1033 2083 annum
1078 2022 1155 2083 ab
1204 2042 1275 2083 eo
1320 2023 1647 2102 plenilunio
1694 2023 2042 2104 incipiebat,
2095 2026 2252 2106 quod
2280 2027 2550 2107 proxime
2595 2023 2926 2087 solstitium
2973 2023 3280 2104 sequeba-

550 2118 668 2174 tur.
764 2111 861 2173 Ab
918 2128 989 2171 eo
1036 2127 1179 2171 vero
1226 2112 1305 2173 ad
1350 2112 1667 2175 Eudoxum
1713 2119 1856 2187 sunt
1901 2112 2040 2173 anni
2085 2110 2238 2177 400.
2333 2116 2494 2177 Vide
2541 2113 2726 2175 etiam
2769 2130 2924 2191 quae
2973 2130 3162 2192 supra
3205 2111 3283 2173 de

552 2200 828 2275 Thalete,
878 2198 977 2279 qui
1024 2199 1255 2261 medius
1304 2200 1417 2261 fuit
1462 2201 1620 2262 inter
1665 2200 1930 2281 Iphitum
1979 2208 2042 2263 et
2085 2204 2428 2279 Eudoxum,
2478 2204 2630 2265 item
2675 2203 2750 2264 de
2777 2200 2934 2263 Lino
2979 2199 3286 2280 antiquis-

549 2288 705 2351 simo
752 2306 829 2350 ex
874 2288 1123 2349 Laertio
1170 2288 1507 2351 retulimus.

728 2376 1163 2453 „Planetarum
1209 2395 1351 2439 vero
1400 2378 1653 2440 aliorum
1697 2378 1984 2459 cujusque
2029 2378 2092 2441 in
2119 2375 2164 2442 4
2201 2379 2496 2459 sphaeris,
2546 2394 2796 2461 quarum
2825 2374 3020 2456 prima
3065 2382 3130 2437 et
3175 2394 3281 2437 se-

552 2466 753 2529 cunda
796 2466 1009 2527 eadem
1054 2472 1179 2537 est,
1238 2485 1391 2547 quae
1438 2474 1503 2529 et
1548 2466 1819 2529 inerrans
1839 2514 1854 2541 ,
1920 2467 2120 2530 ferens
2167 2484 2407 2544 omncs,
2467 2475 2535 2531 et
2579 2483 2731 2548 quae
2787 2464 2900 2527 sub
2949 2484 3024 2527 ea
3077 2464 3289 2545 posita

554 2562 655 2617 est
716 2574 869 2636 quae
937 2550 1047 2632 ‘per
1090 2554 1351 2617 medium
1394 2554 1625 2619 zodiaci
1674 2562 1904 2619 motum
1949 2555 2165 2632 habet,
2226 2576 2596 2622 communem
2641 2552 2996 2627 omnibus,“
3056 2552 3288 2618 habere

552 2662 759 2705 omnes
804 2643 1085 2721 planetas
1131 2662 1313 2705 unum
1358 2646 1583 2720 orbem,
1634 2644 1734 2724 qui
1781 2644 2102 2724 sphaeram
2149 2646 2540 2709 inerrantium
2591 2645 2651 2707 in
2681 2648 2849 2704 motu
2895 2648 2960 2703 et
2995 2640 3122 2703 situ
3167 2642 3283 2703 ob·-

554 2730 795 2796 ser'vet:
854 2730 1039 2794 alium
1099 2731 1243 2794 item
1261 2781 1277 2809 ,
1339 2734 1437 2815 qui
1498 2734 1609 2797 sub
1666 2732 1914 2796 zodiaco
1961 2743 2238 2798 movetur
2303 2736 2363 2799 in
2411 2732 2778 2798 contrarium
2833 2728 3024 2811 primo
3085 2735 3150 2796 et
3205 2749 3286 2794 ex

556 2822 821 2904 obliquo.
916 2822 977 2882 Is
1016 2820 1137 2882 fuit
1180 2839 1365 2902 supra
1400 2820 1598 2898 NOQ,
1650 2842 1831 2904 super
1875 2823 2032 2902 polis
2075 2823 2168 2899 N,
2215 2823 2272 2887 Ο
2319 2825 2624 2888 incedens.
2717 2818 2843 2882 Sed
2889 2819 2986 2882 hic
3023 2820 3148 2884 alia
3184 2819 3285 2900 ip-
