3634 5575
128 5502 136 5575 Ρ-
124 5342 129 5445 —„-„-
122 5286 125 5297 -

586 341 720 410 232
1785 339 2113 392 Prooemium.

586 500 840 566 pertinent
877 499 944 549 ad
963 495 1290 555 ,conditiones
1326 497 1388 548 de
1425 497 1544 548 sede
1579 503 1634 548 et
1667 495 1861 548 familia
1896 511 1925 547 e
1961 495 2129 559 Styria
2162 494 2379 560 Pragam
2414 495 2775 548 merenda.
2848 497 2939 548 His
2978 495 3127 547 addit
3148 495 3331 568 tycho

586 573 642 622 ln
681 567 1072 636 „postscripto“:
1111 568 1258 618 Facis
1293 569 1348 619 in
1380 567 1566 618 ultimis
1599 567 1754 618 literis
1789 568 1889 618 tuis
1924 568 2229 618 mentionem
2254 567 2393 620 Scoti
2424 568 2565 617 istius
2590 566 2724 631 Cap
2744 569 3074 627 auranici,
3102 563 3153 627 ⁴)
3190 566 3330 631 quod

587 644 640 691 in
692 643 851 707 ipsum
897 639 1269 705 antapologiam
1319 640 1536 704 perlecto
1580 640 1871 703 praesertim
1915 638 2037 689 libro
2073 644 2240 688 nostro
2286 639 2505 688 secundo
2542 639 2605 688 de
2644 638 2853 689 Cometa
2886 638 3169 690 mediteris:
3228 653 3327 702 que

587 715 695 777 ipso
731 727 836 762 rem
872 718 1069 776 gratam
1105 716 1158 762 et
1192 717 1312 762 tuae
1349 710 1656 776 promissioni
1691 723 1931 774 meaeque
1970 711 2328 773 exspectationi
2364 709 2635 775 analogum
2667 712 2990 773 praestiteris.
3066 709 3325 758 Addixisfi

589 786 760 846 etiam,
809 789 861 833 te
899 797 1028 846 quae
1061 783 1114 830 in
1165 781 1400 832 famoso
1447 782 1584 830 isto
1639 781 1892 844 scripto
1940 779 2171 830 Ursino
2207 781 2567 831 mathematica
2600 782 2917 832 inveniuntur
2964 782 3325 836 refutaturum.

587 859 832 921 quatenus
866 854 962 904 rite
997 868 1097 903 non
1135 859 1390 912 constant,
1446 852 1577 917 quod
1613 853 1766 902 etiam
1801 857 1853 900 te
1892 851 2182 902 effecturum
2220 851 2427 902 confido.
2498 852 2727 916 Inprimis
2774 861 2942 902 autem
2980 866 3213 908 averem,
3268 857 3327 898 nt

589 940 668 986 ea,
708 938 838 990 quae
871 925 1140 974 inventioni
1187 931 1387 973 nostrae
1427 925 1560 973 circa
1593 921 1889 986 hypothesin
1925 936 2103 972 novam
2150 923 2321 972 fucate
2358 929 2411 972 et
2442 923 2788 973 fraudulenter
2822 923 3019 986 objicit.
3070 936 3191 972 eam
3244 923 3323 972 ni-

585 997 762 1048 mirum
809 1010 872 1046 ex
908 994 1178 1060 Cepernico
1220 995 1298 1044 vel
1336 994 1594 1058 Apollonio
1640 993 1865 1057 Pergaeo
1912 994 2217 1051 desumtam‚
2275 993 2436 1044 adhuc
2482 994 2743 1044 dilucidius
2794 1001 2847 1044 et
2890 995 3115 1057 plenius,
3168 1007 3325 1058 quam

589 1072 745 1120 antea
768 1063 814 1129 ἐ)
853 1079 888 1118 a
920 1071 971 1115 te
1007 1066 1180 1124 refelli,
1219 1073 1368 1130 atque
1404 1072 1462 1116 ut
1498 1079 1610 1114 eam
1646 1065 1764 1114 mihi
1782 1101 1794 1124 ,
1834 1064 1909 1114 uti
1942 1079 2035 1128 par
2070 1069 2163 1122 est,
2202 1078 2423 1115 asserere
2442 1099 2457 1123 ‚
2494 1072 2641 1129 prout
2674 1065 3005 1128 probabilibus
3040 1065 3325 1115 rationilms

583 1141 691 1202 iam
726 1143 883 1188 antea
916 1136 1104 1194 fecisti,
1143 1151 1241 1186 non
1277 1137 1538 1186 molestum
1571 1136 1794 1186 duceres.
1996 1190 2007 1202 ³

724 1207 924 1259 Iustitui
961 1213 1137 1258 contra
1169 1207 1308 1256 illum
1343 1209 1590 1258 actionem
1620 1205 1915 1270 juridicam,
1966 1211 2228 1270 postquam
2262 1207 2363 1258 huc
2406 1206 2625 1270 Pragam
2660 1207 2803 1262 veni,
2850 1207 3165 1272 intelligens,
3201 1206 3329 1256 mihi

589 1279 893 1343 aliquamdiu
925 1279 1008 1328 hic
1045 1279 1444 1329 commorandum
1483 1284 1535 1328 et
1569 1278 1839 1342 periculum
1876 1291 1983 1328 esse
2017 1279 2071 1341 in
2108 1291 2263 1336 mora,
2314 1278 2555 1342 siquidem
2592 1279 2809 1341 graviter
2844 1277 3181 1328 decumberet.
3258 1277 3330 1328 Et

585 1350 843 1414 impetravi
881 1362 914 1399 a
950 1348 1203 1400 Caesarea
1237 1347 1508 1412 Majestate
1553 1347 1688 1410 (utut
1722 1349 2033 1412 quibusdam,
2072 1363 2219 1413 quam
2252 1349 2337 1398 diu
2372 1354 2619 1413 poteraut,
2660 1363 2901 1398 remoram
2936 1347 3327 1412 injicientibus),

589 1425 646 1472 ιιι
681 1421 1004 1471 commissarii
1040 1427 1252 1485 quatuor
1289 1419 1646 1484 deputarentur
1684 1417 1807 1482 (duo
1845 1420 2054 1470 barones
2094 1425 2146 1468 et
2182 1420 2277 1470 duo
2306 1420 2531 1470 doctores
2563 1417 2741 1482 juris),
2780 1421 2862 1483 qui
2890 1421 3199 1470 sententiam
3220 1420 3327 1469 hac

589 1492 651 1544 de
687 1506 743 1542 re
779 1493 1202 1556 pronunciarentz
1239 1492 1479 1556 siquidem
1513 1493 1556 1540 is
1593 1505 1680 1554 per
1717 1491 2000 1540 emissarios
2024 1505 2161 1540 meos
2187 1492 2441 1557 quaesitus
2482 1503 2545 1540 ea
2581 1505 2711 1555 quae
2741 1491 3007 1554 scripserat
3042 1498 3328 1542 retractare

587 1563 766 1624 noluit,
805 1563 897 1612 sed
931 1563 1094 1627 potius
1133 1561 1200 1612 ad
1229 1565 1312 1626 Jus
1347 1563 1644 1626 provocavit.
1718 1560 1906 1610 Verum
1956 1561 2142 1612 accidit
2155 1596 2170 1619 ,
2218 1569 2276 1612 ut
2312 1562 2489 1612 eadem
2540 1561 2691 1618 hora,
2744 1575 2847 1626 qua
2880 1563 3053 1612 citatio
3086 1562 3161 1611 illi
3198 1563 3327 1612 insi-

589 1633 798 1684 nuanda
834 1633 944 1694 fuit,
982 1634 1406 1698 exstingueretur;
1449 1639 1505 1684 at
1538 1632 1853 1682 nihilominus
1884 1635 1966 1696 jus
2002 1647 2167 1683 meum
2201 1633 2489 1684 inchoatum
2524 1639 2869 1696 prosecuturus
2904 1647 3031 1690 sum,
3076 1634 3327 1697 siquid-

587 1703 650 1756 lis
696 1707 804 1766 jam
839 1705 982 1768 quasi
1019 1709 1308 1755 contestata
1343 1711 1480 1764 erat,
1535 1709 1586 1753 et
1633 1705 1764 1753 actio
1817 1719 1919 1752 nen
1954 1703 2103 1767 plane
2151 1704 2423 1768 personalis
2440 1739 2453 1763 .
2510 1705 2602 1754 sed
2638 1705 2791 1754 etiam
2838 1704 2987 1754 realis
3039 1705 3101 1754 ob
3136 1705 3323 1754 librum

587 1775 851 1830 famosum,
889 1774 974 1840 qui
1009 1781 1246 1838 perpetuo
1283 1775 1393 1825 loco
1429 1777 1506 1825 sui
1544 1776 1759 1824 auctoris
1794 1774 2025 1839 loquitur,
2063 1782 2121 1824 ut
2157 1781 2209 1825 et
2242 1789 2323 1825 me
2360 1782 2412 1825 et
2448 1791 2587 1826 meos
2626 1789 2659 1824 a
2696 1774 2955 1825 calumniis
2992 1775 3169 1840 quibus
3206 1789 3323 1825 sca-

587 1851 666 1896 tet
715 1845 934 1911 legitime
955 1903 958 1908 ,
978 1846 1250 1904 vindicem.
1308 1851 1360 1896 et
1390 1849 1498 1910 jam
1554 1860 1589 1897 a
1626 1844 1844 1895 Caesare
1880 1845 1956 1895 111.
1996 1845 2063 1894 D.
2102 1846 2485 1911 Archiepiscopo
2540 1847 2853 1896 commissum
2892 1853 2996 1903 est.
3056 1853 3115 1896 ut
3148 1847 3325 1896 omnia

590 1917 916 1982 exemplaria.
955 1930 1084 1982 quae
1119 1917 1200 1967 hic
1237 1917 1572 1981 reperiuntur.
1609 1918 1869 1982 conquirat
1919 1922 1970 1966 et
2005 1917 2109 1981 igni
2143 1918 2273 1968 tradi
2320 1919 2477 1968 faciat
2523 1923 2672 1982 atque
2720 1918 3085 1983 typographum
3120 1919 3323 1983 puniat.

595 1987 866 2040 Decretum
905 1989 1056 2040 etiam
1093 1988 1158 2038 D.
1201 1987 1526 2039 Corraducius
1564 2002 1597 2038 a
1633 1987 1853 2038 Caesare
1888 1988 2299 2053 promulgandum
2334 1989 2583 2053 pollicitus
2598 2024 2613 2051 ‚
2650 1995 2709 2038 ut
2742 2005 2831 2053 per
2866 1995 3025 2038 totum
3060 1991 3325 2054 imperium

593 2058 717 2110 liber
751 2060 848 2109 iste
884 2059 1169 2110 annulletur
1205 2067 1257 2110 et
1291 2066 1532 2124 tanquam
1569 2059 1788 2109 famosus
1827 2065 1879 2108 et
1914 2059 2129 2108 scurrilis
2154 2060 2317 2110 irritus
2342 2060 2591 2110 reddatur.
2666 2060 2775 2125 Ego
2800 2075 2915 2110 vero
2946 2067 3127 2124 postea
3160 2069 3327 2110 toturn

592 2128 726 2180 hunc
763 2145 1044 2194 processum
1081 2133 1184 2180 una
1221 2143 1332 2180 cum
1372 2130 1812 2181 commissariorum
1852 2132 2108 2180 sententia
2144 2137 2197 2180 et
2234 2131 2379 2181 Caes.
2420 2131 2704 2195 Majestatis
2743 2132 2941 2180 decreto
2984 2133 3036 2181 iu
3072 2133 3327 2196 publicum

595 2199 742 2254 edere
781 2202 1014 2252 constitui
1049 2201 1214 2252 libello
1253 2203 1468 2266 quedam
1503 2201 1772 2266 peculiari,
1826 2203 1911 2266 qui
1948 2201 2013 2250 ad
2050 2202 2349 2253 mediocrem
2386 2208 2641 2253 excrescet
2687 2203 3097 2267 magnitudinem.
3176 2203 3331 2262 Quod

594 2277 648 2323 et
697 2287 768 2328 ex,
806 2286 1050 2322 consensu
1099 2273 1484 2324 clementissimo
1523 2272 1756 2323 Caesaris
1804 2278 1859 2321 et
1904 2273 2259 2336 approbatione
2292 2273 2361 2324 D.
2404 2273 2687 2326 Corraducii
2742 2273 2861 2322 mihi
2904 2277 3011 2336 jam
3058 2281 3331 2338 perspecta

589 2343 700 2393 Deo
735 2343 932 2394 volente
968 2344 1190 2394 facturus
1225 2359 1334 2394 sum
1387 2350 1536 2409 atque
1573 2344 1626 2393 iu
1665 2343 1829 2394 altera
1863 2346 1969 2407 ejus
2006 2350 2149 2407 parte
2187 2345 2252 2394 ad
2288 2359 2353 2396 ea
2370 2379 2385 2402 ,
2445 2359 2573 2409 quae
2617 2344 2979 2402 mathematica
3012 2351 3131 2396 sunt
3166 2351 3325 2410 atque

591 2414 890 2479 hypotheses
927 2421 1232 2466 concernunt
1247 2451 1262 2475 ,
1299 2429 1646 2479 responsurus,
1698 2428 1853 2479 quare
1888 2420 2003 2464 tuas
2040 2430 2231 2480 quoque
2268 2417 2331 2466 de
2366 2416 2441 2467 his
2480 2418 2829 2480 conceptiones
2862 2423 3059 2468 mature
3098 2417 3325 2468 obtinere

593 2499 818 2544 averem3
857 2491 974 2544 aut,
1025 2487 1070 2536 si
1103 2500 1254 2552 quam
1291 2487 1526 2538 citissime
1565 2484 1662 2548 (uti
1700 2481 1867 2551 spero)
1906 2488 2201 2545 accesseris,
2248 2489 2430 2551 poterit
2464 2487 2514 2536 id
2550 2488 2733 2538 differri
2769 2489 2821 2536 in
2856 2494 2994 2536 tuum
3034 2488 3323 2538 adveutum.

731 2609 877 2661 Haec
911 2609 1082 2674 Tycbo
1118 2610 1337 2675 Keplere
1391 2611 1672 2675 perscripsit
1719 2611 1861 2675 quasi
1910 2609 2007 2660 fido
2064 2611 2222 2659 amico
2278 2613 2331 2660 et
2366 2615 2661 2673 exspectans
2706 2625 2817 2660 eum
2871 2612 2923 2660 in
2978 2613 3325 2662 astronomicis

588 2681 880 2745 adiutorem.
954 2681 1142 2732 Eodem
1179 2687 1348 2732 autem
1386 2682 1465 2732 die
1501 2681 1823 2732 Monachium
1861 2682 1926 2731 ad
1962 2681 2342 2731 Herwartum
2378 2681 2469 2730 bas
2508 2682 2644 2731 dedit
2677 2679 2863 2731 literas.

733 2805 747 2822 .
788 2806 803 2821 .
843 2807 856 2820 .
895 2769 1012 2820 Fuit
1045 2771 1178 2835 apud
1213 2785 1294 2822 me
1333 2769 1610 2822 Benaticae
1648 2784 1762 2821 vere
1797 2770 2068 2835 praeterito
2104 2769 2173 2819 M.
2217 2769 2264 2820 J.
2304 2769 2582 2834 Keplerus‚
2638 2771 2845 2836 insignis
2892 2769 3025 2835 apud
3064 2769 3323 2835 Styriacos

587 2842 972 2893 mathematicus
986 2876 1003 2899 ,.
1061 2856 1173 2892 cum
1209 2857 1302 2906 quo
1353 2843 1442 2892 tibi
1491 2843 1646 2892 etiam
1691 2856 1780 2906 per
1822 2842 1994 2892 literas
2038 2841 2431 2894 familiaritatem
2477 2842 2783 2891 intercedere
2840 2843 2905 2891 ab
2942 2844 3047 2906 ipso
3094 2846 3323 2909 cognovi.

491 2958 504 2970 .
585 2912 781 2964 Retulit
814 2927 930 2963 vero
967 2914 1098 2962 inter
1134 2911 1250 2970 alia,
1289 2928 1344 2963 se
1381 2913 1645 2978 aliquando
1683 2913 1926 2963 nonnulla
1958 2914 2048 2963 tibi
2084 2913 2337 2976 scripsisse
2373 2912 2433 2962 de
2471 2912 2821 2975 hypothesibus
2870 2915 2993 2963 meis
3028 2916 3081 2963 in
3122 2920 3321 2965 coutro-
3356 2926 3363 2930 ·

585 2985 794 3034 versiam
831 2983 1051 3041 vocatis,
1105 2989 1254 3048 atque
1290 2985 1422 3049 quod
1457 2998 1552 3034 eae
1587 2998 1682 3034 nec
1719 2984 1769 3033 in
1810 2982 2081 3048 Coperuico
2119 2997 2214 3033 nec
2254 2982 2517 3047 Apollonio
2552 2983 2807 3048 Pergaeo,
2860 2990 2919 3033 ut
2952 2985 3153 3050 quidam
3190 2984 3325 3046 (jam

587 3061 710 3105 ante
748 3050 815 3103 1⁴
853 3054 958 3103 dies
995 3050 1237 3114 mortuus)
1275 3054 1575 3118 praetendit,
1613 3056 1967 3117 invenirentur,
2002 3054 2295 3110 ostendisse,
2356 3060 2507 3119 atque
2544 3056 2691 3104 certis
2728 3054 2922 3104 iudiciis
2958 3056 3057 3105 ndu
3098 3056 3323 3113 alterius,

587 3125 677 3177 sed
711 3139 852 3175 meas
890 3138 998 3175 esse
1037 3124 1313 3189 collegisse.
1387 3124 1532 3191 Rogo
1567 3127 1736 3191 itaque
1772 3120 2105 3190 peramanter,
2144 3126 2264 3175 velis
2302 3138 2389 3175 eas
2412 3124 2619 3188 Kepleri
2654 3126 2825 3175 literas
2860 3141 3053 3177 mecum
3091 3127 3321 3191 aliquan·

588 3197 743 3259 tisper
778 3196 1144 3246 communicare
1161 3230 1176 3253 ,
1226 3203 1314 3245 aut
1349 3197 1527 3247 saltem
1567 3210 1631 3246 ea
1665 3196 1844 3255 verba,
1896 3211 2024 3260 quae
2060 3196 2156 3245 hoc
2190 3198 2445 3261 negotium
2480 3202 2813 3254 concernunt,
2860 3197 2976 3247 inde
3014 3206 3325 3249 transsumta

514 3272 522 3281 “
591 3274 646 3318 οι
679 3273 798 3317 tuae
845 3280 1023 3317 manus
1059 3268 1416 3331 subscriptione
1469 3269 1522 3317 in
1569 3268 1794 3319 veritatis
1841 3269 2175 3319 testimouium
2230 3267 2483 3317 ratificata
2530 3269 2883 3317 transmittere.
2960 3269 3156 3319 Feceris
3200 3271 3321 3318 mihi

589 3338 662 3389 sic
697 3353 804 3388 rem
841 3338 1062 3402 apprime
1099 3344 1322 3403 gratam3
1377 3339 1616 3390 incumbit
1653 3341 1786 3389 enim
1822 3353 1957 3389 nuno
1994 3338 2221 3404 aliqualis
2258 3340 2559 3396 necessitas.
2612 3354 2700 3390 cur
2732 3339 2807 3389 sic
2844 3339 2951 3390 fieri
2988 3354 3185 3391 arerem
3200 3376 3219 3395 ‚
3254 3342 3322 3391 de

587 3423 690 3475 qua
723 3408 849 3461 alias
884 3410 1125 3459 rescisces
1163 3408 1254 3459 ac.

735 3532 818 3583 Ad
849 3532 944 3582 has
980 3531 1228 3595 Tychonis
1265 3535 1582 3599 quaestiones
1617 3548 1746 3599 quae
1782 3532 2090 3598 responderit
2122 3532 2411 3583 Hervartus
2448 3533 2722 3588 nescimus,
2758 3532 2928 3595 Tycho
2963 3548 3077 3583 vero
3114 3548 3319 3598 respon·
3372 3556 3381 3566 =

593 3602 734 3653 sione
769 3603 896 3653 forte
932 3603 1199 3660 Her-verti,
1233 3618 1330 3654 nec
1366 3619 1466 3654 uon
1505 3605 1615 3655 aliis
1654 3605 1715 3655 de
1749 3604 1956 3668 Kepleri
1994 3605 2147 3655 animi
2182 3605 2469 3655 sinceritate
2506 3604 2799 3653 testimoniis
2836 3603 3058 3663 edoctus,
3096 3605 3233 3655 illum
3267 3606 3321 3655 in

593 3674 864 3725 amicitiam
898 3676 1118 3739 recepit3
1172 3690 1270 3739 qua
1313 3678 1508 3725 ratione
1554 3677 1949 3725 observationum
2000 3689 2201 3725 suarum
2250 3676 2435 3725 socium
2488 3675 2693 3740 elegerit
2726 3675 3025 3738 Keplerum‚
3080 3692 3173 3726 nec
3219 3692 3323 3727 nou

595 3752 874 3809 compotem
911 3746 1088 3796 fecerit
1125 3761 1270 3811 opum
1309 3748 1749 3797 astronomicarum
1785 3747 1902 3796 iude
1941 3761 1973 3796 a
2008 3747 2174 3796 multis
2212 3748 2357 3797 annis
2396 3745 2713 3796 collectarum
2730 3782 2743 3806 ,
2794 3746 2922 3796 haec
2960 3748 3059 3797 alio
3094 3748 3203 3797 loco
3241 3762 3319 3797 re·

593 3816 845 3867 cenanda
879 3822 1011 3865 sunt.

732 3887 946 3937 Interim
975 3886 1250 3950 Keplerus‚
1299 3892 1360 3936 ut
1403 3894 1729 3937 consueverat
1776 3889 1830 3936 in
1874 3889 2018 3938 rebus
2066 3889 2250 3946 dubiis,
2305 3894 2674 3952 praeceptorem
2727 3888 2851 3937 adiit
2886 3886 3192 3939 Maestlin
3208 3905 3321 3945 um,

593 3958 853 4008 consilium
889 3957 1019 4007 illius
1055 3958 1148 4008 sibi
1185 3962 1420 4021 expetens
1437 3992 1450 4015 ‚
1498 3958 1617 4023 quid
1651 3958 1937 4009 faciendum
1975 3960 2043 4009 sit
2076 3960 2129 4008 in
2166 3960 2255 4009 illa
2289 3975 2368 4015 re,
2418 3973 2546 4023 quae
2585 3959 2868 4022 Tychonem
2906 3966 3170 4022 tantopere
3207 3962 3290 4026 agi

597 4029 757 4079 tabat.
831 4028 1152 4089 Maestlinus,
1204 4034 1322 4078 ante
1360 4036 1620 4093 acceptam
1657 4030 1917 4094 epistolam
1966 4030 2102 4081 illam
2140 4031 2501 4081 excusatoriam
2539 4028 2674 4093 (vide
2708 4044 2858 4092 supra
2889 4046 2938 4095 p.
2982 4028 3136 4093 220),
3189 4031 3318 4081 haec

593 4100 848 4165 respondit
884 4099 949 4149 ad
984 4101 1170 4163 priores
1207 4098 1414 4163 Kepleri
1448 4100 1634 4157 literas,
1671 4102 1941 4165 respiciens
1977 4102 2224 4165 Tychonis
2262 4102 2326 4151 ad
2362 4102 2523 4164 ipsum
2560 4100 2740 4150 datas:

737 4189 786 4237 A
820 4188 936 4238 nob.
974 4187 1039 4236 D.
1080 4186 1316 4252 Tychone
1353 4188 1519 4240 Brahe
1563 4188 1732 4239 literas
1781 4192 1981 4254 accepi,
2032 4190 2206 4255 quibus
2252 4203 2393 4240 suam
2443 4191 2745 4239 seutentiam
2790 4190 3033 4239 mordicus
3075 4190 3312 4241 defendit.

591 4256 966 4309 Humanissime
1005 4259 1070 4308 ad
1105 4274 1186 4309 me
1221 4260 1434 4323 scripsit,
1471 4274 1681 4325 quarum
1717 4263 1886 4325 copias
1921 4263 2180 4320 misissem,
2218 4262 2307 4311 sed
2345 4260 2651 4315 describendi
2686 4266 2881 4323 tempus
2915 4275 3017 4310 non
3040 4261 3149 4311 fuit.
3214 4260 3315 4313 Sed

594 4330 756 4395 prima
777 4343 972 4396 quaque
993 4331 1256 4381 occasione
1279 4331 1502 4393 proxima
1521 4332 1735 4381 mittam.
1795 4332 1856 4381 In
1880 4332 1940 4381 iis
1963 4338 2080 4383 suut
2096 4336 2196 4382 non
2220 4346 2385 4397 pauca
2406 4338 2583 4381 notatu
2608 4347 2707 4381 non
2730 4332 2953 4396 indigna.
3016 4331 3203 4383 Verum
3224 4334 3315 4383 etsi

591 4414 659 4452 ea
691 4414 792 4451 neu
826 4414 1004 4465 parum
1037 4416 1118 4453 me
1153 4408 1402 4459 moveant,
1439 4402 1684 4466 proportio
1719 4408 1891 4453 tamen
1914 4409 2006 4453 tua
2030 4418 2285 4467 corporum
2308 4402 2593 4453 coelestium
2630 4417 2741 4452 cum
2766 4404 2981 4467 quinque
3009 4404 3316 4468 regularibus

594 4472 874 4535 corporibus
895 4488 977 4523 me
999 4472 1155 4522 multo
1179 4473 1339 4537 magis
1361 4478 1542 4524 movet.
1612 4472 1821 4523 Addidit
1862 4476 2015 4524 etiam
2040 4476 2209 4539 copias
2240 4480 2436 4525 tuarum
2455 4474 2520 4523 ad
2542 4474 2703 4537 ipsum
2726 4475 3019 4537 scriptarum
3058 4474 3313 4525 literarum

595 4544 650 4591 et
671 4542 840 4593 suiad
861 4549 914 4593 te
938 4546 1176 4608 responsi,
1211 4558 1304 4608 quo
1331 4544 1482 4593 etiam
1507 4558 1608 4593 non
1630 4558 1795 4609 pauca
1830 4550 2007 4596 notatu
2044 4546 2333 4611 dignissima
2355 4550 2489 4595 sunt.
2560 4544 2730 4605 Porro,
2770 4543 2901 4609 quod
2924 4546 3193 4609 praeterire
3214 4560 3315 4597 non

595 4625 810 4677 possum,
837 4614 900 4664 de
923 4614 1050 4665 Urso
1073 4614 1158 4665 illo
1185 4627 1314 4679 quae
1337 4614 1522 4664 scribit.
1595 4614 1827 4681 Intelligo
1853 4615 2033 4666 Ursum
2058 4618 2205 4666 istum
2241 4617 2416 4667 librum
2441 4615 2707 4680 quendam,
2746 4629 2841 4679 quo
2866 4617 3129 4665 teterrimis
3154 4630 3311 4665 scom-

596 4682 747 4733 matis
771 4682 1055 4745 Tychonem
1078 4686 1368 4739 insectatur.
1409 4684 1638 4743 edidisse,
1684 4688 1764 4735 cui
1788 4686 2051 4751 epistolam
2075 4688 2291 4752 aliquam
2326 4693 2465 4737 tuam
2488 4686 2731 4751 praefixit.
2779 4687 2833 4735 iu
2857 4701 2957 4750 qua
2978 4686 3311 4751 praeclarissi-

596 4754 692 4813 mis
735 4752 908 4821 elogiis
947 4755 1110 4819 ipsum
1149 4771 1310 4807 ornes.
1383 4756 1572 4807 Verum
1613 4771 1707 4821 ego
1743 4758 1923 4817 librum
1962 4758 2101 4809 illum
2124 4774 2225 4809 nou
2248 4758 2363 4814 vidi.
2407 4772 2501 4807 nec
2528 4758 2680 4807 etiam
2705 4757 2857 4808 talem
2902 4772 2935 4806 a
2971 4765 3025 4808 te
3054 4758 3313 4821 epistolam

595 4824 832 4893 scriptam
854 4838 963 4877 esse
988 4826 1186 4879 credere
1209 4842 1423 4895 possum.
1498 4826 1642 4881 Nosti
1668 4829 1818 4890 euim,
1852 4830 2101 4899 quodnam
2126 4830 2187 4881 de
2212 4830 2307 4879 isto
2329 4828 2529 4881 homine
2554 4829 2619 4879 sit
2641 4843 2805 4881 meum
2832 4828 3088 4897 judicium.
3166 4828 3313 4891 Quas
