3634 5575
3502 0 3571 349 i

644 386 722 453 16
1822 392 2144 443 Prooemium.
2872 349 2877 355 ¹
3565 358 3570 599 1

637 568 925 611 merorum
973 550 1353 623 concordent,
1404 551 1684 631 exiguam
1729 561 1792 614 et
1837 552 2239 615 insensibilem
2276 554 2536 617 existere
2566 553 2963 619 differentiam
2991 556 3049 617 in
3080 556 3363 619 arcubus

637 636 904 712 zodiaci,
973 656 1215 717 quorum
1279 640 1478 718 gratia
1521 638 1684 700 sinus
1733 650 1794 702 et
1842 641 2165 703 distantiae
2210 642 2613 722 exquiruntur.
2704 644 2791 707 Ut
2834 640 3139 708 5773503
3186 644 3367 707 facit

637 747 838 789 arcum
889 720 1010 789 35ο
1061 722 1199 802 16’,
1274 729 1382 789 sed
1421 723 1740 792 5831967
1799 730 1949 793 facit
2013 750 2211 793 arcum
2268 726 2392 794 35⁰
2434 728 2572 806 40⁴,
2637 732 2755 795 diff.
2812 729 2900 797 24
2916 752 2939 812 ‚·
3002 734 3185 814 igitur
3248 732 3363 795 hic

635 812 880 891 58464,
929 834 1142 896 nempe
1189 813 1230 878 6
1277 817 1401 879 fere
1449 816 1750 897 myriades
1797 820 2093 881 unitatum
2138 819 2195 881 in
2244 820 2477 882 sinuum
2524 820 2863 885 differentia
2906 840 3025 885 non
3072 822 3367 885 efficiunt

635 904 936 968 dimidium
983 905 1230 985 gradum
1271 906 1328 967 in
1363 907 1635 968 arcubus.
2592 932 2599 939 ·

811 992 1044 1055 Deinde
1091 994 1147 1055 si
1189 994 1481 1075 fingamus
1527 995 1773 1069 saltem,
1840 995 1988 1056 haec
2035 1014 2171 1058 esse
2214 996 2560 1074 verissima,
2623 1016 2775 1079 quae
2832 998 2905 1062 de
2950 999 3361 1080 proportione

633 1101 943 1163 corporum
988 1082 1048 1144 in
1098 1084 1396 1145 coelorum
1441 1082 1833 1162 dispositione
1882 1084 2205 1147 observata
2250 1086 2409 1148 dixi:
2456 1106 2571 1149 non
2618 1086 2913 1149 mehercle
2962 1088 3175 1169 injuria
3222 1106 3357 1149 ve-

637 1173 942 1235 hementer
988 1171 1118 1252 quis
1165 1171 1364 1235 mirari
1409 1179 1649 1253 posset,
1706 1170 2101 1252 Copernicum
2154 1182 2281 1236 tam
2335 1194 2518 1256 prope
2574 1176 2909 1239 accessisse
2966 1176 3043 1239 ad
3090 1176 3175 1239 rei
3226 1195 3355 1237 ve·-

633 1262 889 1322 ritatem.

809 1348 866 1410 N
871 1368 968 1409 am
1013 1348 1274 1411 artifices
1320 1348 1641 1413 distantias
1689 1348 1917 1411 orbium
1968 1368 2039 1410 ex
2094 1356 2617 1431 προσθαφαιρισει
2660 1350 2905 1431 ἀπογαφ
2962 1353 3209 1434 capiunt
3280 1360 3355 1413 et

633 1444 1000 1516 computant.
1092 1438 1298 1517 Atque
1345 1456 1459 1499 non
1507 1438 1700 1500 solum
1749 1437 2011 1500 lubricus
2058 1448 2121 1500 et
2167 1439 2425 1504 difficilis
2472 1449 2567 1502 est
2612 1442 2819 1503 modus
2868 1443 2947 1504 ad
2975 1462 3080 1505 eas
3107 1460 3351 1522 perve-

632 1526 832 1589 niendi
867 1544 976 1606 per
1021 1525 1362 1588 diuturnam
1407 1525 1907 1601 observationem,
1956 1527 2065 1589 sed
2114 1529 2295 1591 etiam
2342 1528 2508 1610 ipsae
2556 1531 2853 1594 interdum
2898 1540 3167 1593 veterum
3214 1530 3349 1592 ob-

631 1616 1035 1689 servationes,
1083 1613 1295 1694 quibus
1342 1634 1451 1676 eeu
1499 1614 1897 1677 fundamentis
1942 1616 2305 1681 recentiores
2354 1619 2463 1680 niti
2508 1618 2760 1692 debent,
2808 1641 2847 1681 a
2889 1620 3148 1683 veritate
3198 1619 3346 1681 dis-

632 1713 901 1784 crepant,
949 1722 1058 1765 nec
1105 1696 1339 1764 omnino
1387 1703 1758 1769 certissimae
1806 1714 1965 1767 sunt.

808 1790 985 1863 Quod
1031 1790 1212 1871 igitur
1258 1795 1482 1855 numeri
1529 1793 1588 1855 in
1635 1794 2002 1857 Mercurio
2050 1794 2364 1868 dissident,
2412 1796 2783 1858 excusationi
2812 1796 2983 1858 nobis
3020 1816 3156 1857 esse
3186 1804 3348 1875 pot-

632 1893 729 1945 est
773 1880 1088 1961 multiplex
1132 1882 1414 1961 planetae
1461 1882 1724 1944 varietas
1775 1892 1838 1943 et
1882 1882 2141 1944 maxima
2188 1882 2317 1963 ejus
2345 1884 2704 1946 observandi
2736 1884 3077 1959 difficultas,
3129 1894 3196 1947 ut
3230 1885 3348 1964 qui

633 1990 767 2033 raro
816 1969 1131 2031 admodum
1177 1970 1455 2033 cernitur.
1553 1968 1734 2050 (Cap.
1782 1970 2022 2045 XVII.)
2357 2046 2372 2060 .

811 2058 1017 2121 Etiam
1060 2058 1210 2120 illud
1257 2058 1615 2121 astronomis
1665 2058 2098 2121 aestimandum
2146 2058 2438 2140 relinquo,
2500 2068 2693 2123 utrum
2748 2080 2862 2122 non
2918 2062 2977 2123 in
3038 2062 3148 2123 hoc
3196 2062 3349 2141 pla-

633 2158 778 2211 neta
823 2166 1110 2229 vaporum
1159 2146 1459 2209 densitate
1507 2159 1571 2209 et
1615 2148 1867 2229 physica
1912 2149 2224 2227 parallaxi,
2272 2167 2445 2229 quam
2492 2168 2601 2211 nec
2650 2149 2755 2212 Sol
2804 2169 2911 2211 nec
2960 2150 3133 2213 Luna
3178 2152 3350 2213 effu-

637 2240 744 2319 git,
795 2237 1092 2335 interd-pn
1139 2236 1442 2297 fallantur.
1535 2236 1690 2299 Nam
1739 2236 1854 2298 etsi
1900 2237 2199 2300 interdum
2244 2238 2341 2299 hic
2386 2238 2635 2317 planeta
2660 2259 2693 2299 e
2725 2239 2911 2301 radiis
2941 2237 3103 2301 Solis
3134 2258 3345 2303 emer-

549 2407 554 2413 ,
631 2328 760 2405 git,
829 2344 1127 2405 nunquam
1189 2332 1393 2385 tamen
1449 2325 1566 2387 nisi
1626 2343 1811 2405 prope
1878 2326 2242 2389 horizontem
2290 2345 2403 2407 per
2456 2328 2837 2408 interjectam
2885 2328 3347 2391 exhalationum

628 2417 870 2497 copiam
916 2422 1124 2477 nostro
1173 2434 1241 2475 se
1289 2413 1440 2475 visui
1485 2423 1857 2493 praesentat.
2812 2415 2821 2427 “

820 2502 994 2574 Quod
1043 2512 1240 2564 autem
1284 2503 1346 2564 in
1392 2504 1626 2565 Marte
1675 2503 1858 2565 etiam
1903 2522 2017 2564 non
2067 2504 2624 2566 contemnenda-est
2650 2504 2993 2579 diversitas,
3042 2504 3186 2566 nihil
3214 2506 3347 2567 mi-

645 2612 807 2664 rum,
855 2612 964 2655 nec
1010 2610 1104 2655 me
1151 2602 1387 2665 movet;
1453 2602 1720 2653 moveret
1763 2592 2000 2670 potins,
2059 2592 2112 2654 si
2158 2592 2324 2653 nulla
2366 2600 2549 2655 esset.
2644 2593 2891 2656 Memini
2938 2612 3191 2674 namque
3238 2612 3345 2657 me

645 2706 682 2745 a
727 2702 860 2744 meo
904 2688 1292 2761 praeceptore
1337 2680 1662 2743 Maestlino
1710 2680 2005 2755 audiisse,
2056 2681 2269 2743 sideris
2315 2679 2487 2761 hujus
2535 2701 2765 2744 errores
2813 2702 2850 2743 a
2895 2684 3125 2745 calculo
3174 2684 3347 2745 intra

645 2770 684 2834 2
732 2774 1090 2850 integrorum
1133 2770 1420 2850 graduum
1459 2770 1772 2850 angustias
1811 2770 1944 2850 cogi
1982 2789 2099 2831 non
2135 2786 2337 2849 posse.
2430 2769 2615 2852 (Cap.
2663 2770 2934 2847 XVIII.)

821 2861 910 2923 At
955 2860 1244 2939 objicias,
1312 2858 1701 2922 Saturnum
1762 2853 2003 2922 dimium
2060 2859 2419 2940 discrepare.
2516 2858 2673 2931 Quid
2738 2861 2831 2924 hic
2878 2861 3103 2942 agam?
3176 2862 3341 2923 Num

645 2951 784 3031 quid
829 2950 1138 3011 convictus
1183 2947 1361 3010 sum?
1407 2948 1652 3010 Minime
1683 2967 1843 3010 vero.
1935 2949 2095 3011 Nam
2138 2949 2296 3011 sicut
2342 2949 2549 3030 ingens
2596 2950 2725 3028 ejus
2770 2950 3063 3013 distantia
3110 2949 3341 3012 facilli-

645 3058 802 3102 mam
850 3038 1033 3100 errori
1079 3056 1324 3098 causam
1368 3038 1620 3115 praebet
1664 3037 1722 3099 in
1769 3036 2223 3100 observatione:
2272 3037 2359 3099 sic
2406 3057 2570 3100 error
2612 3039 2673 3099 in
2702 3038 3009 3113 distantia,
3058 3039 3341 3119 quamvis

635 3128 996 3201 inculentus‚
1045 3127 1319 3206 exiguam
1365 3137 1428 3187 et
1473 3125 1748 3207 opinione
1795 3127 2077 3188 minorem
2108 3125 2292 3187 efficit
2326 3126 2385 3186 in
2414 3133 2577 3188 motu
2608 3127 2783 3208 inque
2818 3132 3342 3207 προσθαφαιροσα

645 3217 1081 3280 diversitatem.
1173 3215 1256 3277 Et
1317 3222 1518 3277 tamen
1565 3234 1753 3295 neque
1800 3215 1975 3293 thus
2022 3214 2235 3276 sideris
2279 3223 2475 3277 motus
2520 3215 2851 3279 certissime
2898 3217 3148 3280 dimensi
3194 3225 3344 3280 sunt

645 3305 1010 3369 astronomi:
1058 3305 1156 3366 vel
1201 3304 1334 3365 sola
1379 3303 1708 3384 praeterita
1752 3303 1945 3365 hieme
1992 3321 2233 3366 cernere
2280 3310 2432 3366 erat.
2506 3303 2664 3366 Nam
2708 3305 2803 3366 die
2848 3302 2909 3366 2.
2949 3303 3048 3368 12.
3080 3305 3233 3368 Nov.
3274 3327 3335 3368 a.

652 3391 819 3460 1594
865 3393 1032 3456 visus
1079 3402 1179 3455 est
1221 3401 1434 3454 exacte
1479 3392 1636 3453 inter
1684 3392 1975 3454 cervicem
2030 3399 2095 3453 et
2148 3411 2251 3453 cor
2304 3392 2522 3467 leonis,
2590 3391 2690 3454 ubi
2744 3411 2877 3455 esse
2924 3394 3187 3456 debebat
3228 3414 3337 3456 se-

645 3484 900 3547 cundum
946 3483 1238 3545 calculum
1285 3483 1345 3544 d.
1394 3479 1500 3544 21.
1553 3477 1657 3544 31.
1690 3480 1829 3545 Oct.
1878 3480 2221 3562 praeterita.
2313 3481 2669 3546 Differentia
2696 3482 2856 3561 long.
2890 3479 3012 3558 37‘,
3066 3483 3174 3545 lat.
3204 3481 3338 3554 20¹,

646 3574 780 3654 plus
829 3573 1041 3635 minus.
1137 3569 1314 3643 Quod
1360 3571 1413 3632 si
1457 3570 1619 3635 intra
1663 3571 1821 3634 hunc
1864 3571 2178 3633 terminum
2222 3571 2621 3650 permanserit
2664 3570 2795 3651 ejus
2832 3581 3031 3634 motus
3066 3581 3342 3636 correcta

645 3662 820 3726 modo
859 3661 1170 3738 distantia,
1219 3659 1576 3724 existimabo
1605 3659 1838 3722 abunde
1878 3659 2257 3721 satisfactum
2290 3661 2415 3722 fore
2442 3660 2819 3724 astronomis.
2912 3658 3095 3740 (Cap.
3126 3661 3341 3736 XIX.)

821 3749 982 3822 Quid
1010 3751 1062 3812 si
1089 3768 1232 3812 vero
1255 3749 1578 3811 astronomi
1607 3749 1718 3810 hoc
1746 3748 1935 3828 adjuti
1954 3748 2325 3812 theoremate
2354 3749 2411 3810 in
2442 3749 2807 3811 correctione
2838 3757 3099 3812 motuum
3126 3751 3187 3812 in
3220 3767 3342 3830 qua

643 3841 872 3923 pridem
919 3839 1218 3902 desudant
1259 3838 1512 3918 posthac
1559 3837 1790 3898 felicius
1839 3855 2087 3917 pergere
2132 3838 2407 3918 possint?
2458 3837 2667 3918 Neque
2706 3838 2817 3900 hoc
2847 3839 2997 3900 adeo
3026 3838 3341 3902 ridiculum

645 3939 738 3992 est
785 3931 1002 4002 dicere,
1049 3946 1187 3989 nam
1234 3928 1287 3988 si
1332 3927 1538 3988 haberi
1581 3935 1795 4005 posset
1838 3925 2050 3988 similis
2098 3926 2611 3989 eccentricitatum
2656 3928 2828 4002 ratio,
2881 3928 3118 4008 qualem
3163 3927 3339 3990 vide·-

642 4038 774 4081 mus
820 4037 954 4080 esse
999 4016 1062 4078 in
1109 4015 1434 4090 distantiiS‚
1481 4014 1760 4076 confecta
1804 4032 1903 4076 res
1949 4022 2115 4076 esset
2150 4022 2215 4076 et
2258 4014 2501 4077 cuilibet
2531 4015 2725 4078 obvia.
2818 4016 2980 4079 Nam
3008 4015 3161 4078 adeo
3190 4035 3341 4078 con-

645 4109 879 4171 cinnum
925 4106 1069 4169 mihi
1116 4103 1351 4166 videtur
1393 4103 1506 4166 hoc
1553 4103 1628 4164 de
1673 4102 2019 4184 corporibus
2065 4104 2403 4183 negotium,
2470 4113 2538 4166 ut
2594 4104 2871 4185 quicquid
2926 4105 3120 4168 adhuc
3165 4106 3345 4168 deest

645 4198 722 4260 ad
767 4204 1031 4259 motuum
1075 4202 1348 4256 exactam
1395 4191 1795 4272 cognitionem
1814 4241 1832 4268 ,
1902 4211 2071 4254 omne
2126 4193 2185 4254 in
2234 4193 2742 4256 eccentricitatum
2799 4193 2951 4256 vitia
3011 4194 3336 4258 conferam.
3421 4219 3426 4223 ·

644 4286 938 4366 Imprimis
1005 4283 1277 4346 idoneam
1334 4281 1469 4344 huic
1527 4282 1616 4343 rei
1661 4299 1877 4343 censeo
1924 4281 2229 4344 Martialis
2278 4283 2738 4345 eccentricitatis
2796 4282 3338 4362 amplificationem,
3428 4289 3432 4293 '

647 4395 798 4456 quae
847 4375 966 4436 fieri
1015 4379 1224 4453 posset
1267 4390 1374 4450 per
1417 4387 1667 4450 parvum
1713 4370 2017 4432 circellum
2066 4371 2342 4449 (propter
2388 4372 2587 4433 varios
2634 4373 2849 4434 Martis
2906 4375 3167 4446 errores)
3234 4381 3343 4436 aut

647 4464 1169 4544 quomodocunque
1219 4462 1413 4523 aliter.
1505 4460 1662 4522 Nam
1707 4460 1881 4521 Jovis
1932 4461 2011 4520 ad
2042 4461 2316 4534 Martem,
2365 4461 2585 4522 Terrae
2632 4460 2710 4521 ad
2746 4461 3047 4524 Venerem
3082 4463 3339 4541 propor-

646 4554 731 4614 tio
781 4552 990 4614 eadem
1035 4571 1187 4632 quae
1234 4550 1292 4611 in
1341 4548 1721 4628 corporibuS‚
1789 4546 2057 4623 indicat,
2120 4549 2181 4610 in
2228 4549 2481 4610 maxima
2530 4548 2825 4625 Veneris,
2886 4548 3099 4610 intima
3141 4549 3341 4622 Jovia

647 4643 792 4703 item
835 4641 894 4701 in
943 4647 1076 4702 tota
1120 4640 1340 4702 Terrae
1389 4637 1837 4700 eccentricitate
1884 4655 1999 4699 non
2048 4638 2137 4698 ita
2164 4637 2339 4699 facile
2368 4638 2507 4718 quid
2536 4637 2750 4698 mutari
2777 4655 2975 4717 posse.
3068 4637 3343 4700 Videant

631 4733 864 4805 etiam,
935 4727 1146 4809 quibus
1185 4737 1281 4790 est
1325 4727 1538 4800 otium,
1607 4736 1800 4788 utrum
1851 4745 1963 4787 non
2012 4734 2218 4788 cetera
2262 4745 2541 4806 corpora,
2592 4745 2741 4804 quae
2788 4727 3019 4806 species
3066 4727 3341 4790 diversas

647 4819 864 4882 sortita
908 4825 1065 4891 sunt,
1114 4817 1490 4880 occasionem
1535 4815 1868 4896 praebeant
1910 4813 2035 4878 suis
2079 4816 2429 4879 differentiis
2486 4825 2549 4878 et
2594 4815 2669 4876 de
2714 4813 3233 4880 eccentricitatum
3280 4827 3342 4881 et
