3634 5575
695 327 819 392 178
1713 327 1939 391 Mysten-fl
1980 327 2379 394 Cosmographici

852 489 943 552 „Si
989 505 1176 542 verum
1199 487 1350 542 dicit
1376 489 1816 542 Ptolemaeus
1866 489 1932 540 de
1978 495 2129 542 motu
2172 501 2463 558 corporum
2490 489 2887 543 mundanorum
2942 496 3006 544 et
3046 489 3397 560 dispositione

693 571 954 634 „orbium‚
1002 577 1134 623 tunc
1179 569 1336 622 nulla
1363 575 1450 622 est
1478 569 1734 621 constans
1783 575 1845 622 et
1872 568 2119 622 identioa
2162 583 2267 637 per
2296 583 2482 620 omnes
2526 567 2788 639 planetas
2834 570 3121 638 proportio
3166 579 3399 626 motuum

694 667 827 714 „seu
855 649 1251 720 periodicorum
1279 656 1585 718 temporum
1614 651 1684 701 ad
1711 649 1891 701 orbes.
2366 655 2369 658 ’

853 729 946 793 „Si
993 746 1182 782 verum
1232 727 1362 782 dicit
1407 729 1647 797 Tycho
1689 727 2048 790 Braheus,
2106 727 2287 780 Solem
2332 727 2550 796 quidem
2596 743 2719 780 esse
2768 735 3013 781 centrum
3060 730 3401 798 planetarum

685 811 983 882 ·„quinque,
1027 809 1202 862 veluti
1231 809 1467 878 quinque
1497 807 1884 876 epicyelorum,
1916 808 2144 862 Terram
2171 823 2303 859 vero
2332 823 2455 858 esse
2486 815 2733 860 centrum
2762 807 2909 861 orbis
2939 808 3098 872 Solis,
3148 817 3213 863 ut
3237 812 3403 866 Terra

693 891 1046 962 „quiescente
1071 889 1169 950 Sul
1215 889 1512 942 circumeat
1559 894 1788 956 portans
1836 893 1895 939 et
1942 887 2145 940 luxaus
2190 895 2439 955 systema
2472 893 2653 940 totum
2696 887 3097 957 planetarium=
3142 897 3278 945 tunc
3320 899 3403 944 est

661 971 942 1042 ·„quidem
972 970 1165 1022 eadem
1210 967 1494 1038 proportio
1523 967 1922 1035 periodicorum
1950 973 2255 1034 temporum
2296 968 2364 1018 ad
2408 968 2571 1020 orbes
2612 983 2713 1036 per
2740 983 2929 1020 omnes
2964 968 3259 1038 planetas;
3306 972 3401 1024 sci·

695 1051 860 1112 „licet
887 1048 1172 1119 proportio
1199 1047 1546 1118 periodorum
1575 1045 1759 1114 (verbi
1807 1061 1996 1107 causa,
2027 1045 2171 1099 Solis
2214 1053 2274 1099 et
2300 1041 2529 1113 Martis)
2560 1053 2649 1099 est
2694 1047 3067 1118 sesquialtera
3103 1051 3403 1119 proportio-

693 1130 812 1194 „nis
842 1128 1052 1183 orbium
1081 1143 1318 1190 suorum,
1367 1129 1462 1180 sed
1491 1133 1670 1180 motus
1697 1144 1807 1182 non
1838 1127 1911 1180 ab
1940 1128 2129 1180 eodem
2158 1133 2348 1180 centro
2378 1126 2747 1195 dispensatur,
2792 1134 2973 1182 motus
2992 1130 3145 1194 „enim
3174 1130 3403 1200 quinque

693 1210 1082 1279 „planetarum
1110 1207 1256 1263 circa
1284 1207 1466 1262 Solem
1493 1207 1852 1276 dispensatur
1881 1221 1917 1258 a
1944 1205 2092 1270 Sole,
2142 1213 2321 1260 motus
2350 1223 2482 1259 vero
2511 1206 2653 1260 Solis
2692 1206 2839 1260 circa
2868 1208 3095 1262 Terram
3122 1209 3402 1278 dispensa·

694 1297 818 1352 „tur
847 1304 883 1341 a
912 1289 1114 1348 Terra;
1161 1294 1224 1342 at
1251 1287 1330 1342 sic
1357 1287 1454 1340 Sol
1481 1288 1854 1355 planetarum,
1904 1285 2079 1338 Terra
2104 1301 2234 1338 vero
2264 1284 2407 1340 Solis
2436 1293 2615 1341 motor
2642 1286 3015 1341 constituitur.

853 1368 943 1430 „Si
985 1367 1218 1437 denique
1246 1383 1434 1422 verum
1464 1366 1596 1420 dicit
1622 1366 2126 1428 Aristarchus,
2174 1365 2359 1420 Solem
2403 1383 2525 1420 esse
2556 1372 2803 1420 centrum
2846 1375 2909 1420 et
2934 1367 3175 1438 quinque
3216 1369 3404 1437 plane-

691 1448 993 1512 „tariorum
1035 1447 1246 1502 orbium
1293 1454 1352 1500 et
1389 1446 1538 1500 sext-i
1565 1447 1750 1507 etiam,
1799 1445 1892 1515 qui
1921 1445 2197 1499 Tellurem
2233 1445 2404 1509 vehit,
2454 1451 2519 1498 ut
2544 1445 2673 1501 Sole
2700 1446 3019 1514 quiescente
3048 1448 3241 1505 Tellus
3268 1447 3406 1505 inter

691 1529 989 1598 „planetas
1019 1533 1232 1580 ceteros
1263 1525 1411 1580 circa
1439 1525 1624 1580 Solem
1651 1526 1917 1580 vehatur:
1958 1533 2092 1595 tupc
2121 1526 2367 1580 binorum
2396 1542 2837 1596 quorumcunque
2868 1527 3221 1595 planetarum
3248 1529 3404 1581 orbes

690 1609 870 1670 „inter
897 1623 958 1660 se
985 1607 1396 1676 proportionem
1419 1606 1588 1660 talem
1605 1605 1837 1668 habeut,
1866 1620 2009 1674 quae
2030 1606 2167 1662 duas
2188 1605 2383 1663 tertias
2406 1605 2809 1675 complectatur
2826 1607 3203 1675 proportionis
3232 1608 3404 1677 perio·

689 1689 929 1750 „dorum,
960 1685 1053 1738 vel
1093 1687 1378 1755 proportio
1415 1684 1763 1753 periodorum
1809 1692 1899 1738 est
1928 1684 2325 1753 perfectissime
2366 1684 2737 1754 sesquialtera
2769 1687 3143 1754 proportionis
3172 1685 3405 1746 orbium

690 1773 786 1830 „et
811 1774 990 1820 motus
1019 1774 1137 1820 tam
1164 1765 1400 1820 Telluris
1440 1781 1600 1832 quam
1641 1772 1947 1818 ceterorum
1988 1764 2227 1834 quinque
2264 1782 2341 1818 ex
2377 1764 2539 1818 unico
2580 1765 2731 1818 fonte
2761 1765 2971 1820 Solaris
3012 1767 3259 1836 corporis
3303 1767 3402 1820 dis·

694 1852 1014 1916 „pensatum

848 1925 988 1990 „Hic
1005 1925 1164 1978 nulla
1185 1924 1350 1992 plane
1365 1931 1455 1979 est
1473 1924 1747 1992 exceptio,
1769 1922 2053 1993 proportio
2074 1930 2163 1976 est
2182 1922 2547 1980 munitissima
2566 1941 2639 1978 ex
2660 1931 2895 1994 utroque
2912 1925 3123 1988 latere;
3144 1944 3221 1982 ex
3248 1936 3407 1995 parte

689 2006 939 2076 „quidem
979 2021 1176 2060 sensus
1219 2010 1567 2058 attestantur
1607 2011 2043 2066 astronomorum
2072 2003 2489 2058 observationes
2541 2003 2894 2074 quotidianae
2940 2021 3063 2060 cum
3108 2007 3257 2060 omui
3285 2007 3407 2060 sub-

689 2086 932 2148 „tilitate
961 2101 1094 2138 sua:
1144 2102 1216 2138 ex
1246 2090 1410 2152 parte
1439 2101 1569 2136 vero
1599 2083 1833 2140 rationis
1876 2083 2224 2152 astipulatur
2252 2083 2408 2136 nobis
2436 2083 2795 2138 Aristarchus
2843 2082 2897 2138 in
2926 2087 3309 2154 generalibus,
3357 2085 3409 2138 in

687 2165 908 2234 „specie
949 2181 1080 2218 vero
1125 2179 1330 2220 causae
1378 2171 1706 2233 suppetunt·
1729 2162 2203 2225 evidentissimae,
2266 2163 2453 2232 posita
2492 2164 2682 2232 specie
2736 2163 3113 2220 immateriata
3165 2163 3409 2234 corporis

689 2245 948 2308 „Solaris.
999 2261 1096 2298 cur
1139 2243 1424 2313 proportio
1471 2245 1678 2298 debeat
1705 2259 1829 2296 esse
1877 2261 1977 2304 uec
2020 2243 2235 2312 simpla,
2285 2259 2387 2296 nec
2413 2243 2603 2312 dupla,
2650 2244 2747 2299 sed
2788 2244 2959 2312 plane
3004 2244 3406 2316 sesquialtera:

689 2341 926 2390 „causae
965 2324 1136 2378 etiam
1182 2329 1512 2392 suppetunt,
1572 2339 1668 2376 cur
1711 2323 1808 2378 Sol
1856 2323 2040 2391 potius
2084 2324 2289 2380 Terrae
2343 2330 2409 2374 ut
2452 2323 2803 2391 planetarum
2858 2333 3197 2388 ceterorum,
3248 2341 3409 2394 quam

627 2441 638 2444 -
687 2406 898 2469 „Terra
923 2403 1068 2460 Solis
1097 2411 1274 2457 motor
1301 2419 1424 2456 esse
1453 2403 1631 2471 possit
1641 2423 1655 2464 ς
1705 2402 1939 2471 denique
1976 2403 2239 2463 naturale
2266 2402 2499 2460 rationis
2530 2402 2729 2458 ‘lumen
2771 2403 2963 2466 dictat,
3008 2405 3327 2475 digniorem
3354 2410 3413 2456 et

687 2485 902 2556 „magis
931 2483 1347 2553 archetypicam
1389 2499 1518 2536 esse
1563 2483 1804 2551 speciem
1848 2498 2074 2550 opernm
2102 2483 2228 2545 Dei,
2274 2481 2321 2534 si
2348 2489 2527 2536 motus
2557 2498 2744 2536 omnes
2784 2485 2861 2538 ab
2894 2500 3003 2539 uuo
3032 2485 3188 2540 fonte
3217 2486 3409 2547 fluant,

677 2580 885 2634 „quam
913 2565 962 2617 si
989 2563 1241 2633 plerique
1266 2562 1484 2631 ,quidem
1513 2564 1586 2616 ab
1614 2579 1723 2618 uuo
1753 2562 1852 2616 illo
1882 2562 2054 2624 fonte,
2087 2561 2253 2618 fontis
2274 2578 2407 2616 vero
2436 2562 2609 2630 ipsius
2640 2564 2712 2616 ab
2732 2563 2844 2624 alio
2874 2564 3209 2632 ignobiliore
3236 2565 3408 2618 fonte.

849 2645 1128 2707 „Accedat
1169 2659 1304 2697 vero
1334 2642 1588 2696 formatio
1633 2641 2162 2711 ipsa‘prqportionis
2206 2643 2417 2698 orbium
2447 2642 2673 2696 seorsim
2704 2650 2833 2698 ante
2858 2651 3040 2700 motus
3088 2645 3265 2710 facta,
3314 2661 3413 2714 per

687 2725 961 2797 „quinque
1009 2723 1220 2794 figuras
1269 2731 1327 2777 et
1373 2739 1473 2792 per
1501 2722 1835 2776 harmonias.
1918 2722 2063 2776 Nam
2111 2721 2156 2774 si
2184 2723 2436 2778 Braneus
2474 2739 2663 2777 verum
2710 2723 2867 2786 dicit,
2916 2724 3097 2780 locum
3138 2724 3263 2778 ista
3306 2741 3415 2778 non

687 2806 950 2869 „habena
983 2803 1087 2857 nisi
1117 2802 1326 2858 adscito
1356 2804 1558 2857 circulo
1587 2804 1773 2873 aliquo
1803 2802 2041 2861 Telluris
2066 2803 2217 2857 inter
2244 2804 2405 2855 orbes
2432 2803 2631 2859 Martis
2660 2810 2721 2857 et
2750 2804 2979 2857 Veneris
3006 2822 3108 2875 per
3130 2805 3414 2877 imag-ina·

687 2885 926 2949 „tionem
957 2883 1352 2939 circumducto:
1401 2890 1462 2935 et
1485 2884 1640 2937 Deus
1687 2900 1800 2939 non
1825 2883 1905 2934 rei
1932 2881 2125 2951 ipsius,
2176 2885 2270 2935 sed
2300 2882 2711 2953 imaginationis
2758 2884 2943 2951 pot-ius
2962 2901 3161 2942 ,curam
3186 2885 3411 2947 habuit,

685 2963 1065 3034 „distorquens
1115 2980 1251 3032 opus
1299 2962 1478 3033 ipsum
1517 2964 1863 3025 mundanum,
1911 2969 1979 3016 ut
2008 2962 2190 3033 operis
2219 2962 2549 3033 imaginatio
2595 2964 2833 3031 pulchra
2866 2980 2991 3019 esse
3018 2971 3238 3035 posset:
3294 2981 3415 3019 cum

687 3050 912 3107 „tamen
941 3043 1188 3117 infinitae
1219 3044 1364 3097 aliae
1395 3043 1599 3096 similes
1628 3042 1993 3113 imaginariae
2024 3042 2237 3112 species
2268 3041 2356 3109 (ut
2384 3042 2685 3099 stationum
2732 3050 2793 3099 et
2833 3038 3415 3117 ,retrogradationum)

689 3130 956 3187 „careant
982 3122 1084 3177 tali
1114 3132 1346 3179 ornatu:
1399 3130 1461 3177 at
1489 3122 1534 3176 si
1562 3140 1752 3177 verum
1781 3123 1917 3177 dicit
1941 3122 2315 3187 Aristarchus,
2366 3132 2495 3177 tunc
2524 3129 2755 3179 ornatus
2782 3123 2889 3177 iste
2938 3124 3213 3181 iuvenitur
3242 3126 3305 3179 in
3335 3142 3413 3187 re,

686 3204 931 3273 „species
963 3220 1091 3256 vero
1138 3202 1502 3274 imaginariae
1550 3220 1752 3266 omnes,
1803 3203 1964 3257 nulla
2005 3210 2263 3272 excepta,
2312 3203 2708 3272 permittuntur
2744 3204 3169 3259 necessitatibus
3214 3207 3416 3277 legum

687 3283 1048 3352 „opticarum.

846 3363 1044 3425 „Hisce
1091 3362 1379 3433 perpensis
1424 3378 1591 3433 spero
1639 3378 1737 3416 vos
1783 3378 1992 3432 aequos
2040 3364 2359 3433 dogmatum
2408 3378 2662 3417 censores
2710 3362 2855 3427 fore,
2920 3381 3023 3419 nec
3068 3366 3266 3421 hostes
3315 3382 3412 3419 vos

683 3450 974 3513 „gesturos
1019 3449 1248 3497 ornatus
1291 3458 1516 3511 operum
1561 3440 1864 3497 divinorum
1904 3441 2341 3513 exquisitissimi.
2426 3442 2685 3499 Valete.“

1864 3652 1908 3661 -
1970 3650 2101 3659 ,.......-.
2122 3650 2142 3655 ..-
2192 3648 2231 3656 u·-

1785 3806 2024 3909 Caput
2074 3808 2296 3885 XXI.

1458 3966 1635 4044 Quid
1679 3987 1758 4029 ex
1803 3968 2050 4048 defectu
2096 3966 2535 4051 colliyendum.
2566 3972 2620 4042 ⁸)

859 4104 961 4167 Sic
1009 4105 1191 4185 igitur
1239 4106 1350 4170 hoc
1399 4108 1656 4170 alterum
1703 4116 2118 4188 argumentum
2160 4108 2363 4185 habet,
2414 4128 2529 4189 quo
2559 4112 2885 4191 probatum
2920 4120 3021 4174 est
3049 4114 3409 4175 Aristotelis

679 4195 1076 4269 auctoritate,
1133 4195 1402 4275 potiores
1451 4216 1586 4257 esse
1634 4215 1822 4257 novas
1873 4196 2265 4278 hypotheseS,
2322 4208 2646 4278 propterea
2694 4200 2848 4286 quod
2898 4220 3005 4280 per
3050 4222 3157 4265 eas
3206 4213 3411 4264 motus

589 4289 598 4299 ‘
679 4281 901 4363 duplici
947 4285 1214 4358 nomine,
1275 4294 1338 4347 et
1383 4283 1628 4346 virtutis
1676 4284 2008 4346 intentione
2056 4294 2120 4346 et
2166 4286 2483 4347 celeritate
2528 4288 2788 4363 redituS,
2852 4291 3001 4352 fiant
3056 4292 3407 4370 proportio-

677 4374 850 4433 nales
911 4372 1252 4451 ἀποςημασι
1309 4370 1774 4452 CopernicaniS,
1844 4374 2001 4452 quod
2062 4373 2123 4434 in
2179 4382 2451 4436 veterum
2507 4376 2582 4437 de
2638 4379 2857 4445 mundo
2908 4378 3231 4443 traditione
3274 4380 3409 4441 fieri

679 4460 840 4522 nullo
883 4470 1068 4541 pacto
1115 4462 1335 4541 potuit.
1429 4463 1634 4541 Atque
1693 4462 1842 4522 haec
1910 4459 2144 4541 quidem
2202 4462 2383 4541 'hujus
2446 4464 2520 4525 de
2576 4476 2739 4527 motu
2802 4476 3101 4529 tractatus
3154 4469 3407 4530 intentio

682 4550 814 4610 sola
859 4548 1123 4612 debebat
1171 4569 1325 4611 esse.
1421 4551 1654 4612 Verum
1699 4570 1818 4612 non
1867 4549 2109 4611 difficile
2157 4550 2300 4612 mihi
2348 4562 2447 4613 est
2502 4556 2833 4635 conjicere.
2886 4558 3245 4631 exstituroS,
3306 4557 3409 4637 qui

682 4640 1062 4717 optaverint,
1129 4646 1198 4701 ut.
1251 4638 1406 4701 hanc
1463 4638 1736 4703 ultimam
1792 4638 2061 4721 opusculi
2119 4648 2351 4718 partem
2402 4642 2758 4709 omisissem.
2848 4642 3094 4709 Etenim
3144 4646 3409 4721 (dicent)

681 4726 994 4790 si‘veram
1047 4747 1157 4807 per
1213 4746 1467 4809 corpora
1521 4728 1969 4809 proportionem
2036 4728 2336 4791 coelorum
2402 4722 2867 4815 constituisses:
2936 4735 3139 4815 utique
3206 4743 3408 4797 motus

681 4814 847 4875 illam
879 4816 1320 4881 confirmarent.
1397 4817 1650 4891 Veritas
1691 4818 1849 4881 euim
1886 4838 1935 4881 ‚a
1977 4837 2046 4881 se
2094 4816 2231 4897 ipsa
2270 4838 2391 4884 nou
2444 4820 2721 4889 dissidet.
2792 4822 2987 4905 Atqui
3035 4824 3207 4890 vides
3252 4822 3406 4905 ipse,
