3634 5575
1523 433 1690 501 Caput
1722 435 1907 487 xxm.
2596 397 2607 406 α
2944 431 3067 500 185

297 661 304 670 ,
357 597 560 659 draus.
655 593 860 678 Caput
905 601 1106 658 autem
1153 596 1216 658 in
1263 595 1495 670 libram,
1549 601 1613 658 et
1658 596 1911 658 caudam
1958 595 2015 658 iu
2064 597 2313 659 arietem
2362 597 2574 672 refero,
2626 603 2692 659 ut
2738 595 2820 658 sit
2865 595 2925 658 in
2972 615 3078 658 ra-

355 686 568 749 tionali
617 685 739 748 situ
785 703 918 747 cum
964 684 1174 758 Luna,
1239 685 1464 764 absque
1533 685 1742 765 eclipsi
1800 692 2002 747 tamen
2028 732 2043 760 ,
2110 693 2174 746 et
2226 693 2295 748 ut
2338 685 2517 748 Luna
2572 685 2653 748 sit
2710 683 2772 748 in
2818 685 3081 748 maximo

357 775 549 837 limite
595 775 800 838 boreo.
891 773 1030 836 Erit
1082 774 1267 853 igitur
1312 773 1504 835 Terra
1558 773 1782 834 oculari
1847 773 2029 835 etiam
2094 775 2293 854 positu
2358 775 2563 836 media
2621 773 2781 837 iuter
2844 775 3079 849 stellaS,

359 864 515 926 sicut
562 863 725 926 orbis
775 863 906 943 ejus
950 863 1109 926 inter
1155 863 1331 924 orbes
1377 862 1636 924 medium
1684 863 1878 923 locum
1925 871 2091 924 certo
2134 863 2252 926 Dei
2298 863 2549 926 consilio
2572 861 2885 936 obtinuit,
2946 862 3085 944 quia

359 953 556 1015 omnia
601 959 849 1033 propter
894 951 1209 1014 hominem.
1306 949 1481 1021 Quod
1529 950 1581 1012 si
1628 949 1839 1013 Solem
1886 951 2069 1014 etiam
2129 951 2223 1015 hic
2273 951 2333 1014 in
2380 951 2453 1029 Υ
2499 953 2694 1024 loces,
2762 951 2881 1014 erit
2934 947 2977 1030 15
3022 951 3081 1012 in

361 1052 476 1118 Ω,
525 1049 588 1103 et
631 1043 684 1113 D
729 1041 786 1103 in
819 1055 903 1116 es,
955 1048 1019 1102 et
1060 1041 1293 1121 reliqua
1339 1039 1636 1102 similiter.
1703 1037 1991 1102 Sumeudi
2038 1049 2239 1103 autem
2288 1049 2486 1104 motus
2530 1039 2735 1114 medii,
2785 1059 2927 1102 nam
2972 1039 3085 1102 hos

361 1130 421 1193 in
465 1129 759 1211 principio
806 1148 1016 1192 cursus
1061 1148 1240 1192 veros
1286 1147 1422 1192 esse
1475 1127 1772 1198 convenit,
1822 1147 2031 1210 nempe
2070 1130 2149 1191 ab
2180 1130 2509 1193 absidibus.
2541 1127 2599 1203 ἆ)
2662 1129 2833 1191 Haec
2879 1127 3088 1210 palma

363 1220 421 1281 in
469 1219 664 1280 medio
711 1218 932 1298 posita,
981 1237 1158 1299 quam
1207 1225 1314 1280 aut
1357 1218 1614 1280 similem
1658 1218 1710 1280 si
1758 1217 1893 1298 quis
1940 1225 2049 1281 aut
2094 1238 2170 1281 ex
2217 1220 2448 1282 calculo
2495 1224 2625 1281 aut·
2648 1237 2723 1280 ex
2768 1225 3087 1280 restaura-

363 1308 528 1370 tione
576 1307 984 1370 astronomiae
1025 1309 1286 1390 adeptus
1315 1306 1514 1382 fuerit,
1563 1308 1616 1368 is
1651 1306 1936 1389 Phyllida
1984 1308 2149 1370 solus
2197 1307 2466 1371 habeb-it.
2560 1308 2732 1370 Haec
2777 1308 2853 1369 de
2899 1306 3090 1369 initio.

539 1395 750 1458 Finem
807 1395 994 1459 motui
1051 1396 1275 1457 nullum
1330 1413 1463 1456 cum
1521 1395 1756 1457 ratione
1824 1395 2012 1466 statui
2038 1444 2054 1472 ,
2120 1398 2465 1476 nullumque
2529 1397 2658 1458 fore
2714 1396 3091 1458 Platonicum

365 1503 586 1547 annum
631 1503 708 1546 ex
743 1484 1052 1563 postulato
1081 1502 1196 1545 uno
1223 1483 1515 1563 probabo.
1547 1485 1602 1558 ⁶)
1669 1483 1868 1546 Detur
1904 1504 2160 1566 namque
2208 1483 2723 1548 eccentricitatem
2770 1503 2909 1545 esse
2958 1502 3093 1546 cum

365 1571 507 1637 orbe
555 1573 616 1635 in
663 1574 1060 1658 proportione·
1095 1571 1403 1647 rationali,
1453 1579 1630 1633 erunt
1674 1571 1860 1652 igitur
1904 1573 2133 1636 orbium
2180 1573 2335 1635 radii
2378 1573 2635 1635 invicem
2682 1572 3090 1644 irrationales,

367 1661 508 1743 quia
548 1662 777 1724 habent
821 1681 887 1722 se
933 1670 1000 1723 ut
1043 1659 1318 1739 inscripti
1365 1666 1428 1722 et
1470 1660 1903 1741 circumscripti
1941 1661 2308 1741 corporibus,
2358 1661 2457 1742 qui
2503 1659 2889 1724 irrationales
2928 1667 3089 1734 sunt,

368 1750 508 1832 quia
553 1758 880 1832 sequuntur
926 1769 1000 1810 ex
1047 1749 1280 1812 ratione
1329 1748 1654 1811 subtensae
1701 1749 1761 1810 in
1811 1751 2128 1830 quadrato,
2178 1759 2243 1812 et
2289 1751 2575 1812 sectionis
2606 1750 2935 1812 secundum
2980 1764 3093 1810 ex-

369 1849 624 1904 tremam
671 1848 737 1902 et
780 1838 1045 1902 mediam
1089 1837 1416 1912 rationem,
1471 1856 1622 1918 quae
1670 1837 1784 1900 duo
1832 1847 1975 1902 sunt
2021 1838 2301 1920 exempla
2344 1838 2787 1902 irrationalium
2831 1838 2894 1900 in
2941 1855 3092 1918 geo-

369 1929 607 1992 metria.
676 1928 719 1990 J
720 1949 818 1990 arn
865 1935 1066 1990 autem
1112 1935 1310 1990 motus
1358 1946 1492 1989 cum
1537 1925 1725 1988 radiis
1763 1927 1826 1989 in
1853 1927 2238 2008 proportione
2268 1933 2449 2001 suut3
2498 1945 2641 2007 ergo
2686 1933 2887 1988 motus
2934 1926 3095 1988 inter

371 2039 437 2081 se
483 2017 886 2087 irrationales,
934 2025 999 2078 et
1043 2016 1128 2078 sic
1173 2034 1478 2096 nunquam
1527 2015 1605 2077 ad
1648 2015 1808 2078 idem
1852 2015 2133 2080 redibunt
2176 2014 2441 2092 initium,
2492 2017 2610 2078 etsi
2661 2017 2949 2078 durarent
2994 2015 3092 2077 in-

373 2106 556 2170 finitis
603 2105 868 2168 seculis:
932 2105 1074 2185 quia
1119 2123 1447 2185 nunquam,
1501 2123 1576 2166 ne
1622 2104 1683 2167 in
1730 2105 1965 2168 infinita
2010 2105 2249 2186 quidem
2291 2103 2561 2168 sectione
2606 2103 2927 2184 temporis,
2984 2121 3095 2165 oc-

373 2201 640 2258 curreret
683 2193 1015 2258 communis
1044 2211 1340 2268 mensura,
1391 2212 1510 2273 qua
1545 2192 1788 2272 saepius
1832 2195 2094 2274 repetita
2138 2202 2407 2258 motuum
2452 2193 2711 2256 omnium
2758 2212 2911 2254 unus
2960 2199 3092 2253 ter·-

375 2283 590 2359 minus,
641 2291 705 2346 et
748 2291 914 2346 meta
959 2281 1100 2344 anui
1129 2281 1432 2344 Platonici
1479 2283 1909 2346 constituatur.
1962 2283 2061 2362 ‚Et
2099 2283 2229 2363 jam
2277 2284 2372 2344 vel
2420 2283 2667 2345 tandem
2712 2299 2847 2344 cum
2892 2279 3096 2342 divino

377 2372 710 2452 Copernico
775 2371 924 2434 libet
989 2372 1368 2434 exclamare:
1449 2371 1692 2445 „Tanta
1753 2371 2033 2434 nimirum
2098 2372 2303 2434 divina
2366 2371 2517 2434 haec
2578 2380 2676 2433 est
2732 2369 2877 2450 Opt.
2927 2370 3095 2432 Max.

378 2461 688 2538 fabrica;“
739 2469 802 2522 et
829 2480 964 2522 cum
991 2459 1225 2522 Plinio:
1279 2457 1509 2534 „Sacer
1535 2466 1646 2522 -est
1691 2459 2013 2535 (mundus)
2058 2460 2403 2528 immensus,
2453 2466 2619 2521 totus
2669 2459 2727 2520 in
2776 2465 2929 2534 toto,
2978 2458 3099 2519 imo

375 2569 520 2611 vero
567 2550 697 2630 ipse
745 2546 970 2620 totum,
1017 2548 1218 2610 finitus
1267 2555 1329 2609 et
1373 2547 1601 2609 infinito
1650 2547 1927 2610 similisf‘

555 2639 644 2700 Tu
691 2657 871 2711 nunc,
932 2635 1120 2698 amice
1167 2637 1420 2711 Lector,
1479 2636 1658 2698 finem
1703 2637 1967 2698 omnium
2014 2637 2221 2698 horum
2268 2653 2343 2697 ne
2400 2634 2793 2708 obliviscare,
2854 2631 2953 2714 qui
3008 2639 3107 2693 est

379 2727 673 2811 cogniti0,
732 2707 1054 2789 admiratio
1112 2734 1174 2787 et
1229 2725 1541 2786 veneratio
1590 2724 2041 2806 sapientissimi
2089 2723 2359 2805 Opificis.
2452 2723 2621 2787 Nihil
2678 2722 2834 2783 enim
2883 2729 2981 2784 est
3026 2721 3105 2782 ab

380 2818 571 2881 oculis
619 2817 696 2877 ad
743 2824 1031 2892 mentem,
1083 2836 1120 2876 a
1164 2814 1300 2877 visu
1347 2815 1425 2876 ad
1473 2814 2069 2894 contemplationem,
2121 2836 2159 2875 a
2205 2834 2377 2878 cursu
2429 2811 2789 2894 aspectabili
2836 2810 2915 2873 ad
2958 2830 3103 2893 pro-

381 2904 799 2969 fundissimum
848 2902 1158 2967 Creatoris
1205 2904 1521 2965 consilium
1563 2904 1979 2983 processisse.
2036 2905 2089 2967 si
2136 2902 2231 2965 hic
2282 2902 2589 2983 quiescere
2636 2901 2821 2977 velis,
2879 2906 2945 2962 et
2988 2918 3104 2962 non

381 3014 496 3059 uno
543 2994 771 3075 impetu
827 3000 1076 3073 totaque
1132 2992 1315 3054 animi
1363 2991 1686 3054 devotione
1735 3011 1970 3055 sursum
2017 2992 2073 3055 in
2125 2991 2436 3054 Creatoris
2484 2991 2795 3065 notitiam,
2846 3008 3109 3051 amorem

381 3085 721 3163 cultumque
769 3084 1038 3147 efferare.
1116 3078 1320 3153 Quare
1366 3088 1542 3142 casta
1577 3088 1776 3143 mente
1828 3088 1891 3145 et
1937 3090 2115 3160 grato
2164 3082 2361 3144 animo
2408 3099 2636 3143 mecum
2682 3076 3112 3160 perfectissimi

383 3174 582 3254 operis
630 3171 985 3235 Architecto
1032 3179 1380 3251 sequentem
1427 3170 1711 3252 hymnum
1757 3170 1985 3233 accine.

899 3346 1058 3411 Jova
1102 3344 1290 3408 Sator
1335 3346 1578 3419 Mundi,
1625 3356 2021 3427 nostrumque
2061 3355 2313 3410 aeterua
2355 3352 2666 3425 potestas,

813 3434 1062 3509 Quanta
1106 3443 1214 3497 tua
1261 3442 1356 3497 est
1403 3452 1638 3495 omnem
1685 3436 2009 3497 Terrarum
2057 3437 2222 3497 fama
2266 3452 2375 3515 per
2421 3433 2673 3496 orbem?

816 3524 1032 3588 Gloria
1079 3529 1306 3605 quanta
1351 3530 1460 3584 tua
1505 3524 1650 3585 est?
1726 3522 1899 3585 Coeli
1946 3542 2097 3602 quae
2146 3523 2341 3585 didita
2388 3540 2571 3602 supra

815 3614 1061 3676 Moenia
1109 3611 1416 3674 concussis
1463 3611 1632 3674 volat
1679 3611 2052 3673 admirabilis
2101 3611 2233 3674 alis.

817 3702 1122 3783 Agnoscit
1167 3719 1313 3782 puer
1361 3709 1423 3762 et
1470 3708 1677 3783 spreto
1723 3710 1897 3762 satur
1939 3700 2121 3763 ubere
2168 3700 2366 3763 balbis

815 3793 900 3854 Te
949 3791 1218 3853 dictante
1265 3790 1448 3852 struit
1493 3789 1699 3852 valida
1744 3798 2102 3869 argumenta
2148 3788 2427 3851 labellis:

813 3882 1218 3962 Argumenta,
1270 3879 1483 3958 quibus
1530 3878 1794 3941 tumidus
1843 3879 2225 3941 confunditur
2270 3876 2465 3939 hostis

817 3968 1287 4048 Contemtorque
1335 3968 1450 4043 tui,
1501 3975 1564 4030 et
1609 3976 1943 4031 contemtor
1980 3968 2134 4048 juris
2183 3975 2248 4030 et
2294 3964 2509 4047 aequi:

813 4060 938 4121 Ast
983 4076 1122 4138 ego,
1174 4075 1288 4135 quo
1337 4057 1578 4117 credam
1625 4058 1898 4136 spatioso
1943 4057 2177 4120 Numen
2224 4058 2285 4119 iu
2332 4054 2513 4128 orbe,

741 4215 748 4223 ,
818 4146 1159 4226 Suspiciam
1207 4146 1506 4207 attonitus
1553 4146 1714 4207 vasti
1763 4145 2071 4207 molimina
2119 4146 2300 4217 coeli,

815 4236 1026 4316 Magni
1073 4252 1222 4313 opus
1271 4233 1572 4307 Artificis,
1621 4235 1861 4296 validae
1909 4233 2201 4297 miracula
2249 4234 2539 4305 dextrae3

817 4324 1095 4406 Quinque
1142 4323 1231 4385 nti
1279 4321 1547 4384 sidereos
1596 4323 1819 4384 normis
1868 4322 2219 4385 distinxeris
2268 4321 2476 4393 orbes,

819 4412 989 4485 Quos
1035 4413 1198 4474 intra
1243 4410 1478 4473 medius
1525 4412 1790 4493 lucisque
1842 4409 2191 4491 animaeque
2240 4410 2515 4471 minister

819 4501 970 4574 Qua·
1004 4503 1138 4580 lege
1184 4500 1415 4563 aeterni
1463 4519 1672 4563 cursus
1719 4501 2061 4561 moderetur
2106 4499 2409 4569 habenas,

819 4590 990 4662 Quas
1039 4590 1246 4669 capiat
1290 4589 1531 4650 variata
1576 4580 1772 4663 vices,
1827 4607 1975 4669 quos
2022 4588 2195 4650 Luna
2242 4587 2514 4660 labores,

820 4679 1137 4761 Sparseris
1181 4679 1471 4741 immenso
1521 4696 1698 4757 quam
1744 4677 2003 4757 plurima
2048 4676 2249 4738 sidera
2296 4694 2529 4755 campo.

909 4836 1436 4924 Maxime,Mundi
1485 4853 1738 4935 Opifex,
1787 4872 1907 4934 qua
1952 4861 2013 4915 te
2062 4852 2293 4915 ratione
2342 4850 2544 4931 coegit

821 4946 1084 5023 Parvus,
1134 4944 1336 5029 inops,
1383 4942 1654 5040 humilis,
1705 4954 1951 5033 tamque
1994 4942 2251 5029 exiguae
2299 4940 2497 5005 incola
2540 4937 2755 5023 glebae
