3634 5575
534 388 667 473 010
1375 391 1577 444 Literae
1610 390 1819 457 Kepleri
1855 391 2160 457 aliorumque
2195 397 2403 443 mutuae

532 554 921 637 geometrica.
1012 552 1174 617 Nam
1226 550 1497 635 quintilis
1552 559 1617 616 et
1676 552 2010 636 biquintilis
2072 554 2162 619 sic
2217 552 2458 635 quidem
2521 558 2666 615 sunt
2727 550 2864 615 loco
2909 548 3254 631 posteriore

529 646 691 707 inter
752 642 1265 706 demonstrativas
1326 642 1549 721 figuras
1571 689 1588 717 ,
1670 650 1741 705 ut
1800 643 1976 705 simul
2038 659 2150 723 per
2210 643 2365 705 hunc
2429 657 2734 705 recessum
2803 647 2870 703 et.
2929 656 3038 719 per
3094 638 3255 703 hane

534 735 739 813 fugam
786 731 1167 811 aequationis
1212 731 1603 811 perveniatur
1646 730 1707 792 in
1736 732 2369 813 proportionalitatem
2397 729 2666 793 divinam
2693 728 2954 793 omnium
3001 746 3252 809 geome-

532 822 819 885 tricarnm
863 838 1080 883 rerum.
1172 818 1311 881 Etsi
1375 819 1581 901 itaque
1642 818 1739 881 his
1802 821 1982 883 deest
2033 818 2517 892 numerabilitas,
2581 836 2692 881 seu
2735 823 2958 881 natura
2999 816 3248 891 numeri,

532 909 801 973 vicissim
845 916 1049 972 tamen
1103 908 1255 988 ipsis
1314 908 1493 970 adest
1545 908 1852 989 proportio
1899 908 2105 973 divina
2122 956 2140 984 ,
2215 927 2336 990 qua
2407 915 2622 971 carent
2677 911 2964 986 aspectus
3009 904 3246 968 usitati.

532 998 895 1078 Propterea,
970 1004 1036 1058 et
1100 997 1243 1077 quia
1314 997 1822 1078 quinquangulum
1894 998 2216 1061 adhibetur
2279 997 2358 1059 ad
2437 995 2816 1059 efficiendum
2881 1012 3104 1075 corpus
3185 1000 3251 1057 et

534 1086 773 1169 quidem
832 1084 1179 1165 primarium
1197 1132 1217 1157 ,
1290 1094 1355 1148 et
1428 1086 1775 1166 biquintiles
1849 1087 2074 1167 figurae
2157 1083 2238 1148 12
2301 1086 2380 1148 ad
2439 1083 2904 1165 pulcherrimum
2973 1083 3252 1163 regulare

537 1182 779 1239 auctum
826 1174 1129 1251 catellam)
1179 1175 1533 1249 faciendum,
1586 1174 1934 1255 aspectibus
1981 1182 2127 1237 sunt
2173 1174 2572 1237 accensenda.
2661 1172 2982 1235 Postrema
3023 1173 3251 1253 figura·-

532 1279 665 1327 rum
708 1271 961 1345 utroque
1016 1264 1255 1326 nomine
1302 1272 1399 1326 est
1450 1262 2007 1344 sesquiquadratus.
2103 1262 2391 1327 Ceterum
2445 1262 2507 1325 in
2563 1262 2782 1325 effectu
2833 1278 3047 1341 parum
3100 1278 3251 1341 pos-

534 1361 713 1423 sunt,
776 1353 913 1433 plus
962 1360 1191 1427 tamen,
1260 1372 1441 1433 quam
1492 1352 1745 1433 quaevis
1803 1352 1928 1414 alia
1991 1370 2110 1414 non
2175 1351 2556 1426 harmonica,
2627 1350 3126 1431 quemadmodum
3187 1348 3251 1411 in

534 1441 761 1505 musice
826 1448 1007 1503 sexta
1068 1442 1265 1503 mollis
1330 1441 1730 1503 consonantia
1779 1449 1986 1503 tamen
2051 1449 2176 1514 est,
2241 1448 2337 1516 ut,
2406 1458 2540 1505 cnm
2601 1439 2687 1502 sit
2731 1438 3080 1513 imbecillis,
3139 1456 3252 1499 uec

454 1598 461 1607 ,
532 1531 743 1593 laedat
778 1548 989 1604 aures,
1046 1536 1117 1591 ut
1162 1549 1343 1610 quae·
1362 1530 1697 1593 dissonant.
1788 1531 1953 1595 Nam
2017 1530 2323 1593 sensibilis
2378 1529 2530 1591 haec
2591 1527 2852 1592 musices
2911 1544 3046 1589 cum
3101 1526 3252 1590 meis

534 1618 871 1683 rationibus
942 1618 1304 1679 harmonicis
1358 1618 1781 1681 convenientia
1857 1618 2256 1681 certissimum
2313 1618 2489 1693 facit,
2563 1635 2734 1679 meas
2799 1616 3068 1679 rationes
3131 1634 3249 1677 non

536 1725 671 1769 esse
720 1706 1127 1786 denegandas,
1178 1725 1363 1787 quare
1409 1726 1519 1769 nec
1564 1706 1624 1769 iu
1674 1707 2010 1788 astrologia
2053 1707 2542 1769 contemnendas.
2571 1701 2620 1779 ¹)

708 1794 883 1857 Haec
924 1794 1237 1869 hactenus,
1286 1802 1356 1857 ut
1396 1814 1493 1857 me
1540 1805 1605 1857 et
1646 1803 1709 1857 te
1748 1814 2110 1859 exercerem.

674 1934 1047 1985 Fabricius:
1084 1932 1179 1984 Pro
1216 1936 1481 2000 genesibus
1515 1936 1675 1986 missis
1709 1938 1900 2003 gratias
1923 1936 2165 1986 maximas
2189 1934 2365 1986 habeo.
2443 1932 2648 1986 Utinam
2675 1933 2956 1985 accuratius
2981 1931 3254 1983 denotatae

534 2010 719 2057 ment.
794 2004 913 2056 Sola
948 2006 1279 2057 accidentium
1320 2012 1560 2057 accurata
1596 2008 1872 2058 observatio
1910 2007 2228 2073 astrologiam
2243 2041 2258 2066 ,
2309 2020 2443 2057 nunc
2479 2007 2624 2071 quasi
2659 2004 2920 2062 infamem,
2971 2017 3061 2053 suo
3107 2004 3253 2053 nitori

536 2078 797 2129 restituere
830 2082 1013 2141 potest.
1084 2076 1276 2127 Vellem
1313 2091 1531 2142 quoque,
1570 2084 1621 2128 te
1657 2078 1709 2129 in
1746 2086 1813 2129 tu
1831 2094 1864 2130 a
1898 2081 2122 2144 genesi
2137 2112 2154 2137 ,
2199 2094 2300 2129 non
2334 2077 2522 2128 infelici
2557 2083 2616 2127 ut
2650 2090 2746 2143 ego
2779 2081 2902 2141 puto
2917 2111 2932 2135 ,
2973 2073 3256 2127 accidentia

536 2148 704 2199 omnia
736 2149 789 2198 in
825 2150 971 2199 certis
1006 2148 1181 2199 diebus
1216 2148 1335 2197 mihi
1372 2150 1779 2201 communicasse.
1854 2148 2082 2203 Maxima
2113 2163 2230 2215 pars
2266 2150 2372 2199 lato
2407 2150 2554 2200 modo
2589 2149 2834 2199 denotata
2869 2152 2964 2202 est.
2998 2161 3096 2199 neo
3129 2161 3254 2213 cog·

532 2232 737 2270 noscere
784 2233 1070 2282 possumus,
1127 2233 1193 2269 an
1244 2234 1369 2270 novo
1418 2219 1496 2269 vel
1544 2223 1699 2273 veteri
1746 2220 1875 2283 stylo
1922 2222 2096 2272 utaris.
2173 2220 2341 2282 Quare
2375 2220 2427 2269 in
2465 2227 2672 2285 utroque
2729 2226 2781 2270 te
2830 2218 2993 2284 magis
3031 2216 3253 2285 explica3

532 2292 825 2355 praesertim
843 2325 859 2347 ,
913 2304 1008 2354 quo
1046 2288 1126 2340 die
1163 2290 1281 2341 anni
1320 2287 1403 2339 91.
1444 2290 1620 2341 Martis
1656 2293 1898 2343 mannitus
1934 2307 2022 2357 per
2055 2292 2414 2342 ascendentem
2466 2295 2519 2341 te
2554 2291 2699 2341 valde
2740 2290 2998 2347 afflixerit,
3046 2294 3101 2339 et
3136 2303 3253 2353 qno·

532 2362 697 2412 modo.
775 2359 887 2422 Quo
942 2361 1022 2411 die
1078 2361 1237 2411 Gratii
1272 2360 1529 2427 Ungarica
1578 2362 1728 2413 febris
1783 2371 1837 2414 te
1889 2364 2141 2413 invaserit.
2216 2361 2327 2424 Quo
2375 2361 2456 2412 die
2506 2362 2626 2412 anni
2679 2356 2763 2410 90.
2803 2360 3061 2426 Ungui-ica
3111 2358 3258 2410 febrh

535 2432 741 2490 lentior,
798 2446 860 2481 ex
896 2430 1108 2482 Saturno
1146 2446 1293 2496 super
1328 2432 1710 2491 ascendentem,
1766 2440 1819 2485 te
1857 2434 2101 2485 afflixerit.
2173 2433 2364 2485 Ultima
2399 2438 2650 2498 quartana
2685 2430 2742 2481 8.
2779 2430 2894 2483 Oct.
2937 2445 3006 2481 an
3041 2436 3140 2481 vet.
3175 2430 3256 2481 vel

534 2518 660 2553 novo
696 2500 859 2566 stylo?
929 2502 1111 2554 Laenio
1147 2504 1259 2554 nasi
1294 2518 1389 2568 quo
1415 2504 1514 2555 die.
1586 2505 1842 2557 Maestlini
1876 2507 2084 2572 genesin
2107 2506 2150 2555 si
2173 2504 2348 2564 habes,
2383 2504 2532 2555 velim
2553 2504 2675 2555 mihi
2699 2504 3048 2555 comuniees.
3111 2501 3257 2555 Unde

534 2573 818 2637 Paradiseri
853 2576 1060 2640 genesin
1093 2572 1291 2625 haben?
1739 2605 1747 2615 ·

712 2679 1122 2759 Keplerus:
1198 2678 1497 2760 Exempla
1543 2697 1848 2759 geneseon
1895 2680 2108 2743 mutila
2149 2678 2308 2743 misi.
2386 2681 2658 2760 Ignosce.
2745 2675 2918 2747 Cum,
2967 2685 3034 2739 ut
3064 2677 3254 2754 vides,

538 2768 885 2833 certitudini
934 2767 1087 2830 artis
1131 2765 1193 2831 in
1232 2768 1637 2850 singularibus
1683 2787 1894 2849 parurn
1941 2769 2218 2845 tribuam,
2269 2767 2674 2850 negligentior
2719 2785 2858 2829 esse
2905 2767 3098 2843 soleo,
3149 2785 3259 2832 nec

541 2867 603 2921 te
651 2857 749 2920 hic
795 2858 1047 2920 multum
1084 2859 1299 2938 juvare
1342 2876 1613 2938 possum.
1706 2857 1830 2921 Sed
1877 2866 1948 2920 tu
1992 2859 2264 2938 deperire
2310 2858 2536 2922 videris
2583 2863 2776 2920 artem
2793 2874 2812 2932 3
2869 2855 3028 2929 vide,
3075 2875 3150 2918 ne
3195 2863 3260 2918 te

540 2945 916 3021 ludificetur,
990 2946 1227 3026 majora
1300 2947 1455 3009 enim
1544 2947 1819 3010 humanis
1897 2946 2126 3010 viribus
2203 2947 2326 3008 ista
2393 2947 2538 3010 mihi
2610 2946 2926 3020 videntur,
3001 2945 3258 3006 certitu-

542 3035 740 3097 dinem
789 3034 927 3095 inde
973 3041 1211 3114 petere,
1258 3035 1361 3097 ubi
1404 3032 1575 3098 nulla
1620 3053 1757 3098 esse
1800 3042 2036 3117 potest,
2099 3043 2162 3098 te
2209 3035 2344 3116 ipso
2391 3043 2585 3110 teste,
2633 3033 2734 3116 qui
2761 3033 3065 3096 concedis
3110 3051 3258 3096 cau-

541 3141 745 3186 sarum
792 3122 1049 3184 omnium
1097 3142 1421 3186 concursus
1457 3125 1639 3204 juxta
1683 3124 1938 3186 coelum.
2031 3121 2196 3195 Quid
2241 3143 2318 3187 ex
2377 3120 2490 3190 hoc
2537 3129 2852 3204 sequatur,
2913 3121 3100 3202 probe
3147 3140 3259 3184 ex-

541 3212 803 3293 pendere
850 3219 913 3272 te
959 3212 1177 3286 velim3
1225 3231 1365 3274 nam
1408 3211 1874 3276 inconsideratis
1919 3213 2117 3294 prima
2161 3213 2360 3277 fronte
2409 3233 2528 3276 uon
2578 3218 2856 3293 apparet.

718 3301 788 3362 In
835 3317 967 3361 mea
1014 3301 1223 3380 genesi
1270 3301 1465 3383 stylus
1510 3311 1687 3364 vetus
1733 3301 1929 3376 valet,
1989 3320 2178 3383 usque
2235 3301 2315 3364 ad
2361 3321 2582 3364 annum
2629 3296 2734 3376 94,
2783 3319 2898 3381 quo
2948 3317 3106 3363 anno
3159 3295 3260 3361 11.

542 3385 695 3469 Apr.
744 3396 823 3450 st.
872 3407 927 3450 n.
982 3387 1261 3452 Gratiam
1308 3390 1443 3451 veni
1488 3409 1621 3453 cum
1666 3399 2012 3454 versaretur
2053 3391 2115 3466 ‘ll
2161 3390 2218 3452 in
2267 3391 2465 3453 medio
2501 3390 2696 3462 coeli:
2753 3383 2831 3450 14
2857 3396 3001 3468 post.
3045 3387 3258 3451 diebus

546 3477 635 3628 ξιιι4
662 3477 798 3557 ipsa
862 3479 923 3554 0‘
937 3485 989 3549 (ς
1007 3481 1057 3551 )
1122 3478 1185 3541 in
1245 3476 1332 3542 23
1353 3475 1380 3512 ⁹
1404 3483 1471 3552 Π
1531 3479 1713 3542 incidi
1772 3479 1835 3542 in
1883 3480 2096 3543 febrim
2139 3480 2537 3561 Ungaricam,
2621 3497 2775 3560 quae
2823 3477 3064 3540 duravit
3110 3477 3262 3540 alios

682 3567 830 3628 dies.
922 3577 926 3581 '
3014 3595 3022 3600 ·

678 3685 689 3696 ·
720 3653 900 3717 Anno
930 3651 1036 3730 90,
1086 3673 1217 3717 cum
1264 3662 1433 3720 esset
1475 3649 1517 3732 5
1564 3654 1627 3718 in
1653 3652 1780 3720 24⁰
1805 3653 1916 3719 40¹
1943 3659 2011 3730 Π
2055 3655 2306 3736 (quaere
2353 3655 2510 3718 diem
2555 3655 2740 3737 ipse),
2788 3652 3056 3734 graviter
3091 3655 3260 3736 coepi

546 3751 867 3823 aegrotare
916 3741 1121 3806 dolore
1184 3743 1404 3824 capitis
1462 3750 1528 3805 et
1570 3744 2060 3807 consternatione
2117 3744 2536 3808 membrorum.
2631 3741 2786 3808 Cum
2829 3739 2872 3823 b
2922 3742 3135 3806 iterum
3182 3743 3262 3806 ibi

547 3841 732 3906 esset,
780 3831 1021 3894 scabies
1067 3850 1163 3893 me
1210 3833 1425 3896 tenuit.
2553 3827 2570 3835 ’

724 3920 905 3982 Anno
952 3915 1057 3993 91,
1108 3919 1213 3982 die·
1244 3919 1507 3982 Veneris
1552 3925 1695 4000 post
1738 3919 1974 3984 cineres
2021 3921 2242 4003 capitis
2289 3922 2462 3985 dolor
2507 3920 2834 3984 febriculae
2881 3913 3264 3983 acutissimae

546 4007 781 4162 initiuLg-li
801 4008 1001 4174 <ξ’)ειιιὶι,
1062 4026 1215 4087 quae
1278 4007 1321 4073 8
1381 4008 1513 4072 dies
1558 4009 1802 4072 duravit
1847 4017 1912 4072 et
1955 4028 2048 4072 me
2111 4029 2266 4091 pene
2313 4010 2611 4074 enecavit.
2705 4008 2776 4073 Si
2823 4008 2978 4071 bene
3025 4008 3266 4073 memini

548 4095 663 4160 fuit
903 4104 975 4168 d.

726 4185 881 4248 Post
926 4184 1109 4248 ferias
1158 4185 1471 4248 natalitias
1517 4185 1953 4266 praecedentes
2015 4205 2050 4248 e
2107 4187 2334 4268 templo
2389 4207 2422 4248 e
2470 4185 2726 4250 lectione
2773 4186 3020 4248 veniens
3063 4186 3267 4249 inten-

550 4274 793 4340 sissimo
842 4273 1067 4353 frigore
1113 4274 1328 4336 sudavi
1374 4273 1922 4340 vehementissime.
2015 4277 2284 4340 Fuerunt
2327 4293 2474 4357 ergo
2519 4275 2810 4356 reliquiae
2852 4275 3064 4352 morbi,
3115 4295 3268 4358 quae

552 4372 877 4445 eruperunt
920 4363 981 4426 in
1026 4363 1543 4439 Bacchanalibus,
1610 4382 1746 4426 cum
1786 4365 1968 4444 paulo
2015 4373 2200 4428 antea
2244 4365 2564 4428 sisteretur
2609 4364 2880 4439 scabies,
2939 4372 3004 4426 et
3051 4385 3263 4429 acces-

550 4453 741 4516 sisset
786 4451 1105 4516 commotio
1152 4451 1421 4531 corporis
1468 4461 1533 4515 et
1577 4451 1759 4515 animi
1817 4471 1926 4533 per
1971 4453 2367 4533 agitationem
2423 4453 2772 4517 comoediae
2791 4501 2810 4528 ,
2867 4453 2928 4516 in
2975 4473 3094 4535 qua
3121 4455 3266 4518 Ma-

474 4577 483 4586 ·
551 4541 781 4605 rianem
826 4541 1103 4620 agebam.
1195 4541 1265 4602 In
1320 4549 1617 4622 quartana
1670 4543 1896 4624 stylum
1957 4561 2180 4606 novum
2235 4543 2528 4623 intellige.
2621 4541 2812 4606 Simul
2868 4542 3018 4608 illud
3069 4543 3260 4608 medi-

552 4648 792 4692 corum:
870 4629 1137 4694 tertiana
1200 4648 1315 4692 non
1370 4639 1709 4710 expurgata
1774 4632 1842 4692 fit
1909 4639 2228 4711 quartana.
2319 4631 2525 4696 Semel
2581 4639 2763 4714 atque
2817 4631 3034 4695 iterum
3052 4681 3070 4712 ,
3135 4651 3266 4697 cum

557 4718 751 4780 adhuc
797 4737 991 4782 essem
1044 4717 1277 4790 Gratii,
1335 4719 1498 4782 sensi
1554 4737 1977 4801 paroxysmum
2025 4728 2166 4784 ante
2213 4721 2558 4784 Michaelis.
2646 4721 2954 4802 Agitabat
2995 4724 3158 4786 curis
3203 4730 3270 4784 et

555 4806 889 4881 laboribus,
950 4807 1029 4870 ad
1082 4807 1199 4870 iter
1250 4827 1343 4871 me
1399 4825 1663 4888 parans3
1737 4808 1795 4870 in
1855 4809 2068 4873 itinere
2129 4809 2439 4874 iracundia
2483 4810 2676 4875 effusa
2718 4828 2797 4872 ex
2842 4810 3264 4888 incidentibus,

558 4913 699 4960 esus
742 4896 1125 4976 gerberorum
1162 4898 1497 4972 crudorum,
1545 4897 1745 4960 victus
1788 4897 1907 4962 imo
1953 4897 2328 4962 inordinatus
2375 4905 2440 4964 et
2483 4899 2880 4962 antecedente
2926 4909 3106 4964 nocte
3150 4901 3268 4966 iter
