3634 5575
1497 352 1674 399 mm
1707 344 1903 399 um.
2924 336 3061 407 249

1499 558 1740 661 Caput
1789 558 1889 633 Π.

1205 720 1322 783 De
1364 718 1663 785 Historia
1705 719 2185 805 Hypotheeium.

513 861 584 923 In
648 860 906 924 historia
979 863 1402 945 hypothesium
1467 866 1732 929 texenda
1777 866 1971 929 Ursus
2055 864 2313 928 artificio
2376 864 2569 927 utitur
2630 882 2747 927 non
2811 864 3051 929 inscito.

339 949 398 1011 A
441 950 602 1011 veris
649 948 804 1013 enim
849 960 1096 1015 exortus
1143 953 1476 1017 rationibus
1521 955 1700 1017 fidem
1729 954 1845 1017 sibi
1892 954 2041 1017 facit
2068 954 2433 1033 cognitionis
2474 952 2889 1016 historiarumt
2940 972 3061 1033 qua

339 1039 626 1112 obtenta,
691 1040 838 1103 nihil
891 1048 1124 1103 mutato
1171 1042 1269 1104 filo
1313 1044 1608 1105 orationis
1653 1046 1734 1105 ad
1777 1050 2119 1106 commenta
2172 1061 2285 1104 sua
2332 1041 2659 1115 delabitur,
2730 1060 2917 1123 eaque
2966 1044 3061 1105 le-
3095 1042 3105 1047 ’

337 1125 489 1189 ctori
533 1146 644 1207 pro
697 1129 1088 1193 relationibus
1135 1131 1440 1195 historicis
1485 1132 1771 1197 obtrudit.
1865 1133 1960 1194 De
2008 1132 2347 1206 Thalete,
2417 1130 2517 1211 qni
2560 1130 2787 1211 primus
2846 1138 2945 1193 est
2998 1132 3059 1193 in

337 1217 452 1279 hac
505 1224 982 1282 astronomorum
1043 1220 1198 1282 serie
1255 1221 1314 1284 iu
1363 1218 1628 1285 Graecia
1673 1221 1979 1302 (quamvis
2026 1220 2285 1282 Linum
2340 1227 2407 1282 et
2452 1220 2829 1281 Musaeum
2888 1220 3059 1281 anti-

339 1304 682 1386 quissimos,
729 1306 888 1369 hunc
935 1307 1306 1373 inventorem
1344 1310 1661 1390 sphaerae,
1709 1311 1875 1374 illum
1922 1317 2191 1372 motuum
2220 1306 2383 1371 Solis
2430 1316 2495 1370 et
2537 1308 2747 1371 Lunae
2794 1308 3063 1371 celebret

337 1395 648 1472 Diogenes
692 1394 1040 1471 Laertius),
1096 1398 1150 1459 si
1195 1416 1342 1460 vera
1387 1408 1555 1473 sunt,
1619 1419 1770 1480 quae
1817 1400 1893 1460 de
1938 1398 2349 1479 praedictione
2397 1396 2694 1476 eclipseos
2740 1395 3059 1479 prodidere

337 1482 566 1546 Plinius
613 1491 678 1544 et
719 1484 1103 1548 Herodotus:
1165 1496 1332 1549 certe
1381 1488 1660 1569 equidem
1705 1489 1862 1551 hanc
1910 1485 2315 1549 astronomiae
2376 1492 2613 1567 partem
2658 1493 2877 1547 exacte
2924 1486 3057 1547 cal-

339 1574 522 1635 luisse
569 1590 816 1635 necesse
863 1582 980 1635 est.
1073 1574 1160 1636 Et
1203 1576 1490 1639 Laertius
1521 1578 1804 1658 quidem,
1866 1576 2118 1655 primum
2165 1575 2535 1654 astrologiae
2582 1580 2823 1636 secreta
2866 1573 3061 1637 rima-

335 1669 482 1735 tum,
529 1655 696 1723 Soli's
741 1680 982 1726 cursum
1029 1684 1068 1725 a
1113 1664 1378 1729 solstitio
1423 1665 1484 1727 in
1531 1666 1859 1729 solstitium
1906 1664 2236 1745 reperisse,
2285 1663 2427 1726 anni
2474 1662 2879 1745 quantitatem
2928 1658 3061 1727 365

337 1750 566 1813 dierum
631 1750 1050 1826 constituisse,
1117 1754 1192 1815 de
1245 1754 1534 1817 solstitiis
1595 1762 1662 1817 et
1707 1753 2107 1835 aequinoctiis
2170 1751 2525 1831 scripsisse,
2592 1751 2733 1815 anni
2788 1760 3065 1833 tempora

337 1858 610 1902 mensum
665 1858 834 1911 esse,
902 1839 1068 1904 Solis
1117 1850 1184 1904 et
1228 1843 1438 1905 Lunae
1497 1843 1943 1924 magnitudines
2006 1860 2394 1923 comparasse
2458 1840 2743 1921 Solisque
2788 1842 3065 1905 defectus

333 1926 717 2009 praedixisse
765 1929 1008 1992 asserit.
1101 1932 1318 2013 Neque
1365 1942 1568 1995 tamen
1615 1934 1961 1997 methodum
2008 1933 2269 2011 eclipses
2296 1930 2685 2011 praedicendi
2734 1950 2773 1991 a
2818 1950 2883 1993 se
2928 1930 3063 2009 ipso

335 2026 546 2098 petere
591 2016 824 2096 potuit,
891 2036 1026 2081 cum
1061 2020 1174 2083 hoc
1221 2040 1338 2083 non
1385 2023 1468 2085 sit
1513 2022 1686 2085 unius
1735 2022 1989 2097 aetatis,
2060 2023 2383 2083 observare
2430 2019 2801 2082 sufficientes
2848 2020 3061 2081 Lunae

343 2104 680 2169 anomaliae
727 2106 802 2167 ad
851 2107 1104 2188 eclipsin
1151 2108 1318 2173 Solis
1365 2111 1855 2189 praedicendam.

521 2192 825 2257 Credibile
873 2196 1076 2276 igitur,
1125 2216 1260 2261 cum
1288 2200 1469 2278 paulo
1519 2208 1660 2263 ante
1709 2220 1845 2262 eam
1872 2200 2067 2279 ipsam
2096 2196 2349 2276 eclipsin
2396 2194 2675 2275 bellaque
2720 2213 2875 2275 qnae
2922 2203 3067 2257 tuuc

338 2290 518 2365 gesta
563 2294 990 2348 commemorat
1033 2286 1409 2363 Herodotus,
1466 2307 1588 2367 pax
1633 2289 1837 2369 utique
1886 2286 2069 2350 fuerit
2104 2285 2311 2367 Lydos
2354 2284 2515 2347 inter
2560 2290 2627 2344 et
2669 2282 3063 2365 Babylonios,

339 2372 564 2435 Thales
622 2390 766 2435 vero
813 2372 1002 2455 Lydis
1057 2374 1290 2437 vicinus
1347 2377 1404 2439 in
1452 2378 1666 2442 Mileto
1723 2377 2059 2450 habitaret,
2126 2381 2319 2436 artem
2376 2373 2635 2452 eclipses
2680 2372 3065 2451 computandi

350 2459 634 2523 didicisse
683 2483 722 2521 a
773 2462 1152 2544 Babyloniis.
1247 2466 1329 2527 Et
1375 2466 1660 2528 Laertius
1707 2466 1947 2545 quidem
1992 2470 2215 2531 ,auctor
2242 2470 2371 2536 est,
2420 2462 2767 2543 Aegyptum
2817 2460 3061 2524 adiisse.

337 2549 432 2613 Ac
477 2549 608 2630 ipse
655 2550 880 2613 Thales
935 2552 1093 2632 apud
1140 2562 1446 2617 auctorem
1492 2555 1658 2617 illum
1705 2554 1794 2616 sic
1850 2554 1929 2616 ad
1958 2550 2367 2633 Pherecydem
2396 2550 2471 2611 de
2500 2568 2609 2611 se:
2660 2550 3059 2630 „Aegyptum

337 2639 802 2719 penetravimus,
849 2648 918 2704 nt
963 2642 1144 2705 isthic
1173 2642 1590 2706 sacerdotibus
1621 2651 1684 2707 et
1711 2642 2077 2705 astronomis
2104 2639 2671 2720 congrederemur.“
2764 2635 2885 2709 Qui
2921 2639 3059 2700 fue-

337 2730 458 2793 rint
503 2734 702 2791 autem
742 2728 830 2791 illi
866 2730 1216 2805 astronomi,
1255 2731 1538 2796 Laertius
1577 2732 1636 2795 in
1665 2732 2017 2816 Pythagora
2046 2728 2255 2804 innuit,
2304 2748 2479 2809 quem
2516 2726 2772 2792 eundem
2802 2726 3059 2810 Aegyp·-

345 2828 470 2881 tnm
517 2819 854 2897 profectum
901 2829 1113 2884 narrat
1157 2822 1318 2901 apud
1365 2820 1710 2885 Chaldaeos
1757 2827 2201 2884 conversatum.
2292 2817 2449 2880 Erat
2481 2835 2707 2893 nempe
2740 2817 3067 2898 Aegyptus

341 2907 450 2970 sub
495 2907 966 2987 Babyloniorum
1002 2909 1174 2989 jugo.
1265 2911 1336 2973 In
1383 2912 1498 2973 fine
1543 2929 1688 2974 vero
1735 2910 2033 2990 epistolae
2071 2909 2201 2987 jam
2248 2907 2557 2986 allegatae
2588 2905 2815 2968 Thales
2862 2905 3063 2968 addit:

340 3003 450 3070 „at
479 3013 589 3056 nos
619 2996 715 3076 qui
746 2995 830 3057 nil
861 2997 1196 3072 scribimus,
1247 2998 1572 3062 Graeciam
1608 3001 1943 3080 Asiamque
1974 2997 2435 3078 peragramus.“
2478 2997 2579 3058 Ita
2606 2996 2733 3056 sive
2773 2994 2831 3056 in
2872 2992 3065 3058 Chal-

339 3085 556 3146 daeam
601 3101 710 3161 per
753 3084 1189 3161 continentem,
1240 3087 1368 3150 sive
1417 3089 1568 3150 mari
1613 3089 1678 3151 in
1723 3089 2075 3170 Aegyptum
2117 3085 2325 3159 iverit,
2376 3083 2819 3148 Chaldaeorum
2868 3083 3065 3145 utrin-

341 3191 456 3253 que
501 3171 737 3251 copiam
783 3171 994 3236 habuit
1041 3183 1102 3236 et
1151 3177 1582 3238 astronomiam
1628 3178 1768 3241 inde
1815 3178 1875 3238 in
1908 3175 2235 3238 Graeciam
2262 3175 2473 3236 efferre
2514 3172 2735 3252 potuit.
2827 3171 3070 3234 Etenim

343 3260 578 3323 consuli
623 3260 838 3322 solitos
885 3281 923 3324 a
970 3261 1228 3326 Graecis
1272 3265 1642 3347 Babylonios
1689 3267 1763 3328 de
1813 3269 1975 3328 mo'tu
2022 3266 2263 3337 Lunae,
2311 3263 2457 3324 illud
2502 3262 2861 3342 persuadet,
2910 3261 3067 3341 quod

341 3369 548 3412 omnes
591 3367 746 3428 pene
795 3348 1072 3413 Graecae
1121 3353 1398 3416 nationes
1445 3373 1600 3415 anno
1639 3355 1869 3416 Lunari
1916 3359 2248 3415 uterentur.
2344 3351 2477 3412 Huc
2505 3351 2665 3412 refer
2694 3349 2897 3411 verba·
2916 3349 3066 3411 Ari-

341 3438 584 3500 stotelis
629 3438 770 3510 (lib.
819 3439 902 3501 II.
953 3440 1028 3501 de
1077 3438 1266 3503 Coelo
1311 3460 1443 3521 cap.
1505 3438 1667 3516 120:
1727 3441 1909 3504 simili
1954 3441 2193 3502 ratione
2240 3439 2315 3502 de
2362 3438 2583 3501 ceteris
2640 3439 2825 3500 etiam
2870 3438 3067 3500 stellis

345 3527 679 3606 loquuntur,
729 3527 828 3606 qni
876 3546 1081 3590 earum
1127 3530 1424 3592 rationem
1464 3532 1764 3611 qnondam
1790 3529 2063 3611 plurimis
2095 3527 2268 3591 annis
2298 3527 2716 3600 observarunt,
2768 3525 3065 3606 Aegyptii

349 3625 412 3678 et
453 3614 798 3697 Babylonii,
847 3636 886 3680 a
931 3617 1146 3697 quibus
1191 3619 1385 3681 multa
1431 3621 1548 3681 fide
1595 3619 1780 3699 digna
1826 3619 1901 3680 de
1949 3616 2201 3697 singulis
2250 3614 2547 3678 sideribus
2593 3611 2959 3693 accepimus.

521 3701 694 3773 Quas
757 3723 926 3766 meas
971 3707 1354 3786 conjecturas
1413 3708 1511 3769 hic
1556 3727 1690 3771 cum
1737 3709 1879 3770 Ursi
1926 3705 2287 3787 conjecturis
2334 3703 2607 3766 conferre
2655 3703 2858 3777 libuit,
2926 3703 3067 3782 quia

343 3791 395 3853 is
442 3811 562 3854 nou
607 3810 768 3867 sum,
827 3794 926 3874 qui
973 3795 1124 3856 bene
1172 3795 1338 3858 dicta
1381 3815 1629 3877 carpere
1673 3797 1876 3859 velim.
1971 3793 2095 3858 Sed
2144 3794 2271 3874 jam
2320 3793 2531 3856 statim
2588 3797 2807 3873 peccat
2850 3789 3065 3863 Ursus,

343 3880 734 3964 hypotheses,
783 3899 934 3961 quas
979 3883 1360 3964 physicorum
1409 3905 1545 3948 esse
1593 3885 1700 3959 ait,
1745 3885 1928 3966 paulo
1955 3891 2099 3964 post
2142 3889 2416 3963 tempora
2444 3881 2801 3944 Aristotelis
2834 3881 3067 3942 demum

353 3969 722 4032 constitutas
767 3971 1156 4047 existimans,
1203 3991 1316 4034 nec
1362 3974 1487 4036 ulla
1532 3975 1766 4036 ratione
1815 3973 1957 4036 sciri
2002 3990 2203 4052 posse,
2254 3971 2601 4052 qualesnam
2640 3968 2863 4032 fuerint
2906 3975 3068 4030 tem-

345 4058 592 4139 poribus
640 4058 916 4122 Thaletis
984 4069 1048 4123 et
1101 4061 1490 4144 Pythagorae
1554 4069 2033 4126 astronomorum
2090 4060 2479 4143 hypotheses.
2574 4057 2711 4129 Quo
2760 4059 2891 4120 loco
2948 4075 3067 4118 non

347 4148 588 4210 videtur
639 4147 898 4210 Plinium
954 4149 1178 4228 legisse
1235 4151 1336 4212 lib.
1389 4152 1470 4213 11.
1533 4170 1667 4230 cap.
1717 4149 1823 4214 22.
1914 4149 2157 4212 Etenim
2212 4149 2353 4210 illae
2410 4148 2731 4211 hodiernae
2778 4145 3069 4226 physico·-

351 4255 498 4311 mm,
547 4244 616 4298 nt
661 4244 842 4298 vocat
877 4237 1093 4312 Ursus,
1142 4239 1534 4320 hypotheses,
1585 4259 1692 4302 seu
1737 4241 1848 4302 illa
1894 4240 2291 4318 sphaerarum
2338 4237 2659 4305 ordinatio,
2710 4253 2887 4316 qnam
2916 4234 3069 4296 Pto-

351 4325 618 4386 lemaeus
673 4330 770 4386 est
815 4326 1158 4406 amplexus,
1208 4328 1590 4408 Pythagorae
1645 4329 1882 4390 usitata
1940 4327 2073 4390 fuit.
2167 4324 2331 4388 Audi
2386 4325 2579 4388 lector
2624 4325 2809 4388 verba
2856 4321 3069 4384 Plinii}

352 4411 476 4476 Sed
523 4411 926 4492 Pythagoras,
973 4415 1184 4495 inquit,
1233 4415 1532 4480 interdum
1577 4435 1656 4478 ex
1701 4417 1935 4479 musica
1978 4415 2211 4478 ratione
2260 4414 2529 4494 appellat
2573 4421 2807 4487 tonum,
2874 4427 3071 4490 quan·-

351 4509 484 4564 tum·
523 4501 688 4564 absit
733 4523 774 4564 a
817 4502 1010 4565 Terra
1052 4505 1244 4566 Luna.
1339 4505 1440 4568 Ab
1487 4525 1562 4568 ea
1614 4505 1694 4568 ad
1739 4505 2133 4580 Mercurium,
2200 4503 2383 4584 spatii
2432 4503 2563 4581 ejus
2610 4499 2945 4572 dimidium,
3008 4505 3074 4560 et

353 4589 430 4652 ab
477 4608 550 4651 eo
597 4590 677 4652 ad
725 4591 1027 4655 Venerem
1075 4593 1198 4656 fere
1247 4595 1600 4658 tantundem
1619 4641 1638 4668 ,
1686 4615 1723 4656 a
1769 4612 1889 4675 qua
1934 4593 2011 4656 ad
2044 4592 2251 4656 Solem
2299 4591 2683 4671 sesquiplum‚
2734 4609 2772 4652 a
2810 4587 2955 4652 Sole
2992 4587 3073 4652 ad

349 4679 616 4741 Martem
655 4686 878 4754 tonum,
927 4681 1006 4742 ab
1053 4699 1125 4744 eo
1171 4683 1250 4744 ad
1277 4683 1494 4746 Jovem
1539 4683 1849 4746 dimidium
1894 4691 1957 4746 et
2004 4683 2081 4744 ab
2129 4701 2203 4744 eo
2250 4681 2331 4742 ad
2367 4678 2695 4743 Saturnum
2740 4677 3071 4750 dimidium,

351 4775 420 4834 et
460 4767 600 4829 inde
645 4768 1016 4848 sesquiplum
1063 4771 1143 4832 ad
1187 4771 1556 4852 signiferum.

529 4855 730 4926 Audis
773 4855 1042 4924 ordinem
1089 4860 1476 4949 sphaerarum
1521 4862 1712 4925 lector
1756 4877 1833 4926 ex
1879 4859 2097 4928 Plinio.
2182 4855 2311 4920 Aut
2364 4855 2551 4941 igitur
2594 4853 2829 4920 Plinius
2874 4854 3071 4918 malae
