3634 5575
664 320 750 391 24
827 314 832 319 ’
990 392 1001 402 .
1849 324 2171 377 Prooemium.

663 500 782 551 epus
816 485 980 543 fuerit.
1014 500 1101 551 pro
1133 499 1278 552 posse
1315 500 1510 538 omnem
1543 486 1892 537 obscuritatem
1926 486 2087 537 tollas.
2148 485 2292 549 Quod
2325 487 2411 537 ubi
2444 486 2631 539 factum
2654 486 2817 547 luerit,
2852 486 3110 539 confestim
3132 493 3373 553 torquete

661 558 831 609 licebit
862 556 1065 623 prelum.
1137 556 1302 608 Velim
1338 562 1506 609 autem
1541 558 1606 607 ad
1639 570 1729 609 nos
1767 572 2012 620 excurras,
2036 564 2103 608 .et
2135 558 2217 608 hic
2253 560 2420 609 omnia
2454 558 2703 623 expedias,
2740 558 2823 609 ubi
2860 562 2913 609 et
2945 557 3174 609 librorum
3216 559 3373 623 copia

661 635 715 680 et
749 628 958 679 aliarum
989 639 1150 679 rerum
1184 632 1343 693 major
1379 630 1730 693 opportunitas.
1803 625 1933 685 Vale
1970 634 2023 679 et
2057 628 2197 680 Vive.

802 700 1037 751 Perlecfis
1070 701 1148 751 his
1181 700 1509 751 Hafenrefferi
1547 707 1599 751 et
1627 700 1883 752 Maestlini
1916 702 2115 751 monitis
2140 701 2384 765 Keplerus
2424 699 2741 767 Stuttgartia,
2776 700 2859 751 ubi
2898 700 3060 751 adhuc
3097 715 3209 750 cnm
3250 714 3367 753 mar-

662 772 876 839 trimopii
909 772 1112 823 ineundi
1148 769 1372 835 (uxorem
1407 772 1546 823 duxit
1588 773 1813 831 viduam,
1861 771 2135 823 Barbaram
2170 770 2435 824 Miilleram
2471 785 2505 822 a
2538 770 2797 830 Muhleck‚
2848 773 2901 822 in
2938 770 3107 836 Styria
3138 771 3279 822 bona
3315 778 3371 822 et

661 844 908 894 fortunam
939 844 1287 908 possidentem.
1349 843 1694 910 Stuttgartiae,
1733 860 1844 895 cum
1873 844 2137 931 Tubingae
2173 844 2427 909 stipendiis
2462 858 2578 895 usus
2614 844 2761 894 fuerit
2777 842 3251 909 Wiirttembergicis,
3294 850 3367 899 et,

663 914 917 966 Grastium
951 916 1222 974 transiens,
1259 916 1724 981 Wiirttembergiam
1757 916 1971 979 patriam
2004 916 2263 973 retineret,
2303 916 2669 967 concessionem
2704 916 2985 980 nuptiarum
3018 910 3214 979 petiit),
3254 919 3367 965 ιιιιιι

659 986 766 1037 libri
803 987 904 1039 sui.
917 986 1111 1045 edendi,
1149 993 1254 1038 tum
1294 986 1520 1048 „artificii
1555 988 1809 1054 argentei‘*
1850 1000 2007 1039 causa
2040 988 2353 1048 versabatur,
2386 987 2698 1037 consentiens
2734 1002 2847 1037 cum
2880 986 3073 1037 illorum
3106 987 3368 1037 sententia

662 1056 924 1109 Maestlino
961 1060 1186 1123 scripsit.

837 1215 1111 1281 Salutem
1157 1217 1216 1279 in
1248 1216 1512 1282 Christo.
1590 1218 1825 1281 Nudius
1872 1216 2077 1298 accepi
2124 1218 2331 1281 literas
2378 1220 2454 1282 D.
2486 1216 2561 1281 D.
2578 1212 3009 1291 Hafenrefferi,
3056 1215 3177 1279 una
3218 1236 3361 1279 cum

657 1306 737 1369 Η.
787 1306 949 1369 Tuae
996 1306 1225 1386 judicio
1273 1308 1346 1371 de
1391 1308 1758 1389 corporibus
1852 1302 2181 1371 Brevitatis
2238 1308 2419 1387 igitur
2473 1326 2660 1369 causa
2714 1314 2949 1369 tantum
3005 1307 3079 1369 de
3134 1325 3361 1369 neces-

657 1394 836 1457 sariis
865 1414 1062 1477 agam.
1132 1395 1452 1469 (Quamvis
1481 1397 1811 1477 gratiarum
1841 1397 2075 1459 actione
2114 1398 2201 1460 nil
2245 1398 2439 1478 magis
2478 1395 2561 1459 sit
2596 1396 3047 1487 necessarium.)
3112 1395 3359 1461 Parebo

659 1482 1053 1548 libentissime
1099 1486 1174 1547 de
1221 1487 1662 1568 quibuscunque
1707 1486 2008 1550 monuisti.
2083 1486 2359 1549 Formam
2406 1504 2546 1549 vero
2595 1504 2798 1547 eorum
2839 1505 2989 1567 quae
3037 1484 3363 1560 adduntur,

659 1574 842 1637 aliam
885 1575 1158 1649 meditor,
1207 1594 1334 1651 nec,
1381 1585 1490 1637 ιιι
1481 1595 1691 1658 spero,
1738 1575 1850 1639 tibi
1896 1576 2371 1659 displicentem.
2407 1574 2679 1638 Scribam
2727 1582 2901 1637 notas
2946 1569 3077 1636 sive
3120 1575 3367 1637 scholia

658 1664 730 1725 de
777 1662 926 1726 locis
972 1664 1262 1728 obscuris,
1355 1665 1615 1727 Primum
1661 1666 1863 1747 itaque
1912 1666 1965 1727 si
2001 1667 2235 1727 notasti
2284 1640 2637 1746 corrigenda
2682 1664 2976 1745 quaedam
3030 1654 3197 1741 loca,
3256 1668 3363 1729 vel

657 1752 928 1815 tollenda
971 1752 1069 1815 vel
1115 1755 1432 1829 mutanda,
1480 1756 1576 1817 vel
1623 1754 1710 1815 ita
1755 1755 2036 1831 obscura,
2085 1762 2153 1817 ut
2193 1773 2316 1817 una
2358 1774 2475 1817 vox
2523 1754 2762 1829 addita,
2808 1755 3042 1832 demta,
3096 1764 3358 1819 mutata.

655 1842 1047 1923 transposita,
1097 1842 1359 1924 explicet
1404 1802 1735 1919 dilucidius,
1789 1865 1878 1914 ea
1891 1842 2097 1907 omnia
2124 1845 2416 1926 corrigam
2455 1844 2546 1906 de
2566 1851 2673 1907 tua
2718 1846 3040 1909 sententia.
3118 1846 3357 1909 Deinde

657 1930 957 1995 crebriora
1002 1932 1259 1995 obscura
1303 1932 1454 2008 loca,
1505 1953 1655 2014 quae
1703 1933 2103 2013 explicatione
2149 1944 2332 2014 egent
2378 1938 2446 2005 (a
2488 1941 2550 1997 tc
2596 1942 2811 1997 notata
2846 1933 2899 1996 si
2935 1936 3202 2009 videam)
3250 1956 3353 1998 re-

657 2020 848 2084 feram
891 2022 952 2083 in
999 2029 1192 2084 notas.
1267 2023 1472 2084 Tertio
1519 2022 1592 2084 de
1639 2022 2073 2105 hypothesibus
2104 2022 2420 2103 Copernici
2465 2041 2709 2104 possum
2754 2024 2852 2085 vel
2896 2024 3083 2105 ipsius
3114 2023 3355 2109 Coper-

655 2109 806 2172 nici
790 2112 915 2174 vel
961 2110 1206 2178 Rhetici
1253 2110 1437 2174 verba
1491 2132 1610 2175 una
1663 2132 1794 2175 cum
1840 2106 2139 2175 luculento
2188 2112 2493 2175 schemate
2539 2110 2698 2175 notis
2745 2113 3028 2177 inserere.
3114 2114 3353 2185 Quarto

655 2199 728 2260 de
774 2200 1008 2263 ratione
1047 2200 1392 2263 numerandi
1442 2201 1764 2264 distantias
1809 2199 2269 2282 Coper'nicanas
2301 2201 2448 2265 nihil
2493 2221 2605 2281 ego
2651 2202 2979 2283 perfectius
3024 2203 3355 2284 adjungere

651 2307 915 2368 possum,
967 2294 1144 2371 quam
1189 2298 1325 2353 tuas
1372 2292 1647 2371 pagellas
1691 2292 1873 2371 (quae
1918 2290 2149 2371 pridem
2194 2310 2363 2352 meae
2410 2294 2578 2364 sunt)
2626 2291 2904 2372 apposito
2950 2298 3054 2355 tuo
3091 2292 3350 2355 nomine.

655 2375 878 2449 Quinto
927 2380 1000 2441 de
1047 2380 1426 2442 numerandis
1473 2380 1935 2444 semidiametris
1984 2380 2377 2460 ascripturum
2434 2380 2574 2455 feci,
2635 2388 2703 2441 ιιι
2758 2380 2992 2454 vidisti,
3048 2380 3352 2461 peculiare

653 2473 854 2547 caput.
928 2467 996 2553 Si
1040 2467 1102 2529 id
1147 2469 1408 2531 nondum
1453 2470 1609 2532 satis
1653 2476 1780 2543 est,-
1817 2477 2087 2549 repetam
2133 2470 2191 2531 in
2222 2468 2381 2531 notis
2410 2487 2539 2532 rem
2568 2469 2643 2533 ab
2673 2468 2937 2551 origine:
2986 2488 3351 2540 monstrans,

651 2576 768 2619 non
814 2558 989 2637 plura
1035 2577 1168 2620 esse
1223 2576 1474 2638 corpora
1527 2578 1743 2639 posse,
1811 2578 1989 2639 qnam
2043 2559 2321 2640 quinque.
2411 2558 2542 2621 Hoc
2596 2566 2775 2639 pacto
2833 2560 3125 2639 (perlecto
3178 2560 3348 2639 prius

652 2647 837 2710 semel
885 2668 924 2709 a
977 2666 1071 2709 me
1129 2650 1442 2728 opusculo)
1508 2648 1931 2730 typographus
1977 2666 2093 2709 non
2146 2648 2267 2727 imp
2306 2646 2550 2710 dii-etur.
2643 2647 2821 2712 Alias
2877 2648 3019 2711 mihi
3074 2650 3144 2710 de
3186 2652 3351 2710 'novo

631 2735 1110 2823 ‘describendum
1139 2745 1304 2800 esset
1331 2738 1700 2818 opusculum.
1766 2735 1942 2820 Quod
1990 2736 2042 2800 si
2090 2664 2267 2800 autep
2335 2756 2451 2800 non
2494 2738 2692 2800 omnia
2720 2739 2867 2802 fient
2892 2737 3353 2817 perfectissima,

651 2825 758 2895 ita,
806 2834 873 2888 ut
918 2825 1063 2892 nihil
1113 2828 1365 2907 amplius
1413 2827 1760 2890 desideres.
1781 2835 2107 2896 memento
2136 2827 2389 2909 prinium
2432 2827 2586 2889 hunc
2634 2847 2768 2890 esse
2814 2820 3099 2898 laborem,
3146 2828 3237 2890 ita
3282 2837 3352 2890 ut

653 2914 767 2977 sim
812 2933 1036 2995 aequos
1082 2914 1394 2978 habiturus
1439 2917 1728 2991 lectores,
1796 2924 1861 2978 et
1915 2916 2157 2979 nimium
2202 2917 2487 2998 teinp‘oris
2533 2916 2883 2996 requisitum
2926 2917 3028 2991 iri,
3088 2936 3349 2997 eousque

539 3043 545 3061 .
649 3001 787 3066 dum
831 3003 940 3067 fiat
983 3004 1476 3083 perfectissimus.
1566 3004 1777 3067 Hisce.
1797 3005 1935 3067 vale
1980 3013 2334 3086 praeceptor
2376 3006 2749 3068 charissime.

829 3108 905 3174 11
958 3107 1104 3186 (21)
1151 3111 1314 3174 Junii
1363 3107 1464 3188 96.
1517 3109 1962 3192 Stuttgardiae.
2067 3172 2073 3179 .
2196 3192 2201 3199 ι
2388 3113 2465 3175 H.
2515 3112 2585 3174 T.
2680 3111 2759 3176 G.
2806 3111 2885 3176 D.
3156 3131 3169 3144 ·

1364 3256 1376 3271 .
2745 3212 2843 3318 M.
2888 3199 3295 3294 L'Keplor..

789 3404 976 3456 Eadem
1025 3404 1269 3470 Keplerus
1321 3403 1416 3455 Ea
1427 3405 1636 3456 fenref
1645 3406 1776 3456 fero
1827 3405 2166 3470 perscripsisse
2211 3405 2437 3464 videtur,
2489 3420 2600 3458 cum
2656 3405 2735 3457 his
2778 3405 3145 3458 Essenrefferus
3194 3407 3351 3457 literis

647 3476 788 3544 qussi
822 3479 1185 3540 responsionem
1220 3474 1472 3534 Maestlini
1510 3477 1574 3528 ad
1606 3477 1881 3541 praemissa
1914 3478 1980 3535 in,
2001 3492 2055 3527 se
2087 3479 2385 3540 susceperit:

787 3546 886 3600 Per
907 3550 1254 3634 occupationes
1286 3555 1418 3599 certe
1450 3547 1673 3613 publicas
1710 3549 1898 3600 factum
1934 3555 2027 3607 est,
2064 3554 2121 3598 ut
2152 3548 2299 3599 hodie
2334 3565 2422 3615 per
2455 3551 2732 3616 magistros,
2770 3552 2853 3616 qui
2888 3550 3205 3606 descendent,
3244 3565 3347 3600 non

645 3634 786 3672 meas
823 3615 1088 3684 acceperis.
1147 3619 1248 3672 Sed
1281 3635 1566 3685 responsum
1604 3619 1668 3671 ad
1703 3622 1920 3684 proxime
1947 3617 2227 3684 superiores
2260 3620 2355 3670 hoc
2379 3621 2576 3674 habeto.
2637 3621 2841 3673 collatis
2883 3623 3141 3672 sententiis
3176 3620 3351 3685 placet

647 3692 886 3757 posterius
931 3697 1074 3743 tuum
1109 3691 1386 3748 consilium,
1439 3693 1514 3742 ita
1547 3698 1747 3754 tamen,
1800 3698 1858 3742 ut
1891 3707 1977 3756 pro
2014 3689 2211 3742 Rhetici
2248 3693 2529 3743 narratione
2578 3689 2729 3761 (quae
2766 3700 2819 3743 et
2862 3693 3088 3756 prolixior
3137 3698 3245 3748 est,
3298 3697 3350 3742 et

647 3762 891 3829 quaedam
929 3764 992 3814 ab
1027 3761 1121 3813 hoc
1156 3769 1242 3814 tuo
1278 3763 1532 3828 prodromo
1569 3764 1736 3814 aliena
1769 3762 1954 3818 habet,
1991 3768 2044 3812 et
2076 3763 2129 3812 in
2164 3763 2472 3828 quibusdam
2490 3753 2678 3827 deficit)
2714 3765 3046 3816 brevissimam
3084 3764 3345 3828 expositio·

649 3831 764 3886 :iem
799 3841 852 3885 et
875 3837 1234 3900 proportionem
1256 3849 1509 3898 corporum
1535 3850 1646 3885 cum
1671 3834 1923 3886 schemate
1948 3834 2169 3900 generali
2190 3841 2301 3900 post
2323 3835 2678 3900 praefationem
2706 3836 2774 3886 ad
2796 3837 3029 3888 lectorem
3053 3837 3348 3885 interseras.

648 3920 776 3972 quae
813 3911 1050 3972 tanquam
1088 3906 1238 3956 clavis
1276 3911 1418 3956 erunt
1453 3906 1520 3956 ad
1554 3905 1845 3969 Mysterium
1878 3905 2146 3956 Prodromi.
2217 3907 2577 3957 Annotationes
2610 3923 2752 3994 porro
2788 3907 2918 3972 quod
2966 3908 3177 3960 attinet.
3228 3905 3349 3956 nihil

611 3987 616 3994 ·
650 3993 770 4043 opus
809 3983 900 4036 est,
937 3984 996 4028 ut
1029 3983 1188 4028 totum
1221 3993 1344 4042 opus
1369 3978 1430 4028 de
1455 3993 1579 4028 noro
1606 3985 1818 4036 retexas,
1858 3977 2075 4030 ordinem
2112 3983 2201 4028 aut
2235 3979 2601 4042 dispositionem
2638 3981 2743 4042 eJus
2778 3979 2945 4030 turbes
2979 3977 3056 4028 vel
3090 3979 3348 4028 immutes:

606 4064 618 4079 ·
649 4065 808 4116 neque
844 4051 1012 4100 tamen
1047 4049 1141 4114 hqc
1179 4050 1452 4100 consultum
1486 4054 1704 4112 putatur,
1741 4055 1797 4098 ut
1833 4062 2001 4099 omnes
2040 4051 2385 4100 annotationes
2419 4052 2471 4100 in
2506 4056 2803 4115 postremam
2840 4050 3161 4115 appendicem
3198 4055 3348 4114 atque

651 4122 718 4172 ad
749 4121 860 4172 libri
897 4120 1084 4171 calcem
1119 4123 1343 4183 rejiciam
1381 4121 1470 4170 sed
1507 4123 1740 4184 optimum
1771 4121 2039 4184 judicatur,
2076 4127 2134 4170 ut
2157 4121 2420 4187 relegendo
2456 4121 2647 4180 librum,
2686 4123 2815 4186 quod
2838 4123 3095 4172 obscurum
3119 4126 3211 4176 est.
3249 4135 3350 4170 uno

650 4198 704 4243 et
737 4192 893 4244 altero
929 4193 1074 4242 verbo
1109 4192 1288 4241 reddas
1325 4192 1598 4242 dilucidius.
1652 4193 1717 4242 Et
1753 4193 1795 4242 si
1830 4191 1946 4259 quid
1982 4193 2247 4256 copiosiore
2283 4194 2608 4258 explicatione
2643 4208 2763 4258 opus
2797 4193 3040 4251 habuerit,
3078 4193 3153 4244 vel
3190 4195 3349 4244 textui
3408 4200 3414 4204 ·

645 4265 866 4322 inseras,
902 4264 980 4314 vel
1015 4263 1188 4314 statim
1225 4263 1289 4312 ad
1323 4264 1462 4314 istius
1501 4263 1675 4328 capitis
1707 4263 1860 4318 finem
1896 4263 2131 4327 sublimas
2156 4274 2169 4313 τ
2204 4266 2275 4314 sic
2312 4266 2443 4315 enim
2476 4265 2723 4332 perfectus
2759 4270 2811 4316 et
2848 4265 2912 4315 ad
2945 4265 3133 4330 prelum
3168 4264 3350 4328 politus

650 4336 788 4386 labor
824 4335 926 4384 erit.
1002 4333 1146 4384 Haec
1183 4334 1408 4391 breviter.
1447 4334 1571 4385 alias
1609 4349 1719 4386 cum
1754 4336 2032 4396 vacaverit,
2067 4334 2223 4400 plura.
2297 4333 2539 4387 Dominus
2574 4342 2769 4396 tecnm3
2806 4335 3048 4402 hospitem
3086 4335 3351 4386 Sauterum

651 4411 964 4471 peramanter
997 4420 1110 4455 meo
1145 4405 1342 4455 nomine
1375 4405 1580 4457 saluta.·
1629 4405 1696 4456 D.
1738 4403 1821 4454 14.
1859 4403 1976 4468 (24)
2012 4407 2149 4456 Junii
2192 4405 2341 4457 1596.

795 4475 1024 4527 Ceterum
1059 4478 1106 4528 ei
1141 4475 1468 4527 Hafenrefferi
1515 4480 1793 4529 sententiae
1840 4495 1939 4528 non
1982 4478 2135 4542 plane'
2185 4479 2571 4544 obtemperatum
2626 4485 2716 4529 est.
2793 4477 2928 4542 Opus
2964 4478 3221 4542 Tubingae
3256 4479 3345 4528 im-

651 4547 794 4612 primi
829 4555 1055 4612 coeptum
1089 4555 1183 4607 est,
1224 4555 1274 4599 et
1313 4547 1723 4599 Maestlinus
1761 4551 1806 4599 d.
1855 4546 1964 4618 ¹³⁸!⁸⁸
2008 4549 2133 4600 Nor.
2180 4547 2317 4600 1596
2353 4551 2481 4602 haec
2516 4551 2730 4616 Keplero
2766 4552 2984 4614 scripsit:
3040 4547 3175 4612 Opus
3210 4555 3347 4600 tuum

609 4613 620 4624 ⁶
651 4619 898 4677 succedit,
946 4635 1240 4686 quamquam
1276 4621 1398 4671 satis
1435 4621 1602 4682 tarde,
1649 4636 1734 4684 pro
1771 4621 2181 4686 typographorum
2215 4637 2363 4672 more.
2440 4623 2500 4674 Id
2534 4629 2591 4672 ut
2624 4623 2821 4680 videas,
2869 4623 3009 4672 mitto
3044 4620 3347 4686 pagellarum

653 4705 944 4744 excusatum
968 4691 1256 4756 exemplum.
1317 4691 1469 4757 Spero
1493 4699 1680 4754 autem,
1713 4693 1764 4741 id
1798 4692 2077 4756 propediem
2114 4693 2178 4743 ad
2214 4693 2363 4745 finem
2396 4695 2681 4759 perductum
2716 4693 2789 4744 iri.
2852 4691 3029 4744 Totum
3064 4698 3117 4742 et
3154 4707 3347 4743 omnem

651 4761 867 4812 laborem
903 4764 954 4812 in
990 4778 1072 4812 me
1107 4765 1286 4828 recepi,
1323 4765 1405 4828 qui
1438 4764 1657 4826 profecto
1692 4763 1951 4827 plurimum
1978 4766 2163 4830 negotii
2197 4765 2315 4815 mihi
2351 4766 2567 4816 facessit.
2630 4765 2919 4830 Figuratum
2957 4771 3008 4816 et
3042 4763 3347 4814 schematum

655 4833 919 4884 delineatio
957 4847 1072 4897 pars
1105 4835 1308 4886 minima
1343 4842 1433 4884 est.
1509 4833 1718 4884 chartas
1754 4836 2133 4900 typographicas
2170 4851 2262 4902 ego
2310 4851 2408 4900 qua
2456 4851 2650 4900 possum
2700 4835 2939 4886 fidelitate
2990 4841 3041 4885 et
3090 4834 3348 4899 diligentia

656 4905 858 4981 corrigo.
933 4904 1232 4959 Tabularum
1269 4911 1433 4962 autem
1469 4907 1730 4974 descriptio
1764 4905 1884 4958 mihi
1919 4907 2061 4960 valde
2096 4907 2361 4972 laboriosa,
2376 4914 2453 4961 est
2466 4943 2482 4966 ,
2532 4907 2649 4978 quia
2690 4923 2791 4964 non
2824 4909 3035 4976 scriptae
3070 4906 3268 4961 fuctum
3313 4919 3347 4960 a
