3634 5575
1470 459 1637 524 Caput
1670 461 1956 514 vl-vm,
2945 468 2972 535 1
2987 467 3062 535 3¹

1491 653 1731 754 Caput
1781 655 1948 730 VII.

901 811 1017 874 De
1058 812 1589 876 secundm-iorum
1634 813 1860 877 ordine
1905 821 1966 877 et
2002 817 2518 900 proprietatibm.

530 953 907 1022 secundaria
942 953 1099 1034 quod
1128 953 1369 1029 attinet,
1420 973 1555 1016 cum
1598 957 1926 1020 octaedron
1973 957 2058 1019 sit
2099 957 2267 1037 prius
2313 957 2646 1033 icosaedro,
2693 960 2910 1022 mirum
2955 959 3074 1022 ali-

355 1043 449 1104 cui
476 1042 663 1104 videri
692 1043 911 1122 possit,
960 1062 1067 1105 cur
1104 1043 1262 1124 quod
1292 1044 1499 1104 ordine
1538 1052 1789 1116 naturae
1818 1045 2122 1124 posterius
2161 1055 2276 1121 est,
2325 1046 2386 1108 in
2433 1049 2652 1110 mundo
2701 1049 3076 1128 praecedat?

352 1131 513 1194 Nam
560 1131 701 1211 quia
744 1133 917 1193 Mars
964 1132 1380 1194 dodecaedron
1429 1133 1679 1194 sortitus
1727 1141 1826 1194 est
1870 1152 2006 1196 cum
2050 1135 2308 1210 Tellure,
2359 1135 2628 1216 sequitur
2674 1155 2750 1197 ex
2797 1137 2872 1198 iis
2920 1157 3074 1218 quae

360 1219 655 1295 diximus,
720 1219 878 1282 inter
924 1221 1225 1282 Tellurem
1281 1229 1345 1282 et
1390 1221 1691 1284 Venerem
1748 1222 2042 1284 interesse
2099 1223 2473 1286 icosaedron.
2578 1224 2665 1286 Et
2717 1225 2881 1305 prius
2941 1245 3076 1287 esse

355 1310 683 1372 octaedron
744 1310 1061 1371 icosaedro
1126 1311 1320 1372 multa
1381 1309 1662 1390 probant.
1766 1310 2032 1373 Primum
2097 1313 2254 1374 enim
2319 1313 2644 1376 octaedrou
2709 1323 2917 1376 natum
2980 1323 3078 1376 est

356 1402 503 1470 (non
552 1415 693 1460 vere
740 1397 1003 1478 quidem,
1052 1400 1159 1461 sed
1204 1399 1295 1460 ita
1342 1399 1513 1479 quasi
1560 1409 1767 1462 natum
1814 1401 1928 1473 sit)
1976 1420 2052 1462 ex
2098 1401 2248 1463 cubo
2297 1410 2361 1462 et
2404 1402 2716 1482 pyramide
2759 1402 2967 1482 primis
3013 1403 3075 1464 in

356 1505 463 1550 suo
491 1487 735 1548 ordine:
788 1505 1037 1566 quorum
1066 1487 1231 1550 illins
1257 1507 1567 1552 numerum
1597 1489 1872 1562 laterum,
1922 1489 2102 1569 huius
2131 1489 2306 1552 basin
2343 1490 2710 1569 triangulam
2747 1499 3072 1553 mutuatur.

356 1576 719 1638 Icosaedron
768 1594 911 1637 vero
962 1595 999 1636 a
1025 1576 1337 1656 pyramide
1379 1585 1443 1637 et
1470 1577 1848 1639 dodecaiidro
1879 1579 2220 1657 postremis
2268 1578 2324 1638 in
2376 1597 2482 1639 suo
2530 1578 2736 1641 ordine
2785 1579 3072 1641 nascitur.

352 1663 619 1727 Rursum
648 1663 805 1728 enim
843 1683 917 1726 ex
966 1663 1072 1725 illa
1114 1665 1310 1740 basin,
1360 1683 1435 1726 ex
1464 1666 1577 1726 boc
1606 1685 1916 1728 numerum
1944 1667 2200 1728 laterum
2229 1674 2556 1728 mutuatur.
2625 1664 2698 1740 2)
2729 1665 3076 1729 Οοῐαὲἀτοη

356 1761 419 1816 et
464 1754 820 1815 icosaedron
868 1753 920 1816 si
968 1771 1043 1814 ex
1090 1754 1327 1833 angulis
1374 1753 1707 1832 adspicias,
1772 1755 1920 1816 illud
1969 1754 2104 1816 cubi
2151 1755 2323 1815 basin
2373 1755 2734 1836 quadratam
2781 1763 3073 1832 ostentat,

356 1843 467 1904 hoc
514 1841 877 1906 dodecaedri
925 1841 1451 1923 quinquangulam.
1536 1840 1607 1915 3)
1656 1841 2030 1906 Octaedrum
2077 1844 2226 1906 cubo
2271 1845 2653 1924 aequealtum
2701 1853 2814 1920 est,
2863 1851 2933 1906 ut
2977 1844 3074 1906 vi-

356 1930 665 2005 debimus,
730 1939 797 1993 et
838 1931 1193 1994 icosaedron
1242 1931 1639 1994 dodecaedro.
1734 1927 1807 2008 4)
1858 1931 2204 1996 Octaedron
2269 1951 2404 1994 cum
2461 1933 2611 1993 cubo
2633 1981 2648 2008 ,
2721 1933 3076 2003 icosaedron

354 2039 487 2082 cum
534 2019 910 2082 dodeeaedro
956 2028 1305 2100 permutant
1350 2039 1655 2082 numerum
1702 2021 1938 2082 basium
1969 2030 2033 2083 et
2061 2021 2434 2100 angulorum.
2503 2021 2665 2082 Nam
2713 2023 2846 2084 cubi
2893 2021 3076 2084 bases

354 2115 417 2170 et
464 2107 734 2172 octaedri
781 2107 983 2190 anguli
1032 2117 1173 2170 sunt
1228 2127 1372 2182 sex,
1446 2109 1607 2171 illius
1668 2109 1873 2188 anguli
1921 2118 1984 2171 et
2029 2110 2206 2190 hujus
2255 2111 2433 2171 bases
2481 2119 2638 2172 octo.
2735 2111 2838 2174 Sic
2885 2111 3077 2173 dode-

356 2197 559 2259 caedri
606 2198 785 2259 bases
833 2206 895 2259 et
941 2197 1239 2260 icosaedri
1287 2198 1489 2277 anguli
1535 2205 1675 2259 sunt
1719 2199 1998 2278 utrinque
2037 2198 2389 2260 duodecim:
2437 2198 2706 2260 vicissim
2751 2199 2916 2262 illius
2960 2217 3074 2261 an-

355 2286 479 2366 guli
528 2293 593 2346 et
637 2286 815 2366 hujus
860 2285 1044 2348 bases
1092 2295 1231 2348 suut
1275 2285 1509 2365 viginti.
1604 2284 1677 2361 5)
1724 2285 2074 2350 Octaedron
2133 2285 2266 2349 cubi
2328 2295 2557 2349 rectum
2605 2287 2892 2368 angulum
2935 2287 3074 2350 imi-

354 2381 552 2449 tatur,
608 2376 964 2438 icosaedron
1024 2375 1385 2436 dodecaedri
1442 2375 1739 2438 obtusum.
1833 2375 1931 2436 Ex
1997 2375 2210 2454 quibus
2271 2383 2448 2458 patet
2510 2379 2836 2440 octaedron
2895 2383 3078 2457 caput

354 2483 491 2526 esse
538 2463 630 2526 sui
674 2463 931 2538 ordinis,
980 2463 1138 2525 sicut
1182 2464 1368 2524 cubus
1414 2463 1737 2543 primorum
1784 2473 1882 2526 est
1924 2463 2225 2544 princeps.

1527 2699 1647 2710 0-0-
1654 2705 1834 2714 -———-—

1472 2887 1713 2987 Caput
1766 2887 1968 2961 VIII.

802 3066 990 3145 Quod
1036 3065 1375 3127 octaedron
1418 3066 1502 3127 eit
1545 3066 1718 3127 intra
1775 3065 2072 3129 Venerem
2121 3074 2180 3129 et
2223 3066 2636 3131 Morem-ium.

539 3224 715 3297 Quod
765 3234 967 3288 autem
1015 3235 1341 3305 propterea
1386 3224 1597 3287 statim
1652 3226 1729 3287 ad
1784 3224 2204 3287 dodecaiidron
2250 3227 2310 3288 in
2357 3226 2576 3289 mundo
2624 3224 2790 3305 sequi
2837 3224 3076 3300 debeat,

360 3336 475 3379 nou
524 3313 813 3397 sequitur.
897 3314 962 3388 1)
1009 3314 1169 3376 Nam'
1216 3314 1357 3395 quia
1400 3332 1613 3375 revera
1662 3315 1775 3377 duo
1827 3314 2050 3375 diversi
2098 3324 2239 3377 sunt
2285 3316 2544 3390 ordines,
2593 3322 2848 3394 possunt
2893 3314 3079 3377 etiam

358 3406 417 3467 iu
448 3405 723 3466 diversas
758 3404 965 3465 mundi
1008 3396 1225 3482 plagas
1272 3412 1550 3483 spectare
1598 3403 1723 3465 suis
1760 3402 2079 3482 capitibus.
2156 3402 2228 3479 2)
2271 3404 2468 3483 Atque
2499 3405 2672 3478 adeo,
2718 3404 2860 3483 quia
2895 3402 3080 3465 cubus

360 3492 751 3575 dignissimae
799 3493 1003 3555 mundi
1042 3491 1269 3572 regioni
1300 3501 1477 3553 extra
1504 3492 1753 3555 Terram
1783 3492 2242 3571 appropinquat,
2293 3492 2808 3556 circumferentiae
2847 3490 3082 3553 scilicet

360 3584 489 3645 sive
535 3584 711 3654 fixis,
762 3601 876 3665 par
923 3590 1091 3657 erat,
1156 3590 1223 3645 ut
1278 3590 1340 3643 et
1387 3582 1637 3644 alterius
1686 3580 1914 3641 ordinis
1961 3589 2142 3659 caput
2187 3582 2444 3660 digniori
2491 3582 2624 3643 loco
2671 3580 2874 3641 mundi
2921 3580 3081 3641 intra

361 3672 621 3735 Telluris
674 3670 883 3735 orbem
943 3670 1275 3733 accederet.
1368 3670 1533 3733 Nihil
1591 3678 1794 3733 autem
1859 3670 2092 3748 dignius
2151 3680 2358 3731 centro
2416 3678 2479 3731 et
2525 3668 2687 3731 Sole.
2751 3664 2854 3751 ,3)
2903 3665 3081 3739 Quod

362 3763 414 3823 si
450 3763 647 3823 etiam
693 3760 1001 3841 utriusque
1050 3760 1275 3821 ordinis
1324 3760 1507 3821 situm
1552 3778 1662 3840 pro
1720 3777 1836 3821 uno
1893 3776 2283 3834 censeamus,
2353 3758 2492 3839 quid
2557 3757 2895 3837 elegantius
2952 3755 3079 3817 fieri

359 3858 639 3932 poterat,
706 3869 885 3930 quam
947 3858 1016 3911 ut
1060 3849 1182 3925 ine,
1215 3848 1489 3929 utrinque
1550 3848 1844 3910 similibus
1903 3856 1966 3909 et
2007 3846 2218 3927 primis
2263 3846 2610 3927 corporibus
2659 3844 3078 3909 clauderetur?

358 3936 435 4015 4)
480 3938 797 4001 Pulchrius
846 3938 1031 4000 etiam
1077 3946 1198 4012 est,
1258 3938 1595 3999 multifacia
1642 3955 1894 4017 corpora
1939 3936 2275 3998 adinvicem
2323 3936 2492 4017 sequi
2537 3937 2600 3999 in
2645 3934 2872 4006 medio,
2933 3942 2998 3995 et
3042 3952 3080 3995 a

358 4029 713 4109 pluralitate
762 4027 997 4089 basium
1042 4024 1319 4106 utrinque
1366 4027 1593 4087 sensim
1639 4027 1717 4088 ad
1744 4026 2110 4106 paucitatem
2143 4025 2396 4097 discedi,
2441 4024 2493 4087 si
2527 4024 2674 4087 niliil
2725 4022 2884 4085 aliud
2931 4039 3076 4101 pro-

358 4117 586 4191 hibeat,
638 4134 815 4197 quam
862 4115 915 4175 si
963 4116 1039 4178 ad
1089 4116 1409 4178 multarum
1448 4114 1681 4177 basium
1711 4134 1927 4193 corpus
1967 4122 2317 4193 sequeretur
2365 4133 2542 4175 unum
2588 4130 2910 4192 paucarum
2960 4112 3076 4173 ba-

360 4206 535 4282 sium,
584 4215 651 4268 et
696 4204 953 4285 denique
1000 4205 1353 4267 succederet
1398 4222 1628 4267 rursum
1679 4204 1842 4265 aliud
1890 4203 2068 4283 longe
2115 4202 2386 4283 plurium,
2439 4222 2620 4283 quam
2657 4210 2790 4265 erat
2834 4210 3070 4263 utrum-

360 4314 495 4378 que.
574 4292 645 4371 5)
692 4295 898 4373 Atque
946 4313 1079 4355 cum
1128 4292 1547 4355 dodecaedrou
1596 4302 1763 4355 esset
1810 4292 1866 4353 in
1917 4312 2025 4353 suo
2074 4292 2278 4353 ordine
2318 4292 2610 4363 ultimum,
2660 4288 3075 4359 conveniebat,

358 4393 429 4448 ut
473 4384 563 4446 illi
609 4384 965 4446 succederet
1018 4402 1093 4443 ex
1150 4382 1341 4443 altero
1394 4382 1631 4455 ordine,
1693 4382 1850 4461 quod
1907 4389 2076 4441 esset
2130 4380 2222 4442 sui
2270 4380 2484 4443 simile.
2579 4376 2652 4451 6)
2709 4376 2914 4439 Etiam
2964 4376 3075 4439 hoc

359 4474 439 4536 ad
486 4474 746 4536 Telluris
795 4470 1155 4552 dignitatem
1199 4470 1494 4549 pertinet,
1544 4478 1612 4531 ut
1660 4470 1934 4552 utrinque
1983 4470 2288 4544 similiter,
2339 4478 2624 4549 quantum
2671 4466 2798 4527 lieri
2845 4474 3073 4545 posset,

360 4564 711 4643 stiparetur.
790 4558 951 4622 Cum
996 4560 1181 4641 igitur
1226 4560 1315 4621 ita
1361 4560 1703 4635 cecidisset,
1753 4568 1822 4620 ut
1869 4558 2134 4621 exterius
2181 4559 2446 4639 proxime
2495 4555 2822 4619 ambiretur
2865 4554 3072 4617 multi-

358 4653 537 4726 facio,
584 4669 699 4731 par
744 4658 896 4725 erat,
946 4658 1015 4711 ut
1058 4647 1311 4709 interius
1362 4647 1549 4709 etiam
1592 4648 1863 4729 proxime
1912 4648 2408 4728 complecteretur
2453 4642 2864 4707 multifacium.
2939 4642 3074 4705 Duo

358 4742 545 4823 igitur
588 4741 651 4802 hi
699 4738 939 4801 ordines
988 4738 1245 4819 quinque
1292 4736 1503 4798 horum
1549 4756 1862 4817 corporum
1921 4737 2010 4799 ita
2063 4747 2205 4799 sunt
2259 4756 2298 4798 a
2342 4734 2790 4815 sapientissimo
2839 4731 3070 4795 Condi-

358 4839 491 4893 tore
539 4830 601 4892 in
646 4844 827 4891 unum
872 4826 1127 4897 redacti,
1178 4834 1247 4888 ut
1294 4825 1561 4887 calcibus
1596 4826 1852 4887 invicem
1892 4827 1966 4888 ad
1999 4826 2320 4897 Tellurem,
2368 4843 2518 4904 quae
2567 4822 2856 4885 maceries
2903 4821 3074 4900 ipso—

356 4938 487 4985 rum
534 4926 651 4996 est,
702 4917 1177 4992 obverterentur,
1228 4906 1527 4998 capitibus
1576 4914 1634 4977 in
1682 4914 1956 4979 diversas
2003 4914 2205 4975 mundi
2249 4913 2466 5010 plagas
2515 4911 2912 5053 discederent.
2946 4910 3002 4982 ⁸)
