3634 5575
537 339 663 408 136
1569 336 1797 402 umam
1831 335 2236 405 Gomosnrhioi
2333 391 2342 402 .

532 509 865 567 ceterorum
924 503 1121 564 latera
1176 499 1347 562 dicta
1410 515 1527 560 nen
1586 497 1759 560 simul
1829 515 2088 580 congrue
2155 495 2297 582 poni
2351 501 2628 574 possunt.
2667 492 2716 568 ¹)
2824 497 3266 560 Dodecaedron

1284 607 1382 658 rig.
1412 603 1477 648 ιε.
2241 584 2428 665 igitur
2473 583 2680 645 decem
2741 584 3031 648 lateribus
3075 587 3268 648 talem

2253 671 2541 735 describit
2587 672 2778 750 viam,
2841 693 2950 755 per
3003 674 3268 738 medium

559 780 624 815 r
663 744 772 774 Λ
819 781 944 817 v
979 744 1103 775 Α
1141 782 1268 815 v
1301 742 1430 777 Α
1465 781 1586 812 v
1625 739 1754 775 Α
1797 780 1911 811 v
1948 736 2077 773 Α
2122 778 2168 807 ”’·
2253 767 2606 824 transeunte
2644 763 2939 842 quadrato
2967 762 3266 836 octaedri,

2253 850 2314 912 in
2359 850 2604 931 planum
2651 858 2904 914 extenso
2953 853 3078 932 (fig.
3129 849 3267 924 13).

711 945 1079 1008 Icosaedron
1126 961 1269 1005 vero
1318 942 1707 1005 manifestam
1754 961 1967 1005 zonam
2015 942 2128 1005 hoc
2175 949 2375 1021 pacto,
2426 947 2776 1002 transeunte
2814 961 3045 1003 rursum
3085 947 3268 1002 octa-

1296 1043 1392 1092 ris.
1422 1039 1487 1082 14.
2255 1027 2383 1090 edri
2430 1029 2727 1109 quadrato
2775 1029 2836 1091 in
2874 1038 3103 1093 rectum
3153 1049 3268 1092 ex-

595 1134 1148 1273 va
1325 1142 1478 1275 Α
1511 1133 1594 1138 -
1653 1132 2028 1275 A*
2252 1115 2828 1277 ω)
2858 1208 2973 1310 ιω,

593 1275 664 1395 r
841 1276 1366 1422 ’.Ὺ
1465 1280 2024 1423 Π
2138 1283 2207 1403 Ἰ
2253 1313 2508 1374 corpora
2570 1303 2662 1358 1ta
2716 1298 3093 1375 apphcentur
3157 1309 3274 1376 per

2256 1383 2798 1448 circumferentiam
2847 1387 3014 1457 (nam
3064 1385 3273 1464 anguli

537 1471 653 1534 duo
700 1470 877 1534 unius
926 1478 991 1533 et
1046 1480 1257 1534 centra
1309 1474 1625 1553 planorum
1688 1473 1940 1536 duorum
1995 1474 2246 1537 alterius
2303 1471 2524 1547 adhuc,
2583 1482 2654 1535 ut
2709 1492 2918 1553 supra,
2977 1483 3274 1554 tanquam

533 1560 659 1641 poli
706 1560 1029 1622 cohaerere
1077 1561 1524 1642 intelliguntur)
1570 1571 1641 1624 ut
1688 1563 2048 1644 apparentia
2107 1564 2250 1625 bina
2307 1561 2754 1644 quinquangula
2809 1563 3140 1635 icosaedri‚
3203 1569 3274 1624 et

1294 1681 1385 1730 τις.
1417 1675 1491 1719 ¹⁵:
2217 1651 2396 1711 ‘bina
2441 1669 2588 1712 vera
2623 1651 2985 1714 dodecaedri
3025 1650 3270 1730 angulis

574 1759 2186 1909 'A-A'A-A-Al
2255 1747 3271 1910 f335‘22330&rgfifs‘zsszfsszssa

573 1904 2185 2045 flV-V-V-Vm
2255 1917 3270 2086 {xxxiiiiiiii§¹51²-

1292 2113 1387 2162 rig.
1420 2111 1486 2153 ω.
2386 2093 2494 2156 Sin
2535 2097 2790 2175 angulus
2837 2096 3009 2158 unius
3067 2096 3268 2159 medio

573 2196 2104 2337 VAWAWAVSAVSA
2126 2298 2185 2336 Α
2258 2182 2772 2335 ¹z22‘23150‘3322
2791 2184 3268 2337 maiiiissdiiiii

573 2294 636 2335 μ
659 2338 794 2381 v
821 2290 958 2335 Α
987 2340 1116 2381 v
1145 2292 1276 2336 Α
1309 2340 1440 2381 v
1639 2340 1772 2382 v
1964 2342 2095 2383 v
2259 2289 2342 2376 q·
2403 2292 2438 2353 ‘l
2557 2291 2636 2376 ‚8¹¹
2773 2293 2854 2357 PP
3070 2321 3087 2348 ν

577 2339 968 2477 ΑΥ
1143 2340 1614 2479 Vm
1794 2340 2188 2479 vm
2394 2360 3086 2531 ἅζῖέῖῑεὶιξᾞῑέηῗῖ·
3123 2450 3266 2532 φὴ,

536 2541 809 2604 dicamus
872 2539 1155 2620 planetas
1220 2538 1387 2602 illam
1452 2538 1614 2601 viam
1681 2545 1774 2601 tot
1840 2538 2186 2602 manifestis
2247 2539 2487 2618 punctis
2543 2547 2818 2602 notatam
2878 2560 2915 2601 a
2973 2539 3268 2603 Creator-e

528 2631 739 2712 jussos
786 2629 896 2704 ire,
942 2629 1266 2710 praecipue
1314 2647 1445 2690 cum
1490 2627 1653 2690 inter
1698 2647 1884 2709 supra
1930 2636 2206 2692 assumta
2249 2627 2656 2710 colligataque
2704 2637 2914 2692 centra
2961 2637 3025 2692 et
3070 2648 3266 2710 angu-

536 2721 629 2782 los
684 2727 973 2801 tanquam
1018 2718 1192 2799 polos
1238 2717 1439 2782 media
1484 2717 1587 2779 sit.
1618 2718 1678 2791 ¹²)

1418 2955 1506 3019 IN
1556 2953 1838 3019 CAPUT
1881 2954 2400 3021 UNDECIMUM

1590 3077 1824 3130 NOTAE
1861 3078 2219 3131 sucroms

702 3184 758 3255 a)
802 3190 1000 3242 Totum
1028 3187 1135 3242 hoc
1162 3194 1333 3258 caput
1362 3191 1627 3260 quantum
1668 3190 1739 3243 ad
1764 3204 1989 3259 scopum
2019 3190 2195 3244 omitti
2225 3190 2424 3260 potuit,
2469 3188 2674 3245 nullius
2703 3188 2846 3244 enim
2875 3189 3130 3243 momenti
3161 3196 3269 3244 est.

542 3270 733 3340 Neque
762 3268 905 3323 enim
943 3268 1034 3323 hic
1069 3274 1159 3322 est
1184 3269 1458 3339 genuinus
1489 3269 1627 3322 situs
1670 3286 1767 3323 seu
1796 3269 2082 3339 coaptatio
2111 3270 2257 3324 inter
2285 3288 2346 3324 se
2389 3286 2676 3339 corporum
2707 3270 2942 3341 quinque
2971 3270 3272 3341 geometri-

544 3365 745 3411 corum,
788 3353 854 3401 ut
892 3348 1037 3402 infra
1073 3349 1322 3418 patebit:
1368 3366 1545 3419 neque
1588 3349 1633 3402 si
1674 3354 1844 3411 esset,
1876 3349 2134 3403 zodiacus
2177 3350 2302 3404 inde
2344 3356 2516 3404 esset.

700 3426 763 3493 b)
811 3430 955 3482 Ecce
1001 3436 1066 3482 ut
1110 3429 1486 3483 foeneraverit
1511 3430 1641 3483 mihi
1684 3447 1784 3500 per
1812 3430 1914 3483 hos
1945 3430 2018 3483 25
2050 3446 2222 3485 annos
2270 3430 2595 3507 principium
2640 3428 2760 3497 jam
2797 3435 2932 3483 tunc
2967 3429 3275 3484 firmissime

542 3524 895 3580 persuasum:
940 3510 1059 3561 ideo
1102 3509 1220 3564 scil.
1268 3510 1664 3565 mathematica
1709 3526 1908 3565 causas
1951 3510 2070 3563 fieri
2115 3511 2452 3565 naturalium
2501 3509 2666 3581 (quod
2693 3511 2898 3581 dog-ma
2933 3510 3275 3565 Aristoteles

544 3596 629 3645 tot
655 3589 790 3643 locis
819 3584 1161 3656 vellicavit),
1208 3590 1340 3661 quia
1368 3591 1598 3644 Creator
1624 3591 1778 3645 Deus
1810 3591 2221 3647 'mathematica
2259 3598 2325 3645 ut
2351 3591 2687 3660 archetypos
2727 3605 2912 3645 secum
2941 3591 3014 3643 ab
3043 3596 3276 3647 aeterno

541 3669 741 3724 habuit
770 3670 823 3723 in
854 3669 1234 3723 abstractione
1264 3670 1667 3739 simplicissima
1694 3676 1755 3724 et
1781 3670 1984 3735 divina,
2031 3672 2104 3724 ab
2133 3672 2268 3741 ipsis
2297 3671 2466 3725 etiam
2495 3669 2920 3741 quantitatibus.
2964 3670 3274 3725 materiali-

544 3758 631 3805 ter
659 3750 1035 3805 consideratis.
1118 3749 1452 3803 Aristoteles
1484 3750 1803 3805 Creatorem
1847 3751 2094 3821 negavit,
2139 3754 2396 3807 mundum
2435 3758 2719 3805 aeternum
2763 3750 2992 3804 statuit:
3029 3767 3146 3803 nou
3175 3750 3274 3804 mi·

541 3848 677 3894 rum,
708 3832 754 3884 si
785 3830 1124 3899 archetypos
1166 3828 1388 3897 rejecit:
1434 3830 1615 3883 fateor
1657 3830 1805 3885 enim
1847 3830 2060 3883 nullam
2089 3831 2198 3884 illis
2229 3833 2334 3885 vim
2383 3832 2626 3885 futuram
2655 3830 2841 3893 fuisse,
2891 3831 2938 3883 si
2985 3848 3094 3883 non
3120 3830 3276 3883 Deus

545 3912 660 3981 ipse
692 3911 744 3963 in
776 3910 902 3963 illos
933 3909 1282 3977 respexisset
1310 3909 1364 3962 in
1393 3911 1647 3963 creando.
1732 3910 1887 3981 Ergo
1927 3910 2094 3963 etiam
2123 3910 2596 3966 eccentricitatum
2626 3925 2832 3963 causae
2871 3928 2945 3962 ex
2983 3909 3087 3963 hoc
3123 3909 3275 3979 prin·

542 3990 684 4058 cipio
714 3991 938 4043 tandem
969 3989 1227 4042 inventae
1259 3997 1402 4053 sunt,
1446 4004 1675 4059 quarum
1718 3990 2178 4061 inaequalitatem
2215 3993 2576 4045 vehementer
2615 4006 2840 4044 necesse
2869 3998 2958 4043 est
2996 3990 3274 4052 admirari,

543 4070 850 4143 quicunque.=
894 4070 961 4122 de
1005 4068 1069 4123 iis
1115 4070 1259 4122 serio
1306 4071 1548 4141 cogitat:
1618 4071 1924 4141 quicunque
1970 4088 2090 4125 cum
2133 4072 2441 4127 Aristotele
2487 4072 2554 4123 de
2599 4070 2768 4123 rebus
2815 4070 3148 4123 coelestibus
3197 4070 3278 4123 sic

543 4150 788 4219 quaerit:
836 4150 1071 4211 Quare
1100 4166 1261 4213 non,
1312 4167 1443 4220 quo
1490 4152 1794 4221 quilibet
1835 4152 2140 4220 planeta
2181 4152 2540 4219 humilior,
2589 4168 2672 4204 eo
2711 4150 3047 4219 pluribus
3085 4150 3276 4203 orbi-

541 4232 665 4283 bus
706 4230 1034 4283 vehitur?
1116 4231 1257 4284 Nam
1288 4231 1378 4301 qui
1420 4232 1475 4285 in
1504 4232 1609 4286 hoc
1637 4232 2013 4301 inquirendum
2043 4232 2146 4285 sibi
2185 4234 2407 4302 putavit
2446 4232 2503 4286 in
2533 4231 2872 4285 astronomia
2899 4231 2982 4283 sui
3011 4230 3275 4300 temporis

543 4310 705 4380 inque
734 4310 1096 4379 persuasione
1140 4310 1241 4364 illa
1282 4310 1431 4365 falsa
1458 4311 1755 4366 solidorum
1784 4312 2011 4376 orbium,
2063 4314 2203 4367 idem
2233 4314 2396 4367 hodie
2426 4313 2472 4365 si
2501 4312 2754 4373 viveret„
2783 4318 2844 4365 et
2878 4326 3076 4379 puram
3105 4318 3276 4380 atque

542 4390 843 4461 genuinam
884 4396 1129 4445 nostram
1170 4392 1239 4443 de
1282 4392 1437 4445 coelo
1476 4393 1775 4447 doctrinam
1825 4400 2202 4463 cognosceret,
2251 4393 2424 4448 multo
2467 4391 2708 4445 maxime
2755 4390 2861 4444 sibi
2905 4392 3278 4461 quaerendum

542 4470 920 4524 existimaret:
986 4470 1213 4531 Quare
1261 4488 1423 4533 non.
1496 4471 1633 4540 quo*
1674 4472 1982 4541 quilibet
2027 4473 2324 4541 planeta
2378 4471 2716 4533 interior,
2774 4471 2903 4525 hoc
2945 4471 3280 4525 minorem

544 4549 764 4603 etiam
812 4550 1420 4606 eccentricitatem
1462 4548 1709 4605 habet?
1793 4552 1988 4621 ltaque
2019 4553 2268 4608 omnibus
2296 4553 2622 4615 rationibus,
2675 4550 2962 4627 quasipsi
2995 4566 3097 4603 sua
3123 4550 3275 4621 prin-

544 4628 693 4697 cipia
722 4636 1107 4699 suggererent,
1154 4629 1467 4693 consumtis,
1510 4630 1611 4683 illa
1637 4638 1916 4701 perpetua
1943 4649 2095 4695 voce,
2143 4634 2366 4695 Quare
2395 4650 2428 4684 n
2448 4650 2554 4695 on,
2601 4631 2647 4685 si
2694 4633 2914 4685 tandem
2953 4632 3280 4685 edoceretur

546 4708 897 4773 Aristotelem,
940 4726 1141 4762 causas
1188 4709 1355 4779 hujus
1384 4710 1465 4763 rei
1494 4710 1895 4780 pulcherrimas
1944 4719 2004 4765 et
2048 4713 2214 4782 plane
2247 4712 2588 4765 necessarias
2637 4730 2706 4764 ex
2745 4710 3061 4773 harmoniis,
3111 4718 3176 4764 ut
3204 4728 3276 4763 ex

546 4788 857 4858 archetypo
896 4790 1047 4841 reddi
1088 4806 1289 4857 posse:
1334 4798 1469 4859 puto
1516 4790 1669 4843 illum
1708 4790 2026 4857 plenissimo
2067 4808 2296 4846 assensu
2335 4798 2396 4845 et
2433 4793 2788 4863 archetypoS,
2838 4798 2896 4844 et
2925 4791 3056 4861 quia
3083 4792 3278 4845 horum

546 4886 647 4937 per
675 4885 735 4921 se
765 4867 923 4921 nulla
949 4870 1198 4923 efficacia
1226 4878 1328 4935 est,
1378 4871 1557 4925 Deum
1598 4870 1779 4923 mundi
1824 4872 2188 4928 architectum
2225 4878 2574 4943 recepturum
2621 4872 2811 4927 fuisse»
2899 4870 3056 4925 Haec
3104 4870 3279 4945 igitur
