<?xml version="1.0" encoding="UTF-8"?>
<!DOCTYPE html PUBLIC "-//W3C//DTD XHTML 1.0 Transitional//EN"
    "http://www.w3.org/TR/xhtml1/DTD/xhtml1-transitional.dtd">
<html xmlns="http://www.w3.org/1999/xhtml" xml:lang="en" lang="en">
 <head>
  <title>
</title>
<meta http-equiv="Content-Type" content="text/html;charset=utf-8" />
  <meta name='ocr-system' content='tesseract 3.04.00' />
  <meta name='ocr-capabilities' content='ocr_page ocr_carea ocr_par ocr_line ocrx_word'/>
</head>
<body>
  <div class='ocr_page' id='page_1' title='image "./joanniskepleria30frisgoog_0180.png"; bbox 0 0 3634 5575; ppageno 0'>
   <div class='ocr_carea' id='block_1_1' title="bbox 1524 364 3056 464">
    <p class='ocr_par' dir='ltr' id='par_1_1' title="bbox 1524 364 3056 464">
     <span class='ocr_line' id='line_1_1' title="bbox 1524 364 3056 464; baseline 0.003 -4"><span class='ocrx_word' id='word_1_1' title='bbox 1524 393 1689 460; x_wconf 55' lang='lat' dir='ltr'><strong>cent</strong></span> <span class='ocrx_word' id='word_1_2' title='bbox 1722 393 1864 446; x_wconf 79' lang='lat' dir='ltr'><strong>m</strong></span> <span class='ocrx_word' id='word_1_3' title='bbox 2565 364 2590 376; x_wconf 82' lang='lat'><strong><em>‘</em></strong></span> <span class='ocrx_word' id='word_1_4' title='bbox 2934 395 3056 464; x_wconf 79' lang='lat'><strong>161</strong></span> 
     </span>
    </p>
   </div>
   <div class='ocr_carea' id='block_1_2' title="bbox 328 553 3158 2542">
    <p class='ocr_par' dir='ltr' id='par_1_2' title="bbox 336 553 3058 694">
     <span class='ocr_line' id='line_1_2' title="bbox 338 553 3058 631; baseline 0.001 -20"><span class='ocrx_word' id='word_1_5' title='bbox 338 575 445 629; x_wconf 85' lang='lat' dir='ltr'><strong>quo</strong></span> <span class='ocrx_word' id='word_1_6' title='bbox 487 560 850 610; x_wconf 77' lang='lat' dir='ltr'><strong>conservatur</strong></span> <span class='ocrx_word' id='word_1_7' title='bbox 898 553 1113 625; x_wconf 81' lang='lat' dir='ltr'><strong>species</strong></span> <span class='ocrx_word' id='word_1_8' title='bbox 1168 554 1319 614; x_wconf 74' lang='lat' dir='ltr'><strong>floris</strong></span> <span class='ocrx_word' id='word_1_9' title='bbox 1376 559 1439 610; x_wconf 76' lang='lat' dir='ltr'><strong>et</strong></span> <span class='ocrx_word' id='word_1_10' title='bbox 1478 571 1733 610; x_wconf 81' lang='lat' dir='ltr'><strong>numerus</strong></span> <span class='ocrx_word' id='word_1_11' title='bbox 1792 555 2066 612; x_wconf 79' lang='lat' dir='ltr'><strong>foliorum.</strong></span> <span class='ocrx_word' id='word_1_12' title='bbox 2149 557 2238 612; x_wconf 82' lang='lat' dir='ltr'><strong>De</strong></span> <span class='ocrx_word' id='word_1_13' title='bbox 2275 558 2383 614; x_wconf 81' lang='lat' dir='ltr'><strong>hoc</strong></span> <span class='ocrx_word' id='word_1_14' title='bbox 2425 558 2548 614; x_wconf 78' lang='lat' dir='ltr'><strong>vide</strong></span> <span class='ocrx_word' id='word_1_15' title='bbox 2597 559 2852 631; x_wconf 64' lang='lat' dir='ltr'><strong>epilogos</strong></span> <span class='ocrx_word' id='word_1_16' title='bbox 2889 560 3058 614; x_wconf 83' lang='lat' dir='ltr'><strong>libro-</strong></span> 
     </span>
     <span class='ocr_line' id='line_1_3' title="bbox 336 635 1485 694; baseline -0.004 0"><span class='ocrx_word' id='word_1_17' title='bbox 336 653 453 694; x_wconf 83' lang='lat' dir='ltr'><strong>rum</strong></span> <span class='ocrx_word' id='word_1_18' title='bbox 492 636 586 691; x_wconf 93' lang='lat' dir='ltr'><strong>lV.</strong></span> <span class='ocrx_word' id='word_1_19' title='bbox 630 642 691 689; x_wconf 87' lang='lat' dir='ltr'><strong>et</strong></span> <span class='ocrx_word' id='word_1_20' title='bbox 729 635 797 690; x_wconf 92' lang='lat' dir='ltr'><strong>V.</strong></span> <span class='ocrx_word' id='word_1_21' title='bbox 840 635 1201 690; x_wconf 81' lang='lat' dir='ltr'><strong>Harmonices</strong></span> <span class='ocrx_word' id='word_1_22' title='bbox 1242 640 1485 690; x_wconf 72' lang='lat' dir='ltr'><strong>nostrae.</strong></span> 
     </span>
    </p>

    <p class='ocr_par' dir='ltr' id='par_1_3' title="bbox 328 711 3158 2542">
     <span class='ocr_line' id='line_1_4' title="bbox 496 711 3062 790; baseline 0.001 -20"><span class='ocrx_word' id='word_1_23' title='bbox 496 711 557 785; x_wconf 83' lang='lat' dir='ltr'><strong>f)</strong></span> <span class='ocrx_word' id='word_1_24' title='bbox 600 717 691 770; x_wconf 85' lang='lat' dir='ltr'><strong>Ita</strong></span> <span class='ocrx_word' id='word_1_25' title='bbox 731 721 1057 784; x_wconf 86' lang='lat' dir='ltr'><strong>conceptum</strong></span> <span class='ocrx_word' id='word_1_26' title='bbox 1097 719 1185 769; x_wconf 87' lang='lat' dir='ltr'><strong>est</strong></span> <span class='ocrx_word' id='word_1_27' title='bbox 1224 715 1330 769; x_wconf 84' lang='lat' dir='ltr'><strong>hoc</strong></span> <span class='ocrx_word' id='word_1_28' title='bbox 1371 721 1781 787; x_wconf 71' lang='lat' dir='ltr'><strong>argumentum,</strong></span> <span class='ocrx_word' id='word_1_29' title='bbox 1825 723 1892 770; x_wconf 88' lang='lat' dir='ltr'><strong>ut</strong></span> <span class='ocrx_word' id='word_1_30' title='bbox 1933 715 2122 771; x_wconf 88' lang='lat' dir='ltr'><strong>audire</strong></span> <span class='ocrx_word' id='word_1_31' title='bbox 2163 717 2328 772; x_wconf 76' lang='lat' dir='ltr'><strong>velim</strong></span> <span class='ocrx_word' id='word_1_32' title='bbox 2366 717 2654 790; x_wconf 73' lang='lat' dir='ltr'><strong>physicos,</strong></span> <span class='ocrx_word' id='word_1_33' title='bbox 2696 717 2824 788; x_wconf 91' lang='lat' dir='ltr'><strong>quid</strong></span> <span class='ocrx_word' id='word_1_34' title='bbox 2867 724 3062 773; x_wconf 84' lang='lat' dir='ltr'><strong>contra</strong></span> 
     </span>
     <span class='ocr_line' id='line_1_5' title="bbox 339 793 3158 868; baseline 0 -17"><span class='ocrx_word' id='word_1_35' title='bbox 339 797 519 852; x_wconf 84' lang='lat' dir='ltr'><strong>dicere</strong></span> <span class='ocrx_word' id='word_1_36' title='bbox 560 794 801 868; x_wconf 85' lang='lat' dir='ltr'><strong>possint.</strong></span> <span class='ocrx_word' id='word_1_37' title='bbox 884 794 1031 848; x_wconf 87' lang='lat' dir='ltr'><strong>Nam</strong></span> <span class='ocrx_word' id='word_1_38' title='bbox 1072 795 1145 848; x_wconf 88' lang='lat' dir='ltr'><strong>ab</strong></span> <span class='ocrx_word' id='word_1_39' title='bbox 1194 793 1283 850; x_wconf 82' lang='lat' dir='ltr'><strong>his</strong></span> <span class='ocrx_word' id='word_1_40' title='bbox 1334 795 1410 850; x_wconf 84' lang='lat'><strong>25</strong></span> <span class='ocrx_word' id='word_1_41' title='bbox 1454 795 1613 850; x_wconf 87' lang='lat' dir='ltr'><strong>annis</strong></span> <span class='ocrx_word' id='word_1_42' title='bbox 1672 811 1833 850; x_wconf 85' lang='lat' dir='ltr'><strong>neme</strong></span> <span class='ocrx_word' id='word_1_43' title='bbox 1889 799 2028 868; x_wconf 88' lang='lat' dir='ltr'><strong>quod</strong></span> <span class='ocrx_word' id='word_1_44' title='bbox 2077 797 2244 852; x_wconf 80' lang='lat' dir='ltr'><strong>sciam</strong></span> <span class='ocrx_word' id='word_1_45' title='bbox 2299 797 2514 862; x_wconf 80' lang='lat' dir='ltr'><strong>extitit,</strong></span> <span class='ocrx_word' id='word_1_46' title='bbox 2577 797 2670 866; x_wconf 85' lang='lat' dir='ltr'><strong>qui</strong></span> <span class='ocrx_word' id='word_1_47' title='bbox 2716 797 2852 852; x_wconf 88' lang='lat' dir='ltr'><strong>illud</strong></span> <span class='ocrx_word' id='word_1_48' title='bbox 2893 815 3062 854; x_wconf 79' lang='lat' dir='ltr'><strong>excu·</strong></span> <span class='ocrx_word' id='word_1_49' title='bbox 3153 863 3158 868; x_wconf 18' lang='lat'>³</span> 
     </span>
     <span class='ocr_line' id='line_1_6' title="bbox 338 873 3064 949; baseline 0 -18"><span class='ocrx_word' id='word_1_50' title='bbox 338 882 502 932; x_wconf 83' lang='lat' dir='ltr'><strong>teret.</strong></span> <span class='ocrx_word' id='word_1_51' title='bbox 586 879 667 928; x_wconf 85' lang='lat' dir='ltr'><strong>At</strong></span> <span class='ocrx_word' id='word_1_52' title='bbox 704 892 789 928; x_wconf 86' lang='lat' dir='ltr'><strong>me</strong></span> <span class='ocrx_word' id='word_1_53' title='bbox 838 873 1056 928; x_wconf 81' lang='lat' dir='ltr'><strong>&#39;candor</strong></span> <span class='ocrx_word' id='word_1_54' title='bbox 1104 874 1255 928; x_wconf 85' lang='lat' dir='ltr'><strong>solus</strong></span> <span class='ocrx_word' id='word_1_55' title='bbox 1298 881 1511 940; x_wconf 81' lang='lat' dir='ltr'><strong>movet,</strong></span> <span class='ocrx_word' id='word_1_56' title='bbox 1572 881 1638 930; x_wconf 91' lang='lat' dir='ltr'><strong>ut</strong></span> <span class='ocrx_word' id='word_1_57' title='bbox 1695 875 1816 946; x_wconf 90' lang='lat' dir='ltr'><strong>ipse</strong></span> <span class='ocrx_word' id='word_1_58' title='bbox 1859 876 2154 931; x_wconf 79' lang='lat' dir='ltr'><strong>excutiam.</strong></span> <span class='ocrx_word' id='word_1_59' title='bbox 2237 876 2404 930; x_wconf 88' lang='lat' dir='ltr'><strong>Vides</strong></span> <span class='ocrx_word' id='word_1_60' title='bbox 2447 875 2622 949; x_wconf 78' lang='lat' dir='ltr'><strong>igitur</strong></span> <span class='ocrx_word' id='word_1_61' title='bbox 2666 877 2872 940; x_wconf 84' lang='lat' dir='ltr'><strong>lector,</strong></span> <span class='ocrx_word' id='word_1_62' title='bbox 2934 877 3064 948; x_wconf 87' lang='lat' dir='ltr'><strong>quid</strong></span> 
     </span>
     <span class='ocr_line' id='line_1_7' title="bbox 337 954 3062 1028; baseline 0 -18"><span class='ocrx_word' id='word_1_63' title='bbox 337 955 631 1010; x_wconf 80' lang='lat' dir='ltr'><strong>voluerim:</strong></span> <span class='ocrx_word' id='word_1_64' title='bbox 696 961 943 1008; x_wconf 87' lang='lat' dir='ltr'><strong>centrum</strong></span> <span class='ocrx_word' id='word_1_65' title='bbox 984 955 1161 1008; x_wconf 89' lang='lat' dir='ltr'><strong>solum</strong></span> <span class='ocrx_word' id='word_1_66' title='bbox 1202 971 1328 1008; x_wconf 83' lang='lat' dir='ltr'><strong>esse</strong></span> <span class='ocrx_word' id='word_1_67' title='bbox 1372 956 1511 1026; x_wconf 92' lang='lat' dir='ltr'><strong>quod</strong></span> <span class='ocrx_word' id='word_1_68' title='bbox 1553 954 1728 1025; x_wconf 90' lang='lat' dir='ltr'><strong>primo</strong></span> <span class='ocrx_word' id='word_1_69' title='bbox 1771 954 1920 1010; x_wconf 89' lang='lat' dir='ltr'><strong>circa</strong></span> <span class='ocrx_word' id='word_1_70' title='bbox 1958 955 2142 1010; x_wconf 90' lang='lat' dir='ltr'><strong>Solem</strong></span> <span class='ocrx_word' id='word_1_71' title='bbox 2183 963 2392 1028; x_wconf 75' lang='lat' dir='ltr'><strong>agatur</strong></span> <span class='ocrx_word' id='word_1_72' title='bbox 2450 957 2508 1011; x_wconf 91' lang='lat' dir='ltr'><strong>in</strong></span> <span class='ocrx_word' id='word_1_73' title='bbox 2546 971 2772 1028; x_wconf 76' lang='lat' dir='ltr'><strong>gyrum:</strong></span> <span class='ocrx_word' id='word_1_74' title='bbox 2835 955 2887 1010; x_wconf 91' lang='lat' dir='ltr'><strong>id</strong></span> <span class='ocrx_word' id='word_1_75' title='bbox 2929 973 3062 1010; x_wconf 75' lang='lat' dir='ltr'><strong>vero</strong></span> 
     </span>
     <span class='ocr_line' id='line_1_8' title="bbox 336 1035 3062 1106; baseline 0 -17"><span class='ocrx_word' id='word_1_76' title='bbox 336 1037 427 1090; x_wconf 82' lang='lat' dir='ltr'><strong>vel</strong></span> <span class='ocrx_word' id='word_1_77' title='bbox 468 1035 587 1089; x_wconf 88' lang='lat' dir='ltr'><strong>solo</strong></span> <span class='ocrx_word' id='word_1_78' title='bbox 628 1037 767 1089; x_wconf 81' lang='lat' dir='ltr'><strong>nutu</strong></span> <span class='ocrx_word' id='word_1_79' title='bbox 806 1035 925 1088; x_wconf 75' lang='lat' dir='ltr'><strong>fleri</strong></span> <span class='ocrx_word' id='word_1_80' title='bbox 964 1051 1149 1104; x_wconf 88' lang='lat' dir='ltr'><strong>posse,</strong></span> <span class='ocrx_word' id='word_1_81' title='bbox 1195 1051 1316 1088; x_wconf 89' lang='lat' dir='ltr'><strong>cum</strong></span> <span class='ocrx_word' id='word_1_82' title='bbox 1356 1051 1533 1106; x_wconf 78' lang='lat' dir='ltr'><strong>grave</strong></span> <span class='ocrx_word' id='word_1_83' title='bbox 1576 1051 1685 1088; x_wconf 87' lang='lat' dir='ltr'><strong>non</strong></span> <span class='ocrx_word' id='word_1_84' title='bbox 1729 1035 1831 1097; x_wconf 90' lang='lat' dir='ltr'><strong>sit,</strong></span> <span class='ocrx_word' id='word_1_85' title='bbox 1873 1041 1939 1088; x_wconf 90' lang='lat' dir='ltr'><strong>ut</strong></span> <span class='ocrx_word' id='word_1_86' title='bbox 1979 1035 2138 1106; x_wconf 72' lang='lat' dir='ltr'><strong>cnjus</strong></span> <span class='ocrx_word' id='word_1_87' title='bbox 2182 1051 2312 1106; x_wconf 87' lang='lat' dir='ltr'><strong>pars</strong></span> <span class='ocrx_word' id='word_1_88' title='bbox 2353 1037 2528 1092; x_wconf 87' lang='lat' dir='ltr'><strong>nulla.</strong></span> <span class='ocrx_word' id='word_1_89' title='bbox 2611 1037 2772 1092; x_wconf 85' lang='lat' dir='ltr'><strong>Hanc</strong></span> <span class='ocrx_word' id='word_1_90' title='bbox 2811 1035 3062 1106; x_wconf 84' lang='lat' dir='ltr'><strong>proposi·</strong></span> 
     </span>
     <span class='ocr_line' id='line_1_9' title="bbox 338 1113 3065 1187; baseline 0 -17"><span class='ocrx_word' id='word_1_91' title='bbox 338 1117 543 1170; x_wconf 87' lang='lat' dir='ltr'><strong>tionem</strong></span> <span class='ocrx_word' id='word_1_92' title='bbox 583 1131 692 1170; x_wconf 89' lang='lat' dir='ltr'><strong>non</strong></span> <span class='ocrx_word' id='word_1_93' title='bbox 733 1121 923 1186; x_wconf 85' lang='lat' dir='ltr'><strong>potest</strong></span> <span class='ocrx_word' id='word_1_94' title='bbox 962 1114 1093 1168; x_wconf 88' lang='lat' dir='ltr'><strong>mihi</strong></span> <span class='ocrx_word' id='word_1_95' title='bbox 1136 1113 1352 1184; x_wconf 88' lang='lat' dir='ltr'><strong>eripere</strong></span> <span class='ocrx_word' id='word_1_96' title='bbox 1397 1113 1663 1184; x_wconf 77' lang='lat' dir='ltr'><strong>physicus</strong></span> <span class='ocrx_word' id='word_1_97' title='bbox 1684 1153 1699 1176; x_wconf 88' lang='lat'><strong>,</strong></span> <span class='ocrx_word' id='word_1_98' title='bbox 1744 1114 1838 1184; x_wconf 92' lang='lat' dir='ltr'><strong>qui</strong></span> <span class='ocrx_word' id='word_1_99' title='bbox 1877 1116 2190 1179; x_wconf 86' lang='lat' dir='ltr'><strong>contendit,</strong></span> <span class='ocrx_word' id='word_1_100' title='bbox 2235 1118 2377 1186; x_wconf 88' lang='lat' dir='ltr'><strong>quod</strong></span> <span class='ocrx_word' id='word_1_101' title='bbox 2421 1117 2510 1170; x_wconf 83' lang='lat' dir='ltr'><strong>hic</strong></span> <span class='ocrx_word' id='word_1_102' title='bbox 2550 1116 2823 1187; x_wconf 87' lang='lat' dir='ltr'><strong>sequitur,</strong></span> <span class='ocrx_word' id='word_1_103' title='bbox 2879 1115 3065 1170; x_wconf 86' lang='lat' dir='ltr'><strong>omnia</strong></span> 
     </span>
     <span class='ocr_line' id='line_1_10' title="bbox 328 1193 3064 1266; baseline -0 -16"><span class='ocrx_word' id='word_1_104' title='bbox 328 1202 583 1252; x_wconf 84' lang='lat' dir='ltr'><strong>centrum</strong></span> <span class='ocrx_word' id='word_1_105' title='bbox 612 1194 784 1266; x_wconf 86' lang='lat' dir='ltr'><strong>sequi.</strong></span> <span class='ocrx_word' id='word_1_106' title='bbox 864 1195 945 1248; x_wconf 84' lang='lat' dir='ltr'><strong>Et</strong></span> <span class='ocrx_word' id='word_1_107' title='bbox 988 1193 1121 1265; x_wconf 90' lang='lat' dir='ltr'><strong>quia</strong></span> <span class='ocrx_word' id='word_1_108' title='bbox 1146 1194 1385 1265; x_wconf 81' lang='lat' dir='ltr'><strong>vulg-ata</strong></span> <span class='ocrx_word' id='word_1_109' title='bbox 1411 1194 1663 1248; x_wconf 89' lang='lat' dir='ltr'><strong>doctrina</strong></span> <span class='ocrx_word' id='word_1_110' title='bbox 1718 1193 1958 1264; x_wconf 73' lang='lat' dir='ltr'><strong>physica</strong></span> <span class='ocrx_word' id='word_1_111' title='bbox 2002 1202 2162 1252; x_wconf 83' lang='lat' dir='ltr'><strong>tenet</strong></span> <span class='ocrx_word' id='word_1_112' title='bbox 2204 1197 2308 1250; x_wconf 88' lang='lat' dir='ltr'><strong>hoc</strong></span> <span class='ocrx_word' id='word_1_113' title='bbox 2349 1198 2416 1250; x_wconf 89' lang='lat' dir='ltr'><strong>de</strong></span> <span class='ocrx_word' id='word_1_114' title='bbox 2455 1203 2644 1251; x_wconf 85' lang='lat' dir='ltr'><strong>centro</strong></span> <span class='ocrx_word' id='word_1_115' title='bbox 2669 1196 2872 1260; x_wconf 83' lang='lat' dir='ltr'><strong>mundi,</strong></span> <span class='ocrx_word' id='word_1_116' title='bbox 2921 1197 3064 1266; x_wconf 78' lang='lat' dir='ltr'><strong>quod</strong></span> 
     </span>
     <span class='ocr_line' id='line_1_11' title="bbox 340 1273 3070 1346; baseline -0.001 -14"><span class='ocrx_word' id='word_1_117' title='bbox 340 1276 523 1332; x_wconf 84' lang='lat' dir='ltr'><strong>omnia</strong></span> <span class='ocrx_word' id='word_1_118' title='bbox 568 1275 773 1345; x_wconf 76' lang='lat' dir='ltr'><strong>gravia</strong></span> <span class='ocrx_word' id='word_1_119' title='bbox 816 1274 871 1329; x_wconf 85' lang='lat' dir='ltr'><strong>id</strong></span> <span class='ocrx_word' id='word_1_120' title='bbox 918 1281 1167 1328; x_wconf 78' lang='lat' dir='ltr'><strong>centrum</strong></span> <span class='ocrx_word' id='word_1_121' title='bbox 1204 1279 1501 1344; x_wconf 71' lang='lat' dir='ltr'><strong>quaerant,</strong></span> <span class='ocrx_word' id='word_1_122' title='bbox 1550 1273 1675 1328; x_wconf 79' lang='lat' dir='ltr'><strong>ideo</strong></span> <span class='ocrx_word' id='word_1_123' title='bbox 1714 1273 2028 1330; x_wconf 82' lang='lat' dir='ltr'><strong>existimavi</strong></span> <span class='ocrx_word' id='word_1_124' title='bbox 2071 1291 2180 1344; x_wconf 71' lang='lat' dir='ltr'><strong>ego</strong></span> <span class='ocrx_word' id='word_1_125' title='bbox 2225 1291 2389 1345; x_wconf 82' lang='lat' dir='ltr'><strong>posse</strong></span> <span class='ocrx_word' id='word_1_126' title='bbox 2425 1276 2630 1346; x_wconf 73' lang='lat' dir='ltr'><strong>gravia</strong></span> <span class='ocrx_word' id='word_1_127' title='bbox 2665 1277 2858 1332; x_wconf 68' lang='lat' dir='ltr'><strong>eadem</strong></span> <span class='ocrx_word' id='word_1_128' title='bbox 2893 1291 3070 1346; x_wconf 77' lang='lat' dir='ltr'><strong>opera</strong></span> 
     </span>
     <span class='ocr_line' id='line_1_12' title="bbox 339 1351 3064 1424; baseline 0.001 -14"><span class='ocrx_word' id='word_1_129' title='bbox 339 1362 587 1412; x_wconf 84' lang='lat' dir='ltr'><strong>centrum</strong></span> <span class='ocrx_word' id='word_1_130' title='bbox 610 1355 697 1410; x_wconf 86' lang='lat' dir='ltr'><strong>sui</strong></span> <span class='ocrx_word' id='word_1_131' title='bbox 726 1353 969 1424; x_wconf 87' lang='lat' dir='ltr'><strong>corporis</strong></span> <span class='ocrx_word' id='word_1_132' title='bbox 1014 1369 1301 1424; x_wconf 80' lang='lat' dir='ltr'><strong>quaerere.</strong></span> <span class='ocrx_word' id='word_1_133' title='bbox 1382 1355 1587 1410; x_wconf 88' lang='lat' dir='ltr'><strong>Verum</strong></span> <span class='ocrx_word' id='word_1_134' title='bbox 1632 1351 1689 1406; x_wconf 90' lang='lat' dir='ltr'><strong>in</strong></span> <span class='ocrx_word' id='word_1_135' title='bbox 1718 1353 2004 1423; x_wconf 82' lang='lat' dir='ltr'><strong>Epitemes</strong></span> <span class='ocrx_word' id='word_1_136' title='bbox 2029 1355 2418 1412; x_wconf 80' lang='lat' dir='ltr'><strong>Astrouomiae</strong></span> <span class='ocrx_word' id='word_1_137' title='bbox 2445 1356 2546 1412; x_wconf 85' lang='lat' dir='ltr'><strong>lib.</strong></span> <span class='ocrx_word' id='word_1_138' title='bbox 2583 1358 2634 1412; x_wconf 86' lang='lat'><strong>1.</strong></span> <span class='ocrx_word' id='word_1_139' title='bbox 2675 1355 3064 1419; x_wconf 74' lang='lat' dir='ltr'><strong>demonstrari.</strong></span> 
     </span>
     <span class='ocr_line' id='line_1_13' title="bbox 339 1432 3066 1506; baseline -0.001 -16"><span class='ocrx_word' id='word_1_140' title='bbox 339 1435 541 1490; x_wconf 81' lang='lat' dir='ltr'><strong>falsum</strong></span> <span class='ocrx_word' id='word_1_141' title='bbox 586 1451 709 1488; x_wconf 85' lang='lat' dir='ltr'><strong>esse</strong></span> <span class='ocrx_word' id='word_1_142' title='bbox 752 1433 861 1488; x_wconf 81' lang='lat' dir='ltr'><strong>hoc</strong></span> <span class='ocrx_word' id='word_1_143' title='bbox 904 1433 1259 1506; x_wconf 76' lang='lat' dir='ltr'><strong>physicorum</strong></span> <span class='ocrx_word' id='word_1_144' title='bbox 1287 1432 1509 1488; x_wconf 72' lang='lat' dir='ltr'><strong>axioma</strong></span> <span class='ocrx_word' id='word_1_145' title='bbox 1523 1473 1539 1498; x_wconf 87' lang='lat'><strong>,</strong></span> <span class='ocrx_word' id='word_1_146' title='bbox 1587 1435 1731 1504; x_wconf 87' lang='lat' dir='ltr'><strong>quod</strong></span> <span class='ocrx_word' id='word_1_147' title='bbox 1772 1433 1980 1504; x_wconf 65' lang='lat' dir='ltr'><strong>gravia</strong></span> <span class='ocrx_word' id='word_1_148' title='bbox 2018 1443 2294 1504; x_wconf 84' lang='lat' dir='ltr'><strong>quaerant</strong></span> <span class='ocrx_word' id='word_1_149' title='bbox 2341 1436 2517 1490; x_wconf 85' lang='lat' dir='ltr'><strong>ullum</strong></span> <span class='ocrx_word' id='word_1_150' title='bbox 2543 1443 2790 1490; x_wconf 85' lang='lat' dir='ltr'><strong>centrum</strong></span> <span class='ocrx_word' id='word_1_151' title='bbox 2836 1443 2902 1490; x_wconf 87' lang='lat' dir='ltr'><strong>ut</strong></span> <span class='ocrx_word' id='word_1_152' title='bbox 2927 1436 3066 1500; x_wconf 81' lang='lat' dir='ltr'><strong>talo,</strong></span> 
     </span>
     <span class='ocr_line' id='line_1_14' title="bbox 340 1512 3064 1586; baseline 0 -16"><span class='ocrx_word' id='word_1_153' title='bbox 340 1514 691 1572; x_wconf 78' lang='lat' dir='ltr'><strong>falsissimum</strong></span> <span class='ocrx_word' id='word_1_154' title='bbox 720 1514 863 1584; x_wconf 89' lang='lat' dir='ltr'><strong>quod</strong></span> <span class='ocrx_word' id='word_1_155' title='bbox 891 1520 1135 1566; x_wconf 86' lang='lat' dir='ltr'><strong>centrum</strong></span> <span class='ocrx_word' id='word_1_156' title='bbox 1167 1513 1337 1568; x_wconf 90' lang='lat' dir='ltr'><strong>totius</strong></span> <span class='ocrx_word' id='word_1_157' title='bbox 1367 1512 1549 1566; x_wconf 89' lang='lat' dir='ltr'><strong>mundi</strong></span> <span class='ocrx_word' id='word_1_158' title='bbox 1559 1529 1579 1584; x_wconf 77' lang='lat'>3</span> <span class='ocrx_word' id='word_1_159' title='bbox 1609 1529 1812 1578; x_wconf 80' lang='lat' dir='ltr'><strong>verum,</strong></span> <span class='ocrx_word' id='word_1_160' title='bbox 1859 1516 1954 1568; x_wconf 88' lang='lat' dir='ltr'><strong>sed</strong></span> <span class='ocrx_word' id='word_1_161' title='bbox 1983 1530 2086 1586; x_wconf 79' lang='lat' dir='ltr'><strong>per</strong></span> <span class='ocrx_word' id='word_1_162' title='bbox 2111 1514 2382 1579; x_wconf 86' lang='lat' dir='ltr'><strong>accidens,</strong></span> <span class='ocrx_word' id='word_1_163' title='bbox 2423 1515 2564 1586; x_wconf 80' lang='lat' dir='ltr'><strong>quod</strong></span> <span class='ocrx_word' id='word_1_164' title='bbox 2603 1521 2852 1572; x_wconf 84' lang='lat' dir='ltr'><strong>centrum</strong></span> <span class='ocrx_word' id='word_1_165' title='bbox 2879 1515 3064 1570; x_wconf 81' lang='lat' dir='ltr'><strong>Tellu-</strong></span> 
     </span>
     <span class='ocr_line' id='line_1_15' title="bbox 341 1591 3064 1666; baseline -0 -17"><span class='ocrx_word' id='word_1_166' title='bbox 341 1595 413 1650; x_wconf 90' lang='lat' dir='ltr'><strong>ris</strong></span> <span class='ocrx_word' id='word_1_167' title='bbox 444 1597 733 1664; x_wconf 89' lang='lat' dir='ltr'><strong>appetant,</strong></span> <span class='ocrx_word' id='word_1_168' title='bbox 783 1609 893 1646; x_wconf 90' lang='lat' dir='ltr'><strong>non</strong></span> <span class='ocrx_word' id='word_1_169' title='bbox 922 1609 1083 1662; x_wconf 90' lang='lat' dir='ltr'><strong>quam</strong></span> <span class='ocrx_word' id='word_1_170' title='bbox 1116 1591 1165 1645; x_wconf 92' lang='lat' dir='ltr'><strong>id</strong></span> <span class='ocrx_word' id='word_1_171' title='bbox 1196 1599 1457 1662; x_wconf 87' lang='lat' dir='ltr'><strong>punctum</strong></span> <span class='ocrx_word' id='word_1_172' title='bbox 1485 1600 1591 1656; x_wconf 88' lang='lat' dir='ltr'><strong>est,</strong></span> <span class='ocrx_word' id='word_1_173' title='bbox 1640 1595 1734 1652; x_wconf 87' lang='lat' dir='ltr'><strong>sed</strong></span> <span class='ocrx_word' id='word_1_174' title='bbox 1766 1593 1898 1664; x_wconf 89' lang='lat' dir='ltr'><strong>quia</strong></span> <span class='ocrx_word' id='word_1_175' title='bbox 1926 1610 2124 1664; x_wconf 88' lang='lat' dir='ltr'><strong>corpus</strong></span> <span class='ocrx_word' id='word_1_176' title='bbox 2153 1594 2390 1648; x_wconf 78' lang='lat' dir='ltr'><strong>Telluris</strong></span> <span class='ocrx_word' id='word_1_177' title='bbox 2419 1600 2719 1666; x_wconf 83' lang='lat' dir='ltr'><strong>appetunt;</strong></span> <span class='ocrx_word' id='word_1_178' title='bbox 2773 1595 2914 1664; x_wconf 83' lang='lat' dir='ltr'><strong>quod</strong></span> <span class='ocrx_word' id='word_1_179' title='bbox 2945 1609 3064 1648; x_wconf 85' lang='lat' dir='ltr'><strong>cum</strong></span> 
     </span>
     <span class='ocr_line' id='line_1_16' title="bbox 342 1671 3068 1742; baseline -0 -14"><span class='ocrx_word' id='word_1_180' title='bbox 342 1674 414 1730; x_wconf 86' lang='lat' dir='ltr'><strong>sit</strong></span> <span class='ocrx_word' id='word_1_181' title='bbox 440 1675 747 1734; x_wconf 87' lang='lat' dir='ltr'><strong>rotundum,</strong></span> <span class='ocrx_word' id='word_1_182' title='bbox 798 1690 870 1725; x_wconf 88' lang='lat' dir='ltr'><strong>ex</strong></span> <span class='ocrx_word' id='word_1_183' title='bbox 901 1689 967 1725; x_wconf 91' lang='lat' dir='ltr'><strong>eo</strong></span> <span class='ocrx_word' id='word_1_184' title='bbox 996 1671 1131 1736; x_wconf 84' lang='lat' dir='ltr'><strong>fieri,</strong></span> <span class='ocrx_word' id='word_1_185' title='bbox 1181 1677 1245 1725; x_wconf 85' lang='grc' dir='ltr'><strong>ιιι</strong></span> <span class='ocrx_word' id='word_1_186' title='bbox 1275 1673 1606 1742; x_wconf 82' lang='lat' dir='ltr'><strong>appetentia</strong></span> <span class='ocrx_word' id='word_1_187' title='bbox 1633 1673 1744 1727; x_wconf 88' lang='lat' dir='ltr'><strong>ista</strong></span> <span class='ocrx_word' id='word_1_188' title='bbox 1772 1673 1989 1727; x_wconf 85' lang='lat' dir='ltr'><strong>feratur</strong></span> <span class='ocrx_word' id='word_1_189' title='bbox 2015 1690 2207 1727; x_wconf 82' lang='lat' dir='ltr'><strong>versus</strong></span> <span class='ocrx_word' id='word_1_190' title='bbox 2237 1674 2486 1738; x_wconf 88' lang='lat' dir='ltr'><strong>medium,</strong></span> <span class='ocrx_word' id='word_1_191' title='bbox 2529 1679 2588 1726; x_wconf 90' lang='lat' dir='ltr'><strong>et</strong></span> <span class='ocrx_word' id='word_1_192' title='bbox 2616 1672 2694 1726; x_wconf 91' lang='lat' dir='ltr'><strong>sic</strong></span> <span class='ocrx_word' id='word_1_193' title='bbox 2719 1689 2912 1727; x_wconf 81' lang='lat' dir='ltr'><strong>versus</strong></span> <span class='ocrx_word' id='word_1_194' title='bbox 2942 1690 3068 1726; x_wconf 86' lang='lat' dir='ltr'><strong>cen·</strong></span> 
     </span>
     <span class='ocr_line' id='line_1_17' title="bbox 340 1751 3070 1823; baseline -0.001 -15"><span class='ocrx_word' id='word_1_195' title='bbox 340 1761 509 1815; x_wconf 89' lang='lat' dir='ltr'><strong>trum;</strong></span> <span class='ocrx_word' id='word_1_196' title='bbox 558 1755 697 1806; x_wconf 87' lang='lat' dir='ltr'><strong>adeo</strong></span> <span class='ocrx_word' id='word_1_197' title='bbox 744 1752 975 1822; x_wconf 86' lang='lat' dir='ltr'><strong>quidem,</strong></span> <span class='ocrx_word' id='word_1_198' title='bbox 998 1759 1087 1806; x_wconf 61' lang='grc' dir='ltr'><strong>ἰιι</strong></span> <span class='ocrx_word' id='word_1_199' title='bbox 1132 1751 1179 1804; x_wconf 89' lang='lat' dir='ltr'><strong>si</strong></span> <span class='ocrx_word' id='word_1_200' title='bbox 1207 1751 1383 1806; x_wconf 84' lang='lat' dir='ltr'><strong>Terra</strong></span> <span class='ocrx_word' id='word_1_201' title='bbox 1428 1751 1667 1823; x_wconf 74' lang='lat' dir='ltr'><strong>figuram</strong></span> <span class='ocrx_word' id='word_1_202' title='bbox 1716 1753 1954 1806; x_wconf 87' lang='lat' dir='ltr'><strong>haberet</strong></span> <span class='ocrx_word' id='word_1_203' title='bbox 1995 1751 2280 1808; x_wconf 71' lang='lat' dir='ltr'><strong>distortam</strong></span> <span class='ocrx_word' id='word_1_204' title='bbox 2329 1751 2684 1815; x_wconf 68' lang='lat' dir='ltr'><strong>sensibiliter,</strong></span> <span class='ocrx_word' id='word_1_205' title='bbox 2731 1752 2934 1823; x_wconf 74' lang='lat' dir='ltr'><strong>gravia</strong></span> <span class='ocrx_word' id='word_1_206' title='bbox 2957 1769 3070 1806; x_wconf 89' lang='lat' dir='ltr'><strong>non</strong></span> 
     </span>
     <span class='ocr_line' id='line_1_18' title="bbox 339 1831 3068 1903; baseline 0 -17"><span class='ocrx_word' id='word_1_207' title='bbox 339 1849 529 1888; x_wconf 79' lang='lat' dir='ltr'><strong>versus</strong></span> <span class='ocrx_word' id='word_1_208' title='bbox 575 1848 741 1886; x_wconf 86' lang='lat' dir='ltr'><strong>unum</strong></span> <span class='ocrx_word' id='word_1_209' title='bbox 786 1831 1025 1901; x_wconf 88' lang='lat' dir='ltr'><strong>undique</strong></span> <span class='ocrx_word' id='word_1_210' title='bbox 1068 1837 1332 1900; x_wconf 86' lang='lat' dir='ltr'><strong>punctum</strong></span> <span class='ocrx_word' id='word_1_211' title='bbox 1378 1837 1606 1886; x_wconf 90' lang='lat' dir='ltr'><strong>tensura</strong></span> <span class='ocrx_word' id='word_1_212' title='bbox 1652 1831 1874 1886; x_wconf 75' lang='lat' dir='ltr'><strong>fuerint.</strong></span> <span class='ocrx_word' id='word_1_213' title='bbox 1979 1831 2097 1885; x_wconf 85' lang='lat' dir='ltr'><strong>Hoc</strong></span> <span class='ocrx_word' id='word_1_214' title='bbox 2153 1832 2326 1903; x_wconf 76' lang='lat' dir='ltr'><strong>igitur</strong></span> <span class='ocrx_word' id='word_1_215' title='bbox 2371 1833 2724 1886; x_wconf 80' lang='lat' dir='ltr'><strong>fundamento</strong></span> <span class='ocrx_word' id='word_1_216' title='bbox 2778 1839 3068 1886; x_wconf 81' lang='lat' dir='ltr'><strong>corruente</strong></span> 
     </span>
     <span class='ocr_line' id='line_1_19' title="bbox 342 1909 3068 1982; baseline -0.001 -15"><span class='ocrx_word' id='word_1_217' title='bbox 342 1919 624 1967; x_wconf 71' lang='lat' dir='ltr'><strong>structura</strong></span> <span class='ocrx_word' id='word_1_218' title='bbox 650 1911 821 1965; x_wconf 88' lang='lat' dir='ltr'><strong>etiam</strong></span> <span class='ocrx_word' id='word_1_219' title='bbox 848 1910 1119 1964; x_wconf 77' lang='lat' dir='ltr'><strong>evertitur</strong></span> <span class='ocrx_word' id='word_1_220' title='bbox 1146 1909 1275 1964; x_wconf 87' lang='lat' dir='ltr'><strong>hnic</strong></span> <span class='ocrx_word' id='word_1_221' title='bbox 1301 1911 1488 1965; x_wconf 85' lang='lat' dir='ltr'><strong>nimia.</strong></span> <span class='ocrx_word' id='word_1_222' title='bbox 1574 1909 1799 1966; x_wconf 87' lang='lat' dir='ltr'><strong>Scilicet</strong></span> <span class='ocrx_word' id='word_1_223' title='bbox 1825 1927 2060 1982; x_wconf 84' lang='lat' dir='ltr'><strong>corpora</strong></span> <span class='ocrx_word' id='word_1_224' title='bbox 2103 1912 2458 1982; x_wconf 84' lang='lat' dir='ltr'><strong>planetarum</strong></span> <span class='ocrx_word' id='word_1_225' title='bbox 2485 1913 2539 1966; x_wconf 91' lang='lat' dir='ltr'><strong>in</strong></span> <span class='ocrx_word' id='word_1_226' title='bbox 2565 1917 2718 1966; x_wconf 83' lang='lat' dir='ltr'><strong>motu</strong></span> <span class='ocrx_word' id='word_1_227' title='bbox 2759 1926 2859 1965; x_wconf 86' lang='lat' dir='ltr'><strong>seu</strong></span> <span class='ocrx_word' id='word_1_228' title='bbox 2887 1919 3068 1966; x_wconf 67' lang='lat' dir='ltr'><strong>mns-</strong></span> 
     </span>
     <span class='ocr_line' id='line_1_20' title="bbox 343 1990 3074 2061; baseline -0.001 -15"><span class='ocrx_word' id='word_1_229' title='bbox 343 1993 551 2048; x_wconf 87' lang='lat' dir='ltr'><strong>latione</strong></span> <span class='ocrx_word' id='word_1_230' title='bbox 598 1991 683 2044; x_wconf 86' lang='lat' dir='ltr'><strong>sui</strong></span> <span class='ocrx_word' id='word_1_231' title='bbox 724 1990 873 2044; x_wconf 87' lang='lat' dir='ltr'><strong>circa</strong></span> <span class='ocrx_word' id='word_1_232' title='bbox 898 1990 1081 2044; x_wconf 86' lang='lat' dir='ltr'><strong>Solem</strong></span> <span class='ocrx_word' id='word_1_233' title='bbox 1123 2006 1236 2044; x_wconf 84' lang='grc' dir='ltr'>ιιοιι</span> <span class='ocrx_word' id='word_1_234' title='bbox 1274 1998 1405 2044; x_wconf 87' lang='lat' dir='ltr'><strong>sunt</strong></span> <span class='ocrx_word' id='word_1_235' title='bbox 1450 1990 1854 2044; x_wconf 84' lang='lat' dir='ltr'><strong>consideranda</strong></span> <span class='ocrx_word' id='word_1_236' title='bbox 1897 1998 1962 2046; x_wconf 84' lang='lat' dir='ltr'><strong>ut</strong></span> <span class='ocrx_word' id='word_1_237' title='bbox 1985 1999 2200 2060; x_wconf 79' lang='lat' dir='ltr'><strong>puncta</strong></span> <span class='ocrx_word' id='word_1_238' title='bbox 2223 1992 2634 2052; x_wconf 80' lang='lat' dir='ltr'><strong>mathematica,</strong></span> <span class='ocrx_word' id='word_1_239' title='bbox 2678 1992 2776 2045; x_wconf 85' lang='lat' dir='ltr'><strong>sed</strong></span> <span class='ocrx_word' id='word_1_240' title='bbox 2810 1992 2979 2061; x_wconf 86' lang='lat' dir='ltr'><strong>plane</strong></span> <span class='ocrx_word' id='word_1_241' title='bbox 3007 1998 3074 2044; x_wconf 85' lang='grc' dir='ltr'><strong>ιιι</strong></span> 
     </span>
     <span class='ocr_line' id='line_1_21' title="bbox 343 2065 3072 2142; baseline -0.001 -16"><span class='ocrx_word' id='word_1_242' title='bbox 343 2087 581 2142; x_wconf 83' lang='lat' dir='ltr'><strong>corpora</strong></span> <span class='ocrx_word' id='word_1_243' title='bbox 614 2071 931 2134; x_wconf 84' lang='lat' dir='ltr'><strong>materiata,</strong></span> <span class='ocrx_word' id='word_1_244' title='bbox 980 2077 1041 2124; x_wconf 88' lang='lat' dir='ltr'><strong>et</strong></span> <span class='ocrx_word' id='word_1_245' title='bbox 1068 2085 1187 2124; x_wconf 86' lang='lat' dir='ltr'><strong>cum</strong></span> <span class='ocrx_word' id='word_1_246' title='bbox 1218 2072 1451 2140; x_wconf 78' lang='lat' dir='ltr'><strong>quodam</strong></span> <span class='ocrx_word' id='word_1_247' title='bbox 1478 2069 1645 2141; x_wconf 80' lang='lat' dir='ltr'><strong>quasi</strong></span> <span class='ocrx_word' id='word_1_248' title='bbox 1677 2073 1922 2140; x_wconf 86' lang='lat' dir='ltr'><strong>pondere</strong></span> <span class='ocrx_word' id='word_1_249' title='bbox 1951 2067 2046 2139; x_wconf 84' lang='lat' dir='ltr'><strong>(ut</strong></span> <span class='ocrx_word' id='word_1_250' title='bbox 2087 2071 2146 2126; x_wconf 86' lang='lat' dir='ltr'><strong>in</strong></span> <span class='ocrx_word' id='word_1_251' title='bbox 2187 2071 2332 2126; x_wconf 86' lang='lat' dir='ltr'><strong>libro</strong></span> <span class='ocrx_word' id='word_1_252' title='bbox 2369 2073 2436 2125; x_wconf 94' lang='lat' dir='ltr'><strong>de</strong></span> <span class='ocrx_word' id='word_1_253' title='bbox 2465 2072 2638 2126; x_wconf 86' lang='lat' dir='ltr'><strong>stella</strong></span> <span class='ocrx_word' id='word_1_254' title='bbox 2663 2086 2810 2125; x_wconf 80' lang='lat' dir='ltr'><strong>nova</strong></span> <span class='ocrx_word' id='word_1_255' title='bbox 2853 2065 3072 2139; x_wconf 85' lang='lat' dir='ltr'><strong>scripsi)</strong></span> 
     </span>
     <span class='ocr_line' id='line_1_22' title="bbox 338 2149 3075 2220; baseline -0.001 -14"><span class='ocrx_word' id='word_1_256' title='bbox 338 2153 445 2206; x_wconf 83' lang='lat' dir='ltr'><strong>hoc</strong></span> <span class='ocrx_word' id='word_1_257' title='bbox 486 2157 589 2216; x_wconf 83' lang='lat' dir='ltr'><strong>est.</strong></span> <span class='ocrx_word' id='word_1_258' title='bbox 636 2150 697 2209; x_wconf 79' lang='lat' dir='ltr'><strong>in</strong></span> <span class='ocrx_word' id='word_1_259' title='bbox 734 2156 1001 2220; x_wconf 84' lang='lat' dir='ltr'><strong>quantum</strong></span> <span class='ocrx_word' id='word_1_260' title='bbox 1038 2156 1173 2204; x_wconf 87' lang='lat' dir='ltr'><strong>sunt</strong></span> <span class='ocrx_word' id='word_1_261' title='bbox 1214 2149 1477 2220; x_wconf 70' lang='lat' dir='ltr'><strong>praedita</strong></span> <span class='ocrx_word' id='word_1_262' title='bbox 1520 2151 1794 2206; x_wconf 82' lang='lat' dir='ltr'><strong>facultate</strong></span> <span class='ocrx_word' id='word_1_263' title='bbox 1841 2150 2114 2208; x_wconf 80' lang='lat' dir='ltr'><strong>renitendi</strong></span> <span class='ocrx_word' id='word_1_264' title='bbox 2159 2151 2332 2206; x_wconf 89' lang='lat' dir='ltr'><strong>motui</strong></span> <span class='ocrx_word' id='word_1_265' title='bbox 2368 2151 2716 2206; x_wconf 80' lang='lat' dir='ltr'><strong>extrinsecus</strong></span> <span class='ocrx_word' id='word_1_266' title='bbox 2759 2149 2922 2204; x_wconf 88' lang='lat' dir='ltr'><strong>illato</strong></span> <span class='ocrx_word' id='word_1_267' title='bbox 2970 2165 3075 2218; x_wconf 84' lang='lat' dir='ltr'><strong>pro</strong></span> 
     </span>
     <span class='ocr_line' id='line_1_23' title="bbox 340 2229 3074 2301; baseline -0.001 -13"><span class='ocrx_word' id='word_1_268' title='bbox 340 2233 485 2288; x_wconf 87' lang='lat' dir='ltr'><strong>mole</strong></span> <span class='ocrx_word' id='word_1_269' title='bbox 527 2230 771 2300; x_wconf 79' lang='lat' dir='ltr'><strong>corporis</strong></span> <span class='ocrx_word' id='word_1_270' title='bbox 816 2237 879 2285; x_wconf 87' lang='lat' dir='ltr'><strong>et</strong></span> <span class='ocrx_word' id='word_1_271' title='bbox 922 2229 1199 2285; x_wconf 71' lang='lat' dir='ltr'><strong>densitate</strong></span> <span class='ocrx_word' id='word_1_272' title='bbox 1246 2229 1535 2286; x_wconf 80' lang='lat' dir='ltr'><strong>materiae.</strong></span> <span class='ocrx_word' id='word_1_273' title='bbox 1616 2231 1667 2286; x_wconf 86' lang='lat' dir='ltr'>N</span> <span class='ocrx_word' id='word_1_274' title='bbox 1671 2245 1761 2284; x_wconf 84' lang='lat' dir='ltr'><strong>am</strong></span> <span class='ocrx_word' id='word_1_275' title='bbox 1792 2229 1926 2301; x_wconf 87' lang='lat' dir='ltr'><strong>quia</strong></span> <span class='ocrx_word' id='word_1_276' title='bbox 1969 2230 2141 2289; x_wconf 74' lang='lat' dir='ltr'><strong>omnis</strong></span> <span class='ocrx_word' id='word_1_277' title='bbox 2170 2230 2410 2286; x_wconf 85' lang='lat' dir='ltr'><strong>materia</strong></span> <span class='ocrx_word' id='word_1_278' title='bbox 2455 2233 2526 2288; x_wconf 87' lang='lat' dir='ltr'><strong>ad</strong></span> <span class='ocrx_word' id='word_1_279' title='bbox 2571 2230 2812 2300; x_wconf 86' lang='lat' dir='ltr'><strong>quietem</strong></span> <span class='ocrx_word' id='word_1_280' title='bbox 2836 2229 3074 2284; x_wconf 77' lang='lat' dir='ltr'><strong>inclinat</strong></span> 
     </span>
     <span class='ocr_line' id='line_1_24' title="bbox 342 2305 3070 2382; baseline -0.002 -16"><span class='ocrx_word' id='word_1_281' title='bbox 342 2312 399 2366; x_wconf 90' lang='lat' dir='ltr'><strong>in</strong></span> <span class='ocrx_word' id='word_1_282' title='bbox 424 2311 545 2366; x_wconf 87' lang='lat' dir='ltr'><strong>loco</strong></span> <span class='ocrx_word' id='word_1_283' title='bbox 574 2309 671 2364; x_wconf 86' lang='lat' dir='ltr'><strong>ino</strong></span> <span class='ocrx_word' id='word_1_284' title='bbox 698 2309 755 2364; x_wconf 87' lang='lat' dir='ltr'><strong>in</strong></span> <span class='ocrx_word' id='word_1_285' title='bbox 787 2327 893 2382; x_wconf 89' lang='lat' dir='ltr'><strong>quo</strong></span> <span class='ocrx_word' id='word_1_286' title='bbox 922 2316 1011 2362; x_wconf 85' lang='lat' dir='ltr'><strong>est</strong></span> <span class='ocrx_word' id='word_1_287' title='bbox 1040 2307 1169 2373; x_wconf 88' lang='lat' dir='ltr'><strong>(nisi</strong></span> <span class='ocrx_word' id='word_1_288' title='bbox 1196 2326 1395 2380; x_wconf 87' lang='lat' dir='ltr'><strong>corpus</strong></span> <span class='ocrx_word' id='word_1_289' title='bbox 1423 2308 1661 2364; x_wconf 75' lang='lat' dir='ltr'><strong>vicinum</strong></span> <span class='ocrx_word' id='word_1_290' title='bbox 1688 2309 1743 2362; x_wconf 82' lang='lat' dir='ltr'><strong>vi</strong></span> <span class='ocrx_word' id='word_1_291' title='bbox 1770 2310 2093 2381; x_wconf 67' lang='lat' dir='ltr'><strong>magnetica</strong></span> <span class='ocrx_word' id='word_1_292' title='bbox 2119 2310 2276 2366; x_wconf 81' lang='lat' dir='ltr'><strong>illam</strong></span> <span class='ocrx_word' id='word_1_293' title='bbox 2303 2313 2376 2366; x_wconf 88' lang='lat' dir='ltr'><strong>ad</strong></span> <span class='ocrx_word' id='word_1_294' title='bbox 2405 2328 2464 2364; x_wconf 85' lang='lat' dir='ltr'><strong>se</strong></span> <span class='ocrx_word' id='word_1_295' title='bbox 2485 2305 2744 2374; x_wconf 80' lang='lat' dir='ltr'><strong>alliciat),</strong></span> <span class='ocrx_word' id='word_1_296' title='bbox 2774 2309 2902 2364; x_wconf 85' lang='lat' dir='ltr'><strong>hinc</strong></span> <span class='ocrx_word' id='word_1_297' title='bbox 2931 2311 3070 2364; x_wconf 84' lang='lat' dir='ltr'><strong>adeo</strong></span> 
     </span>
     <span class='ocr_line' id='line_1_25' title="bbox 341 2387 3074 2460; baseline -0.001 -14"><span class='ocrx_word' id='word_1_298' title='bbox 341 2391 419 2456; x_wconf 81' lang='lat' dir='ltr'><strong>iit,</strong></span> <span class='ocrx_word' id='word_1_299' title='bbox 450 2397 513 2444; x_wconf 88' lang='lat' dir='ltr'><strong>ut</strong></span> <span class='ocrx_word' id='word_1_300' title='bbox 541 2389 717 2445; x_wconf 82' lang='lat' dir='ltr'><strong>virtus</strong></span> <span class='ocrx_word' id='word_1_301' title='bbox 746 2389 890 2444; x_wconf 89' lang='lat' dir='ltr'><strong>Solis</strong></span> <span class='ocrx_word' id='word_1_302' title='bbox 919 2387 1155 2444; x_wconf 87' lang='lat' dir='ltr'><strong>motoria</strong></span> <span class='ocrx_word' id='word_1_303' title='bbox 1194 2394 1415 2459; x_wconf 82' lang='lat' dir='ltr'><strong>pugnet</strong></span> <span class='ocrx_word' id='word_1_304' title='bbox 1442 2405 1561 2444; x_wconf 90' lang='lat' dir='ltr'><strong>cum</strong></span> <span class='ocrx_word' id='word_1_305' title='bbox 1606 2389 1715 2444; x_wconf 90' lang='lat' dir='ltr'><strong>hac</strong></span> <span class='ocrx_word' id='word_1_306' title='bbox 1742 2387 1947 2445; x_wconf 87' lang='lat' dir='ltr'><strong>inertia</strong></span> <span class='ocrx_word' id='word_1_307' title='bbox 1986 2389 2272 2454; x_wconf 86' lang='lat' dir='ltr'><strong>materiae,</strong></span> <span class='ocrx_word' id='word_1_308' title='bbox 2321 2390 2465 2445; x_wconf 84' lang='lat' dir='ltr'><strong>sicut</strong></span> <span class='ocrx_word' id='word_1_309' title='bbox 2503 2390 2562 2444; x_wconf 91' lang='lat' dir='ltr'><strong>in</strong></span> <span class='ocrx_word' id='word_1_310' title='bbox 2606 2389 2768 2445; x_wconf 87' lang='lat' dir='ltr'><strong>lance</strong></span> <span class='ocrx_word' id='word_1_311' title='bbox 2814 2395 3074 2460; x_wconf 79' lang='lat' dir='ltr'><strong>pugnant</strong></span> 
     </span>
     <span class='ocr_line' id='line_1_26' title="bbox 343 2467 3072 2542; baseline -0.001 -17"><span class='ocrx_word' id='word_1_312' title='bbox 343 2473 448 2525; x_wconf 89' lang='lat' dir='ltr'><strong>duo</strong></span> <span class='ocrx_word' id='word_1_313' title='bbox 494 2472 755 2542; x_wconf 88' lang='lat' dir='ltr'><strong>pondera,</strong></span> <span class='ocrx_word' id='word_1_314' title='bbox 800 2486 982 2540; x_wconf 80' lang='lat' dir='ltr'>exque</span> <span class='ocrx_word' id='word_1_315' title='bbox 1032 2467 1390 2539; x_wconf 81' lang='lat' dir='ltr'><strong>utrarumque</strong></span> <span class='ocrx_word' id='word_1_316' title='bbox 1418 2467 1614 2522; x_wconf 82' lang='lat' dir='ltr'><strong>virium</strong></span> <span class='ocrx_word' id='word_1_317' title='bbox 1656 2469 2018 2540; x_wconf 66' lang='lat' dir='ltr'><strong>proportione</strong></span> <span class='ocrx_word' id='word_1_318' title='bbox 2066 2472 2286 2524; x_wconf 87' lang='lat' dir='ltr'><strong>tandem</strong></span> <span class='ocrx_word' id='word_1_319' title='bbox 2331 2477 2628 2525; x_wconf 70' lang='lat' dir='ltr'><strong>enascatur</strong></span> <span class='ocrx_word' id='word_1_320' title='bbox 2673 2469 2932 2524; x_wconf 77' lang='lat' dir='ltr'><strong>celeritas</strong></span> <span class='ocrx_word' id='word_1_321' title='bbox 2980 2467 3072 2522; x_wconf 79' lang='lat' dir='ltr'><strong>vel</strong></span> 
     </span>
    </p>
   </div>
   <div class='ocr_carea' id='block_1_3' title="bbox 224 2547 3074 2630">
    <p class='ocr_par' dir='ltr' id='par_1_4' title="bbox 224 2547 3074 2630">
     <span class='ocr_line' id='line_1_27' title="bbox 224 2547 3074 2630; baseline -0.001 -24"><span class='ocrx_word' id='word_1_322' title='bbox 224 2581 233 2588; x_wconf 93' lang='lat'>-</span> <span class='ocrx_word' id='word_1_323' title='bbox 344 2550 580 2606; x_wconf 77' lang='lat' dir='ltr'><strong>tarditas</strong></span> <span class='ocrx_word' id='word_1_324' title='bbox 626 2549 913 2630; x_wconf 85' lang='lat' dir='ltr'><strong>planetae.</strong></span> <span class='ocrx_word' id='word_1_325' title='bbox 995 2547 1135 2600; x_wconf 86' lang='lat' dir='ltr'><strong>Vide</strong></span> <span class='ocrx_word' id='word_1_326' title='bbox 1181 2547 1635 2602; x_wconf 77' lang='lat' dir='ltr'><strong>introductionem</strong></span> <span class='ocrx_word' id='word_1_327' title='bbox 1681 2549 1739 2603; x_wconf 89' lang='lat' dir='ltr'><strong>in</strong></span> <span class='ocrx_word' id='word_1_328' title='bbox 1786 2549 2084 2604; x_wconf 89' lang='lat' dir='ltr'><strong>Comment.</strong></span> <span class='ocrx_word' id='word_1_329' title='bbox 2137 2548 2352 2615; x_wconf 82' lang='lat' dir='ltr'><strong>Martis,</strong></span> <span class='ocrx_word' id='word_1_330' title='bbox 2397 2556 2458 2604; x_wconf 91' lang='lat' dir='ltr'><strong>et</strong></span> <span class='ocrx_word' id='word_1_331' title='bbox 2501 2549 2629 2620; x_wconf 88' lang='lat' dir='ltr'><strong>ipsa</strong></span> <span class='ocrx_word' id='word_1_332' title='bbox 2667 2547 3074 2604; x_wconf 70' lang='lat' dir='ltr'><strong>Commentariis</strong></span> 
     </span>
    </p>
   </div>
   <div class='ocr_carea' id='block_1_4' title="bbox 344 2626 3075 3023">
    <p class='ocr_par' dir='ltr' id='par_1_5' title="bbox 344 2626 2266 2702">
     <span class='ocr_line' id='line_1_28' title="bbox 344 2626 2266 2702; baseline -0.002 -17"><span class='ocrx_word' id='word_1_333' title='bbox 344 2629 579 2702; x_wconf 86' lang='lat' dir='ltr'><strong>passim;</strong></span> <span class='ocrx_word' id='word_1_334' title='bbox 627 2628 924 2698; x_wconf 83' lang='lat' dir='ltr'><strong>praecipue</strong></span> <span class='ocrx_word' id='word_1_335' title='bbox 965 2644 1097 2681; x_wconf 81' lang='lat' dir='ltr'><strong>vero</strong></span> <span class='ocrx_word' id='word_1_336' title='bbox 1144 2626 1343 2682; x_wconf 89' lang='lat' dir='ltr'><strong>librum</strong></span> <span class='ocrx_word' id='word_1_337' title='bbox 1390 2627 1811 2699; x_wconf 75' lang='lat' dir='ltr'><strong>1V.Epitomes</strong></span> <span class='ocrx_word' id='word_1_338' title='bbox 1859 2629 2266 2683; x_wconf 82' lang='lat' dir='ltr'><strong>Astronomiae.</strong></span> 
     </span>
    </p>

    <p class='ocr_par' dir='ltr' id='par_1_6' title="bbox 344 2706 3075 3023">
     <span class='ocr_line' id='line_1_29' title="bbox 502 2706 3072 2778; baseline -0.001 -16"><span class='ocrx_word' id='word_1_339' title='bbox 502 2709 695 2778; x_wconf 85' lang='lat' dir='ltr'><strong>Neque</strong></span> <span class='ocrx_word' id='word_1_340' title='bbox 740 2714 928 2762; x_wconf 87' lang='lat' dir='ltr'><strong>tamen</strong></span> <span class='ocrx_word' id='word_1_341' title='bbox 974 2725 1048 2761; x_wconf 84' lang='lat' dir='ltr'><strong>ex</strong></span> <span class='ocrx_word' id='word_1_342' title='bbox 1095 2725 1161 2761; x_wconf 89' lang='lat' dir='ltr'><strong>eo</strong></span> <span class='ocrx_word' id='word_1_343' title='bbox 1208 2707 1485 2778; x_wconf 89' lang='lat' dir='ltr'><strong>sequitur,</strong></span> <span class='ocrx_word' id='word_1_344' title='bbox 1544 2711 1687 2778; x_wconf 89' lang='lat' dir='ltr'><strong>quod</strong></span> <span class='ocrx_word' id='word_1_345' title='bbox 1734 2708 1824 2762; x_wconf 88' lang='lat' dir='ltr'><strong>hic</strong></span> <span class='ocrx_word' id='word_1_346' title='bbox 1869 2725 1974 2778; x_wconf 86' lang='lat' dir='ltr'><strong>per</strong></span> <span class='ocrx_word' id='word_1_347' title='bbox 2019 2709 2222 2762; x_wconf 83' lang='lat' dir='ltr'><strong>falsam</strong></span> <span class='ocrx_word' id='word_1_348' title='bbox 2265 2707 2742 2764; x_wconf 79' lang='lat' dir='ltr'><strong>ratiocinationem</strong></span> <span class='ocrx_word' id='word_1_349' title='bbox 2790 2706 3072 2761; x_wconf 86' lang='lat' dir='ltr'><strong>amolitum</strong></span> 
     </span>
     <span class='ocr_line' id='line_1_30' title="bbox 344 2785 3073 2859; baseline -0.001 -14"><span class='ocrx_word' id='word_1_350' title='bbox 344 2792 509 2853; x_wconf 83' lang='lat' dir='ltr'><strong>ibam,</strong></span> <span class='ocrx_word' id='word_1_351' title='bbox 554 2789 747 2843; x_wconf 84' lang='lat' dir='ltr'><strong>dubios</strong></span> <span class='ocrx_word' id='word_1_352' title='bbox 800 2796 859 2842; x_wconf 85' lang='lat' dir='ltr'><strong>et</strong></span> <span class='ocrx_word' id='word_1_353' title='bbox 902 2789 1212 2843; x_wconf 77' lang='lat' dir='ltr'><strong>titubantes</strong></span> <span class='ocrx_word' id='word_1_354' title='bbox 1258 2787 1484 2842; x_wconf 85' lang='lat' dir='ltr'><strong>motoris</strong></span> <span class='ocrx_word' id='word_1_355' title='bbox 1512 2805 1741 2859; x_wconf 76' lang='lat' dir='ltr'><strong>gressus</strong></span> <span class='ocrx_word' id='word_1_356' title='bbox 1770 2787 1930 2853; x_wconf 79' lang='lat' dir='ltr'><strong>effici,</strong></span> <span class='ocrx_word' id='word_1_357' title='bbox 1973 2789 2023 2843; x_wconf 87' lang='lat' dir='ltr'><strong>si</strong></span> <span class='ocrx_word' id='word_1_358' title='bbox 2050 2790 2278 2845; x_wconf 87' lang='lat' dir='ltr'><strong>laborat</strong></span> <span class='ocrx_word' id='word_1_359' title='bbox 2317 2789 2372 2843; x_wconf 92' lang='lat' dir='ltr'><strong>in</strong></span> <span class='ocrx_word' id='word_1_360' title='bbox 2409 2790 2669 2859; x_wconf 87' lang='lat' dir='ltr'><strong>pondere,</strong></span> <span class='ocrx_word' id='word_1_361' title='bbox 2713 2787 2987 2858; x_wconf 81' lang='lat' dir='ltr'><strong>vincitque</strong></span> <span class='ocrx_word' id='word_1_362' title='bbox 3015 2785 3073 2841; x_wconf 85' lang='lat' dir='ltr'><strong>in</strong></span> 
     </span>
     <span class='ocr_line' id='line_1_31' title="bbox 344 2866 3075 2941; baseline -0.001 -18"><span class='ocrx_word' id='word_1_363' title='bbox 344 2886 557 2941; x_wconf 71' lang='lat' dir='ltr'><strong>pugna.</strong></span> <span class='ocrx_word' id='word_1_364' title='bbox 638 2868 781 2923; x_wconf 84' lang='lat' dir='ltr'><strong>Nam</strong></span> <span class='ocrx_word' id='word_1_365' title='bbox 809 2874 971 2923; x_wconf 89' lang='lat' dir='ltr'><strong>certa</strong></span> <span class='ocrx_word' id='word_1_366' title='bbox 997 2876 1059 2923; x_wconf 88' lang='lat' dir='ltr'><strong>et</strong></span> <span class='ocrx_word' id='word_1_367' title='bbox 1086 2875 1347 2923; x_wconf 81' lang='lat' dir='ltr'><strong>constans</strong></span> <span class='ocrx_word' id='word_1_368' title='bbox 1376 2874 1467 2922; x_wconf 89' lang='lat' dir='ltr'><strong>est</strong></span> <span class='ocrx_word' id='word_1_369' title='bbox 1510 2869 1792 2939; x_wconf 81' lang='lat' dir='ltr'><strong>proportio</strong></span> <span class='ocrx_word' id='word_1_370' title='bbox 1821 2868 2016 2923; x_wconf 76' lang='lat' dir='ltr'><strong>virium</strong></span> <span class='ocrx_word' id='word_1_371' title='bbox 2061 2869 2208 2923; x_wconf 88' lang='lat' dir='ltr'><strong>inter</strong></span> <span class='ocrx_word' id='word_1_372' title='bbox 2235 2886 2295 2923; x_wconf 90' lang='lat' dir='ltr'><strong>se</strong></span> <span class='ocrx_word' id='word_1_373' title='bbox 2335 2878 2706 2939; x_wconf 88' lang='lat' dir='ltr'><strong>utrarumque,</strong></span> <span class='ocrx_word' id='word_1_374' title='bbox 2755 2874 2818 2922; x_wconf 87' lang='lat' dir='ltr'><strong>et</strong></span> <span class='ocrx_word' id='word_1_375' title='bbox 2841 2866 3075 2921; x_wconf 81' lang='lat' dir='ltr'><strong>victoria</strong></span> 
     </span>
     <span class='ocr_line' id='line_1_32' title="bbox 346 2946 3072 3023; baseline -0.001 -18"><span class='ocrx_word' id='word_1_376' title='bbox 346 2948 643 3023; x_wconf 77' lang='lat' dir='ltr'><strong>partibilis,</strong></span> <span class='ocrx_word' id='word_1_377' title='bbox 685 2965 789 3019; x_wconf 89' lang='lat' dir='ltr'><strong>pro</strong></span> <span class='ocrx_word' id='word_1_378' title='bbox 817 2948 1011 3004; x_wconf 81' lang='lat' dir='ltr'><strong>virium</strong></span> <span class='ocrx_word' id='word_1_379' title='bbox 1042 2949 1289 3011; x_wconf 87' lang='lat' dir='ltr'><strong>modulo;</strong></span> <span class='ocrx_word' id='word_1_380' title='bbox 1334 2954 1399 3005; x_wconf 88' lang='grc' dir='ltr'><strong>ιιι</strong></span> <span class='ocrx_word' id='word_1_381' title='bbox 1426 2965 1603 3019; x_wconf 87' lang='lat' dir='ltr'><strong>neque</strong></span> <span class='ocrx_word' id='word_1_382' title='bbox 1632 2950 1870 3019; x_wconf 84' lang='lat' dir='ltr'><strong>planeta</strong></span> <span class='ocrx_word' id='word_1_383' title='bbox 1891 2950 1950 3003; x_wconf 88' lang='lat' dir='ltr'><strong>in</strong></span> <span class='ocrx_word' id='word_1_384' title='bbox 1977 2950 2166 3006; x_wconf 84' lang='lat' dir='ltr'><strong>eodem</strong></span> <span class='ocrx_word' id='word_1_385' title='bbox 2194 2950 2432 3005; x_wconf 82' lang='lat' dir='ltr'><strong>haereat</strong></span> <span class='ocrx_word' id='word_1_386' title='bbox 2457 2948 2598 3013; x_wconf 83' lang='lat' dir='ltr'><strong>loco,</strong></span> <span class='ocrx_word' id='word_1_387' title='bbox 2627 2964 2805 3018; x_wconf 82' lang='lat' dir='ltr'><strong>neque</strong></span> <span class='ocrx_word' id='word_1_388' title='bbox 2841 2946 3072 3003; x_wconf 78' lang='lat' dir='ltr'><strong>rotatio-</strong></span> 
     </span>
    </p>
   </div>
   <div class='ocr_carea' id='block_1_5' title="bbox 346 3028 3074 3170">
    <p class='ocr_par' dir='ltr' id='par_1_7' title="bbox 346 3028 3074 3170">
     <span class='ocr_line' id='line_1_33' title="bbox 346 3028 3074 3101; baseline -0.001 -17"><span class='ocrx_word' id='word_1_389' title='bbox 346 3031 431 3084; x_wconf 86' lang='lat' dir='ltr'><strong>nis</strong></span> <span class='ocrx_word' id='word_1_390' title='bbox 458 3029 669 3085; x_wconf 88' lang='lat' dir='ltr'><strong>Solaris</strong></span> <span class='ocrx_word' id='word_1_391' title='bbox 698 3028 1043 3083; x_wconf 84' lang='lat' dir='ltr'><strong>celeritatem</strong></span> <span class='ocrx_word' id='word_1_392' title='bbox 1072 3035 1423 3099; x_wconf 86' lang='lat' dir='ltr'><strong>assequatur.</strong></span> <span class='ocrx_word' id='word_1_393' title='bbox 1489 3033 1765 3099; x_wconf 79' lang='lat' dir='ltr'><strong>(Compara</strong></span> <span class='ocrx_word' id='word_1_394' title='bbox 1800 3050 1916 3087; x_wconf 86' lang='lat' dir='ltr'><strong>cum</strong></span> <span class='ocrx_word' id='word_1_395' title='bbox 1949 3034 2028 3087; x_wconf 82' lang='lat' dir='ltr'><strong>his</strong></span> <span class='ocrx_word' id='word_1_396' title='bbox 2063 3050 2192 3101; x_wconf 83' lang='lat' dir='ltr'><strong>quae</strong></span> <span class='ocrx_word' id='word_1_397' title='bbox 2231 3034 2532 3099; x_wconf 73' lang='lat' dir='ltr'><strong>Gopemicus</strong></span> <span class='ocrx_word' id='word_1_398' title='bbox 2569 3034 2634 3085; x_wconf 85' lang='lat' dir='ltr'><strong>de</strong></span> <span class='ocrx_word' id='word_1_399' title='bbox 2667 3035 2918 3100; x_wconf 70' lang='lat' dir='ltr'><strong>gravitate</strong></span> <span class='ocrx_word' id='word_1_400' title='bbox 2953 3032 3074 3083; x_wconf 80' lang='lat' dir='ltr'><strong>dixit</strong></span> 
     </span>
     <span class='ocr_line' id='line_1_34' title="bbox 346 3102 1488 3170; baseline -0.004 -11"><span class='ocrx_word' id='word_1_401' title='bbox 346 3109 395 3159; x_wconf 88' lang='lat' dir='ltr'><strong>in</strong></span> <span class='ocrx_word' id='word_1_402' title='bbox 436 3106 641 3167; x_wconf 68' lang='lat' dir='ltr'><strong>..Revoh</strong></span> <span class='ocrx_word' id='word_1_403' title='bbox 682 3104 1001 3157; x_wconf 80' lang='lat' dir='ltr'><strong>coelestium“</strong></span> <span class='ocrx_word' id='word_1_404' title='bbox 1040 3106 1126 3157; x_wconf 92' lang='lat' dir='ltr'><strong>lib.</strong></span> <span class='ocrx_word' id='word_1_405' title='bbox 1166 3106 1218 3165; x_wconf 89' lang='lat'><strong>1,</strong></span> <span class='ocrx_word' id='word_1_406' title='bbox 1258 3120 1371 3170; x_wconf 83' lang='lat' dir='ltr'><strong>cap.</strong></span> <span class='ocrx_word' id='word_1_407' title='bbox 1412 3102 1488 3167; x_wconf 79' lang='lat'><strong>9.)</strong></span> 
     </span>
    </p>
   </div>
   <div class='ocr_carea' id='block_1_6' title="bbox 348 3175 3094 4695">
    <p class='ocr_par' dir='ltr' id='par_1_8' title="bbox 348 3175 3072 3571">
     <span class='ocr_line' id='line_1_35' title="bbox 504 3175 3066 3255; baseline -0.002 -22"><span class='ocrx_word' id='word_1_408' title='bbox 504 3176 573 3255; x_wconf 77' lang='lat' dir='ltr'><strong>g)</strong></span> <span class='ocrx_word' id='word_1_409' title='bbox 619 3176 930 3233; x_wconf 81' lang='lat' dir='ltr'><strong>Manifestis</strong></span> <span class='ocrx_word' id='word_1_410' title='bbox 962 3178 1353 3249; x_wconf 83' lang='lat' dir='ltr'><strong>experimentis</strong></span> <span class='ocrx_word' id='word_1_411' title='bbox 1391 3178 1497 3232; x_wconf 90' lang='lat' dir='ltr'><strong>hoc</strong></span> <span class='ocrx_word' id='word_1_412' title='bbox 1534 3177 2208 3247; x_wconf 81' lang='lat' dir='ltr'><strong>falsum-deprehenditur.</strong></span> <span class='ocrx_word' id='word_1_413' title='bbox 2292 3178 2546 3233; x_wconf 89' lang='lat' dir='ltr'><strong>Pondera</strong></span> <span class='ocrx_word' id='word_1_414' title='bbox 2581 3177 2807 3232; x_wconf 88' lang='lat' dir='ltr'><strong>seorsim</strong></span> <span class='ocrx_word' id='word_1_415' title='bbox 2845 3175 3066 3241; x_wconf 81' lang='lat' dir='ltr'><strong>ferrum,</strong></span> 
     </span>
     <span class='ocr_line' id='line_1_36' title="bbox 349 3255 3070 3331; baseline -0.002 -17"><span class='ocrx_word' id='word_1_416' title='bbox 349 3261 574 3315; x_wconf 89' lang='lat' dir='ltr'><strong>seorsim</strong></span> <span class='ocrx_word' id='word_1_417' title='bbox 603 3266 663 3313; x_wconf 88' lang='lat' dir='ltr'><strong>et</strong></span> <span class='ocrx_word' id='word_1_418' title='bbox 690 3266 1029 3331; x_wconf 75' lang='lat' dir='ltr'><strong>magneteim</strong></span> <span class='ocrx_word' id='word_1_419' title='bbox 1074 3258 1277 3330; x_wconf 82' lang='lat' dir='ltr'><strong>collige</strong></span> <span class='ocrx_word' id='word_1_420' title='bbox 1306 3260 1553 3328; x_wconf 88' lang='lat' dir='ltr'><strong>pondera</strong></span> <span class='ocrx_word' id='word_1_421' title='bbox 1582 3258 1638 3312; x_wconf 89' lang='lat' dir='ltr'><strong>in</strong></span> <span class='ocrx_word' id='word_1_422' title='bbox 1664 3274 1830 3313; x_wconf 88' lang='lat' dir='ltr'><strong>unam</strong></span> <span class='ocrx_word' id='word_1_423' title='bbox 1860 3275 2138 3313; x_wconf 88' lang='lat' dir='ltr'><strong>summam.</strong></span> <span class='ocrx_word' id='word_1_424' title='bbox 2223 3258 2605 3328; x_wconf 89' lang='lat' dir='ltr'><strong>Suspendatur</strong></span> <span class='ocrx_word' id='word_1_425' title='bbox 2642 3257 2836 3311; x_wconf 90' lang='lat' dir='ltr'><strong>deinde</strong></span> <span class='ocrx_word' id='word_1_426' title='bbox 2866 3255 3070 3310; x_wconf 84' lang='lat' dir='ltr'><strong>ferrum</strong></span> 
     </span>
     <span class='ocr_line' id='line_1_37' title="bbox 350 3335 3070 3413; baseline -0.003 -18"><span class='ocrx_word' id='word_1_427' title='bbox 350 3358 385 3395; x_wconf 88' lang='lat' dir='ltr'><strong>a</strong></span> <span class='ocrx_word' id='word_1_428' title='bbox 412 3346 677 3413; x_wconf 83' lang='lat' dir='ltr'><strong>magnete</strong></span> <span class='ocrx_word' id='word_1_429' title='bbox 705 3339 760 3393; x_wconf 82' lang='lat' dir='ltr'><strong>vi</strong></span> <span class='ocrx_word' id='word_1_430' title='bbox 805 3340 907 3393; x_wconf 91' lang='lat' dir='ltr'><strong>illa</strong></span> <span class='ocrx_word' id='word_1_431' title='bbox 954 3338 1243 3401; x_wconf 74' lang='lat' dir='ltr'><strong>invisibili3</strong></span> <span class='ocrx_word' id='word_1_432' title='bbox 1288 3348 1519 3409; x_wconf 69' lang='lat' dir='ltr'><strong>magnes</strong></span> <span class='ocrx_word' id='word_1_433' title='bbox 1566 3354 1697 3391; x_wconf 76' lang='lat' dir='ltr'><strong>vero</strong></span> <span class='ocrx_word' id='word_1_434' title='bbox 1743 3345 2002 3392; x_wconf 86' lang='lat' dir='ltr'><strong>nectatur</strong></span> <span class='ocrx_word' id='word_1_435' title='bbox 2048 3355 2085 3393; x_wconf 97' lang='lat' dir='ltr'><strong>a</strong></span> <span class='ocrx_word' id='word_1_436' title='bbox 2127 3339 2288 3392; x_wconf 88' lang='lat' dir='ltr'><strong>lance</strong></span> <span class='ocrx_word' id='word_1_437' title='bbox 2333 3344 2433 3391; x_wconf 87' lang='lat' dir='ltr'><strong>aut</strong></span> <span class='ocrx_word' id='word_1_438' title='bbox 2469 3337 2764 3406; x_wconf 80' lang='lat' dir='ltr'><strong>injiciatur,</strong></span> <span class='ocrx_word' id='word_1_439' title='bbox 2813 3336 2945 3406; x_wconf 93' lang='lat' dir='ltr'><strong>quia</strong></span> <span class='ocrx_word' id='word_1_440' title='bbox 2987 3335 3070 3387; x_wconf 76' lang='lat' dir='ltr'><strong>vis</strong></span> 
     </span>
     <span class='ocr_line' id='line_1_38' title="bbox 348 3416 3072 3491; baseline -0.003 -16"><span class='ocrx_word' id='word_1_441' title='bbox 348 3428 602 3491; x_wconf 88' lang='lat' dir='ltr'><strong>permeat</strong></span> <span class='ocrx_word' id='word_1_442' title='bbox 628 3420 860 3483; x_wconf 89' lang='lat' dir='ltr'><strong>lancem,</strong></span> <span class='ocrx_word' id='word_1_443' title='bbox 913 3419 957 3472; x_wconf 90' lang='lat' dir='ltr'><strong>si</strong></span> <span class='ocrx_word' id='word_1_444' title='bbox 987 3436 1095 3471; x_wconf 88' lang='lat' dir='ltr'><strong>non</strong></span> <span class='ocrx_word' id='word_1_445' title='bbox 1124 3418 1201 3472; x_wconf 90' lang='lat' dir='ltr'><strong>sit</strong></span> <span class='ocrx_word' id='word_1_446' title='bbox 1226 3418 1438 3471; x_wconf 80' lang='lat' dir='ltr'><strong>ferrea:</strong></span> <span class='ocrx_word' id='word_1_447' title='bbox 1482 3417 1709 3479; x_wconf 84' lang='lat' dir='ltr'><strong>videbis,</strong></span> <span class='ocrx_word' id='word_1_448' title='bbox 1754 3424 2087 3487; x_wconf 82' lang='lat' dir='ltr'><strong>magnetem,</strong></span> <span class='ocrx_word' id='word_1_449' title='bbox 2136 3420 2260 3472; x_wconf 88' lang='lat' dir='ltr'><strong>dum</strong></span> <span class='ocrx_word' id='word_1_450' title='bbox 2290 3424 2420 3471; x_wconf 85' lang='lat' dir='ltr'><strong>actu</strong></span> <span class='ocrx_word' id='word_1_451' title='bbox 2445 3424 2604 3471; x_wconf 88' lang='lat' dir='ltr'><strong>tenet</strong></span> <span class='ocrx_word' id='word_1_452' title='bbox 2631 3422 2932 3471; x_wconf 86' lang='lat' dir='ltr'><strong>attractum</strong></span> <span class='ocrx_word' id='word_1_453' title='bbox 2961 3416 3072 3468; x_wconf 78' lang='lat' dir='ltr'><strong>fer-</strong></span> 
     </span>
     <span class='ocr_line' id='line_1_39' title="bbox 348 3496 2446 3571; baseline -0.002 -16"><span class='ocrx_word' id='word_1_454' title='bbox 348 3518 485 3565; x_wconf 88' lang='lat' dir='ltr'><strong>rum,</strong></span> <span class='ocrx_word' id='word_1_455' title='bbox 536 3516 713 3571; x_wconf 86' lang='lat' dir='ltr'><strong>aeque</strong></span> <span class='ocrx_word' id='word_1_456' title='bbox 760 3500 1191 3569; x_wconf 72' lang='lat' dir='ltr'><strong>ponderatur-um</strong></span> <span class='ocrx_word' id='word_1_457' title='bbox 1242 3497 1507 3567; x_wconf 77' lang='lat' dir='ltr'><strong>utrisque,</strong></span> <span class='ocrx_word' id='word_1_458' title='bbox 1551 3496 1705 3567; x_wconf 82' lang='lat' dir='ltr'><strong>prius</strong></span> <span class='ocrx_word' id='word_1_459' title='bbox 1752 3498 1828 3551; x_wconf 90' lang='lat' dir='ltr'><strong>ab</strong></span> <span class='ocrx_word' id='word_1_460' title='bbox 1873 3496 2102 3551; x_wconf 81' lang='lat' dir='ltr'><strong>invicem</strong></span> <span class='ocrx_word' id='word_1_461' title='bbox 2151 3497 2446 3567; x_wconf 84' lang='lat' dir='ltr'><strong>separatis.</strong></span> 
     </span>
    </p>

    <p class='ocr_par' dir='ltr' id='par_1_9' title="bbox 350 3574 3094 4685">
     <span class='ocr_line' id='line_1_40' title="bbox 510 3574 3077 3649; baseline -0.003 -14"><span class='ocrx_word' id='word_1_462' title='bbox 510 3576 573 3645; x_wconf 83' lang='lat' dir='ltr'><strong>h)</strong></span> <span class='ocrx_word' id='word_1_463' title='bbox 646 3580 772 3634; x_wconf 86' lang='lat' dir='ltr'><strong>Non</strong></span> <span class='ocrx_word' id='word_1_464' title='bbox 832 3578 1083 3649; x_wconf 88' lang='lat' dir='ltr'><strong>equidem</strong></span> <span class='ocrx_word' id='word_1_465' title='bbox 1102 3618 1117 3641; x_wconf 92' lang='lat'><strong>,</strong></span> <span class='ocrx_word' id='word_1_466' title='bbox 1186 3578 1331 3648; x_wconf 90' lang='lat' dir='ltr'><strong>quod</strong></span> <span class='ocrx_word' id='word_1_467' title='bbox 1394 3575 1632 3630; x_wconf 81' lang='lat' dir='ltr'><strong>influxus</strong></span> <span class='ocrx_word' id='word_1_468' title='bbox 1689 3576 1960 3631; x_wconf 84' lang='lat' dir='ltr'><strong>coelestes</strong></span> <span class='ocrx_word' id='word_1_469' title='bbox 2025 3576 2316 3649; x_wconf 78' lang='lat' dir='ltr'><strong>indigeant</strong></span> <span class='ocrx_word' id='word_1_470' title='bbox 2377 3576 2568 3646; x_wconf 80' lang='lat' dir='ltr'><strong>aliqua</strong></span> <span class='ocrx_word' id='word_1_471' title='bbox 2629 3574 2865 3629; x_wconf 85' lang='lat' dir='ltr'><strong>materia</strong></span> <span class='ocrx_word' id='word_1_472' title='bbox 2884 3615 2897 3637; x_wconf 90' lang='lat'><strong>,</strong></span> <span class='ocrx_word' id='word_1_473' title='bbox 2967 3590 3077 3644; x_wconf 88' lang='lat' dir='ltr'><strong>qua</strong></span> 
     </span>
     <span class='ocr_line' id='line_1_41' title="bbox 352 3653 3074 3725; baseline -0.003 -10"><span class='ocrx_word' id='word_1_474' title='bbox 352 3662 423 3715; x_wconf 84' lang='lat' dir='ltr'><strong>ad</strong></span> <span class='ocrx_word' id='word_1_475' title='bbox 467 3676 567 3715; x_wconf 84' lang='lat' dir='ltr'><strong>nos</strong></span> <span class='ocrx_word' id='word_1_476' title='bbox 616 3658 997 3721; x_wconf 57' lang='lat' dir='ltr'><strong>dominantum</strong></span> <span class='ocrx_word' id='word_1_477' title='bbox 1046 3658 1247 3712; x_wconf 83' lang='lat' dir='ltr'><strong>falsum</strong></span> <span class='ocrx_word' id='word_1_478' title='bbox 1302 3656 1444 3711; x_wconf 90' lang='lat' dir='ltr'><strong>enim</strong></span> <span class='ocrx_word' id='word_1_479' title='bbox 1492 3663 1581 3711; x_wconf 89' lang='lat' dir='ltr'><strong>est</strong></span> <span class='ocrx_word' id='word_1_480' title='bbox 1624 3656 1761 3711; x_wconf 89' lang='lat' dir='ltr'><strong>illud</strong></span> <span class='ocrx_word' id='word_1_481' title='bbox 1807 3656 2130 3711; x_wconf 83' lang='lat' dir='ltr'><strong>Aristotelis</strong></span> <span class='ocrx_word' id='word_1_482' title='bbox 2150 3698 2164 3719; x_wconf 84' lang='lat'>‚</span> <span class='ocrx_word' id='word_1_483' title='bbox 2213 3662 2346 3711; x_wconf 68' lang='lat' dir='ltr'><strong>aere</strong></span> <span class='ocrx_word' id='word_1_484' title='bbox 2393 3672 2530 3725; x_wconf 89' lang='lat' dir='ltr'><strong>opus</strong></span> <span class='ocrx_word' id='word_1_485' title='bbox 2575 3670 2699 3708; x_wconf 85' lang='lat' dir='ltr'><strong>esse</strong></span> <span class='ocrx_word' id='word_1_486' title='bbox 2745 3656 2816 3711; x_wconf 88' lang='lat' dir='ltr'><strong>ad</strong></span> <span class='ocrx_word' id='word_1_487' title='bbox 2867 3653 3074 3709; x_wconf 84' lang='lat' dir='ltr'><strong>sensio-</strong></span> 
     </span>
     <span class='ocr_line' id='line_1_42' title="bbox 350 3732 3074 3809; baseline -0.004 -13"><span class='ocrx_word' id='word_1_488' title='bbox 350 3757 475 3796; x_wconf 87' lang='lat' dir='ltr'><strong>nem</strong></span> <span class='ocrx_word' id='word_1_489' title='bbox 522 3738 764 3809; x_wconf 85' lang='lat' dir='ltr'><strong>corporis</strong></span> <span class='ocrx_word' id='word_1_490' title='bbox 806 3737 1017 3793; x_wconf 88' lang='lat' dir='ltr'><strong>Solaris</strong></span> <span class='ocrx_word' id='word_1_491' title='bbox 1065 3738 1549 3807; x_wconf 86' lang='lat' dir='ltr'><strong>transportandam</strong></span> <span class='ocrx_word' id='word_1_492' title='bbox 1592 3752 1769 3807; x_wconf 84' lang='lat' dir='ltr'><strong>usque</strong></span> <span class='ocrx_word' id='word_1_493' title='bbox 1814 3738 1888 3791; x_wconf 89' lang='lat' dir='ltr'><strong>ad</strong></span> <span class='ocrx_word' id='word_1_494' title='bbox 1935 3738 2170 3801; x_wconf 89' lang='lat' dir='ltr'><strong>oculum,</strong></span> <span class='ocrx_word' id='word_1_495' title='bbox 2220 3744 2284 3791; x_wconf 92' lang='lat' dir='ltr'><strong>ut</strong></span> <span class='ocrx_word' id='word_1_496' title='bbox 2329 3737 2384 3791; x_wconf 88' lang='lat' dir='ltr'><strong>in</strong></span> <span class='ocrx_word' id='word_1_497' title='bbox 2415 3734 2626 3803; x_wconf 84' lang='lat' dir='ltr'><strong>Opticis</strong></span> <span class='ocrx_word' id='word_1_498' title='bbox 2671 3732 3074 3787; x_wconf 81' lang='lat' dir='ltr'><strong>demonstravi:</strong></span> 
     </span>
     <span class='ocr_line' id='line_1_43' title="bbox 354 3813 3077 3892; baseline -0.003 -18"><span class='ocrx_word' id='word_1_499' title='bbox 354 3820 482 3892; x_wconf 89' lang='lat' dir='ltr'><strong>quin</strong></span> <span class='ocrx_word' id='word_1_500' title='bbox 522 3818 735 3890; x_wconf 88' lang='lat' dir='ltr'><strong>potius,</strong></span> <span class='ocrx_word' id='word_1_501' title='bbox 800 3834 904 3889; x_wconf 90' lang='lat' dir='ltr'><strong>quo</strong></span> <span class='ocrx_word' id='word_1_502' title='bbox 962 3816 1139 3871; x_wconf 84' lang='lat' dir='ltr'><strong>minus</strong></span> <span class='ocrx_word' id='word_1_503' title='bbox 1183 3815 1419 3870; x_wconf 89' lang='lat' dir='ltr'><strong>occurrit</strong></span> <span class='ocrx_word' id='word_1_504' title='bbox 1476 3816 1748 3871; x_wconf 88' lang='lat' dir='ltr'><strong>materiae</strong></span> <span class='ocrx_word' id='word_1_505' title='bbox 1802 3816 1862 3869; x_wconf 89' lang='lat' dir='ltr'><strong>in</strong></span> <span class='ocrx_word' id='word_1_506' title='bbox 1901 3816 2098 3871; x_wconf 85' lang='lat' dir='ltr'><strong>itinere</strong></span> <span class='ocrx_word' id='word_1_507' title='bbox 2139 3817 2342 3881; x_wconf 87' lang='lat' dir='ltr'><strong>medio,</strong></span> <span class='ocrx_word' id='word_1_508' title='bbox 2403 3816 2510 3869; x_wconf 83' lang='lat' dir='ltr'><strong>hoc</strong></span> <span class='ocrx_word' id='word_1_509' title='bbox 2565 3813 2742 3869; x_wconf 84' lang='lat' dir='ltr'><strong>minus</strong></span> <span class='ocrx_word' id='word_1_510' title='bbox 2785 3813 3077 3883; x_wconf 87' lang='lat' dir='ltr'><strong>impeditur</strong></span> 
     </span>
     <span class='ocr_line' id='line_1_44' title="bbox 351 3892 3075 3968; baseline -0.003 -14"><span class='ocrx_word' id='word_1_511' title='bbox 351 3901 455 3955; x_wconf 80' lang='lat' dir='ltr'><strong>lux</strong></span> <span class='ocrx_word' id='word_1_512' title='bbox 493 3898 553 3955; x_wconf 86' lang='lat' dir='ltr'><strong>in</strong></span> <span class='ocrx_word' id='word_1_513' title='bbox 592 3898 923 3968; x_wconf 80' lang='lat' dir='ltr'><strong>trajectione</strong></span> <span class='ocrx_word' id='word_1_514' title='bbox 962 3912 1084 3951; x_wconf 86' lang='lat' dir='ltr'><strong>sua.</strong></span> <span class='ocrx_word' id='word_1_515' title='bbox 1167 3897 1288 3951; x_wconf 87' lang='lat' dir='ltr'><strong>Hoc</strong></span> <span class='ocrx_word' id='word_1_516' title='bbox 1330 3895 1505 3966; x_wconf 79' lang='lat' dir='ltr'><strong>igitur</strong></span> <span class='ocrx_word' id='word_1_517' title='bbox 1554 3894 1660 3949; x_wconf 88' lang='lat' dir='ltr'><strong>sibi</strong></span> <span class='ocrx_word' id='word_1_518' title='bbox 1700 3896 1898 3950; x_wconf 83' lang='lat' dir='ltr'><strong>volunt</strong></span> <span class='ocrx_word' id='word_1_519' title='bbox 1945 3895 2057 3950; x_wconf 90' lang='lat' dir='ltr'><strong>ista</strong></span> <span class='ocrx_word' id='word_1_520' title='bbox 2105 3898 2309 3951; x_wconf 76' lang='lat' dir='ltr'><strong>verba.</strong></span> <span class='ocrx_word' id='word_1_521' title='bbox 2373 3894 2516 3949; x_wconf 87' lang='lat' dir='ltr'><strong>sicut</strong></span> <span class='ocrx_word' id='word_1_522' title='bbox 2556 3910 2790 3964; x_wconf 87' lang='lat' dir='ltr'><strong>corpora</strong></span> <span class='ocrx_word' id='word_1_523' title='bbox 2829 3911 2938 3947; x_wconf 90' lang='lat' dir='ltr'><strong>non</strong></span> <span class='ocrx_word' id='word_1_524' title='bbox 2979 3892 3075 3945; x_wconf 88' lang='lat' dir='ltr'><strong>im-</strong></span> 
     </span>
     <span class='ocr_line' id='line_1_45' title="bbox 350 3971 3076 4051; baseline -0.003 -18"><span class='ocrx_word' id='word_1_525' title='bbox 350 3976 597 4051; x_wconf 86' lang='lat' dir='ltr'><strong>pediant,</strong></span> <span class='ocrx_word' id='word_1_526' title='bbox 643 3995 749 4049; x_wconf 87' lang='lat' dir='ltr'><strong>quo</strong></span> <span class='ocrx_word' id='word_1_527' title='bbox 791 3977 966 4030; x_wconf 88' lang='lat' dir='ltr'><strong>minus</strong></span> <span class='ocrx_word' id='word_1_528' title='bbox 1008 3976 1248 4029; x_wconf 83' lang='lat' dir='ltr'><strong>influxus</strong></span> <span class='ocrx_word' id='word_1_529' title='bbox 1292 3975 1563 4029; x_wconf 87' lang='lat' dir='ltr'><strong>coelestes</strong></span> <span class='ocrx_word' id='word_1_530' title='bbox 1606 3975 1662 4028; x_wconf 92' lang='lat' dir='ltr'><strong>in</strong></span> <span class='ocrx_word' id='word_1_531' title='bbox 1704 3974 1901 4029; x_wconf 87' lang='lat' dir='ltr'><strong>intima</strong></span> <span class='ocrx_word' id='word_1_532' title='bbox 1940 3983 2252 4046; x_wconf 88' lang='lat' dir='ltr'><strong>penetrent,</strong></span> <span class='ocrx_word' id='word_1_533' title='bbox 2297 3975 2375 4029; x_wconf 90' lang='lat' dir='ltr'><strong>sic</strong></span> <span class='ocrx_word' id='word_1_534' title='bbox 2403 3974 2572 4028; x_wconf 88' lang='lat' dir='ltr'><strong>etiam</strong></span> <span class='ocrx_word' id='word_1_535' title='bbox 2611 3974 2872 4028; x_wconf 88' lang='lat' dir='ltr'><strong>motorias</strong></span> <span class='ocrx_word' id='word_1_536' title='bbox 2901 3971 3076 4026; x_wconf 84' lang='lat' dir='ltr'><strong>facul-</strong></span> 
     </span>
     <span class='ocr_line' id='line_1_46' title="bbox 356 4050 3094 4129; baseline -0.003 -15"><span class='ocrx_word' id='word_1_537' title='bbox 356 4066 505 4114; x_wconf 86' lang='lat' dir='ltr'><strong>tates</strong></span> <span class='ocrx_word' id='word_1_538' title='bbox 547 4076 659 4113; x_wconf 87' lang='lat' dir='ltr'><strong>non</strong></span> <span class='ocrx_word' id='word_1_539' title='bbox 699 4055 948 4129; x_wconf 79' lang='lat' dir='ltr'><strong>indigere</strong></span> <span class='ocrx_word' id='word_1_540' title='bbox 992 4055 1313 4126; x_wconf 87' lang='lat' dir='ltr'><strong>corporibus</strong></span> <span class='ocrx_word' id='word_1_541' title='bbox 1356 4054 1631 4127; x_wconf 90' lang='lat' dir='ltr'><strong>aliquibus</strong></span> <span class='ocrx_word' id='word_1_542' title='bbox 1674 4055 2025 4119; x_wconf 87' lang='lat' dir='ltr'><strong>intermediis,</strong></span> <span class='ocrx_word' id='word_1_543' title='bbox 2072 4056 2268 4126; x_wconf 89' lang='lat' dir='ltr'><strong>quibus</strong></span> <span class='ocrx_word' id='word_1_544' title='bbox 2308 4054 2482 4109; x_wconf 76' lang='lat' dir='ltr'><strong>veluti</strong></span> <span class='ocrx_word' id='word_1_545' title='bbox 2526 4053 2740 4108; x_wconf 87' lang='lat' dir='ltr'><strong>catenis</strong></span> <span class='ocrx_word' id='word_1_546' title='bbox 2783 4060 2884 4107; x_wconf 90' lang='lat' dir='ltr'><strong>aut</strong></span> <span class='ocrx_word' id='word_1_547' title='bbox 2907 4050 3094 4105; x_wconf 65' lang='lat' dir='ltr'><strong>vecti-⁸</strong></span> 
     </span>
     <span class='ocr_line' id='line_1_47' title="bbox 354 4130 3079 4223; baseline -0.004 -30"><span class='ocrx_word' id='word_1_548' title='bbox 354 4140 459 4193; x_wconf 89' lang='lat' dir='ltr'><strong>bus</strong></span> <span class='ocrx_word' id='word_1_549' title='bbox 504 4138 774 4193; x_wconf 80' lang='lat' dir='ltr'><strong>movenda</strong></span> <span class='ocrx_word' id='word_1_550' title='bbox 811 4136 1167 4206; x_wconf 88' lang='lat' dir='ltr'><strong>planetarum</strong></span> <span class='ocrx_word' id='word_1_551' title='bbox 1210 4152 1443 4205; x_wconf 84' lang='lat' dir='ltr'><strong>corpora</strong></span> <span class='ocrx_word' id='word_1_552' title='bbox 1482 4134 1848 4205; x_wconf 84' lang='lat' dir='ltr'><strong>prehendant.</strong></span> <span class='ocrx_word' id='word_1_553' title='bbox 1931 4136 2148 4190; x_wconf 88' lang='lat' dir='ltr'><strong>Ludere</strong></span> <span class='ocrx_word' id='word_1_554' title='bbox 2189 4134 2406 4205; x_wconf 90' lang='lat' dir='ltr'><strong>placuit</strong></span> <span class='ocrx_word' id='word_1_555' title='bbox 2443 4133 2499 4188; x_wconf 88' lang='lat' dir='ltr'><strong>in</strong></span> <span class='ocrx_word' id='word_1_556' title='bbox 2546 4152 2681 4187; x_wconf 83' lang='lat' dir='ltr'><strong>voce</strong></span> <span class='ocrx_word' id='word_1_557' title='bbox 2723 4132 2867 4187; x_wconf 63' lang='lat' dir='ltr'><strong>aeris</strong></span> <span class='ocrx_word' id='word_1_558' title='bbox 2896 4130 3079 4223; x_wconf 36' lang='lat' dir='ltr'><strong>‘paulo</strong></span> 
     </span>
     <span class='ocr_line' id='line_1_48' title="bbox 357 4211 3076 4285; baseline -0.004 -13"><span class='ocrx_word' id='word_1_559' title='bbox 357 4218 641 4273; x_wconf 88' lang='lat' dir='ltr'><strong>audacius.</strong></span> <span class='ocrx_word' id='word_1_560' title='bbox 728 4216 870 4279; x_wconf 85' lang='lat' dir='ltr'><strong>Quid</strong></span> <span class='ocrx_word' id='word_1_561' title='bbox 913 4214 1059 4269; x_wconf 87' lang='lat' dir='ltr'><strong>orbis</strong></span> <span class='ocrx_word' id='word_1_562' title='bbox 1100 4216 1195 4269; x_wconf 77' lang='lat' dir='ltr'><strong>vel</strong></span> <span class='ocrx_word' id='word_1_563' title='bbox 1239 4215 1491 4269; x_wconf 78' lang='lat' dir='ltr'><strong>coelum?</strong></span> <span class='ocrx_word' id='word_1_564' title='bbox 1574 4214 1715 4277; x_wconf 84' lang='lat' dir='ltr'><strong>Quid</strong></span> <span class='ocrx_word' id='word_1_565' title='bbox 1756 4214 1861 4268; x_wconf 90' lang='lat' dir='ltr'><strong>nisi</strong></span> <span class='ocrx_word' id='word_1_566' title='bbox 1905 4220 2044 4269; x_wconf 65' lang='lat' dir='ltr'><strong>aer?</strong></span> <span class='ocrx_word' id='word_1_567' title='bbox 2125 4216 2202 4269; x_wconf 83' lang='lat' dir='ltr'><strong>Et</strong></span> <span class='ocrx_word' id='word_1_568' title='bbox 2246 4215 2372 4285; x_wconf 92' lang='lat' dir='ltr'><strong>quid</strong></span> <span class='ocrx_word' id='word_1_569' title='bbox 2416 4218 2551 4268; x_wconf 69' lang='lat' dir='ltr'><strong>aer?</strong></span> <span class='ocrx_word' id='word_1_570' title='bbox 2624 4212 2765 4276; x_wconf 85' lang='lat' dir='ltr'><strong>Quid</strong></span> <span class='ocrx_word' id='word_1_571' title='bbox 2805 4211 2910 4265; x_wconf 89' lang='lat' dir='ltr'><strong>nisi</strong></span> <span class='ocrx_word' id='word_1_572' title='bbox 2951 4226 3076 4279; x_wconf 89' lang='lat' dir='ltr'><strong>spe-</strong></span> 
     </span>
     <span class='ocr_line' id='line_1_49' title="bbox 354 4288 3078 4366; baseline -0.004 -13"><span class='ocrx_word' id='word_1_573' title='bbox 354 4298 465 4353; x_wconf 82' lang='lat' dir='ltr'><strong>eies</strong></span> <span class='ocrx_word' id='word_1_574' title='bbox 526 4296 901 4355; x_wconf 86' lang='lat' dir='ltr'><strong>immateriata</strong></span> <span class='ocrx_word' id='word_1_575' title='bbox 956 4294 1231 4365; x_wconf 85' lang='lat' dir='ltr'><strong>corporis,</strong></span> <span class='ocrx_word' id='word_1_576' title='bbox 1295 4297 1439 4366; x_wconf 89' lang='lat' dir='ltr'><strong>quod</strong></span> <span class='ocrx_word' id='word_1_577' title='bbox 1488 4300 1695 4349; x_wconf 82' lang='lat' dir='ltr'><strong>motum</strong></span> <span class='ocrx_word' id='word_1_578' title='bbox 1758 4295 1815 4364; x_wconf 89' lang='lat' dir='ltr'><strong>pl</strong></span> <span class='ocrx_word' id='word_1_579' title='bbox 1824 4294 2003 4349; x_wconf 78' lang='lat' dir='ltr'><strong>anetis</strong></span> <span class='ocrx_word' id='word_1_580' title='bbox 2045 4294 2244 4358; x_wconf 87' lang='lat' dir='ltr'><strong>infert,</strong></span> <span class='ocrx_word' id='word_1_581' title='bbox 2304 4294 2360 4349; x_wconf 89' lang='lat' dir='ltr'><strong>in</strong></span> <span class='ocrx_word' id='word_1_582' title='bbox 2414 4294 2714 4364; x_wconf 75' lang='lat' dir='ltr'><strong>gyratione</strong></span> <span class='ocrx_word' id='word_1_583' title='bbox 2763 4288 3078 4345; x_wconf 70' lang='lat' dir='ltr'><strong>versantis?</strong></span> 
     </span>
     <span class='ocr_line' id='line_1_50' title="bbox 354 4372 3078 4449; baseline -0.005 -17"><span class='ocrx_word' id='word_1_584' title='bbox 354 4378 529 4449; x_wconf 85' lang='lat' dir='ltr'><strong>Atqui</strong></span> <span class='ocrx_word' id='word_1_585' title='bbox 568 4378 814 4448; x_wconf 87' lang='lat' dir='ltr'><strong>seposito</strong></span> <span class='ocrx_word' id='word_1_586' title='bbox 864 4376 993 4429; x_wconf 82' lang='lat' dir='ltr'><strong>lusu</strong></span> <span class='ocrx_word' id='word_1_587' title='bbox 1040 4378 1403 4429; x_wconf 85' lang='lat' dir='ltr'><strong>concedamus</strong></span> <span class='ocrx_word' id='word_1_588' title='bbox 1458 4380 1643 4429; x_wconf 68' lang='lat' dir='ltr'><strong>aerem</strong></span> <span class='ocrx_word' id='word_1_589' title='bbox 1692 4378 1940 4428; x_wconf 84' lang='lat' dir='ltr'><strong>nostrum</strong></span> <span class='ocrx_word' id='word_1_590' title='bbox 1981 4390 2106 4428; x_wconf 85' lang='lat' dir='ltr'><strong>esse</strong></span> <span class='ocrx_word' id='word_1_591' title='bbox 2147 4390 2345 4443; x_wconf 88' lang='lat' dir='ltr'><strong>corpus</strong></span> <span class='ocrx_word' id='word_1_592' title='bbox 2387 4372 2765 4434; x_wconf 85' lang='lat' dir='ltr'><strong>materiatum,</strong></span> <span class='ocrx_word' id='word_1_593' title='bbox 2827 4383 3078 4439; x_wconf 81' lang='lat' dir='ltr'><strong>permea-</strong></span> 
     </span>
     <span class='ocr_line' id='line_1_51' title="bbox 360 4448 3078 4527; baseline -0.004 -16"><span class='ocrx_word' id='word_1_594' title='bbox 360 4458 471 4513; x_wconf 88' lang='lat' dir='ltr'><strong>bile</strong></span> <span class='ocrx_word' id='word_1_595' title='bbox 514 4473 552 4512; x_wconf 88' lang='lat' dir='ltr'><strong>a</strong></span> <span class='ocrx_word' id='word_1_596' title='bbox 590 4455 958 4514; x_wconf 75' lang='lat' dir='ltr'><strong>facultatibus</strong></span> <span class='ocrx_word' id='word_1_597' title='bbox 998 4454 1357 4527; x_wconf 80' lang='lat' dir='ltr'><strong>magneticis,</strong></span> <span class='ocrx_word' id='word_1_598' title='bbox 1418 4452 1689 4517; x_wconf 83' lang='lat' dir='ltr'><strong>meteriis,</strong></span> <span class='ocrx_word' id='word_1_599' title='bbox 1752 4453 2154 4517; x_wconf 81' lang='lat' dir='ltr'><strong>calefactoriis.</strong></span> <span class='ocrx_word' id='word_1_600' title='bbox 2217 4451 2624 4507; x_wconf 83' lang='lat' dir='ltr'><strong>illuminatoriis</strong></span> <span class='ocrx_word' id='word_1_601' title='bbox 2682 4456 2742 4503; x_wconf 89' lang='lat' dir='ltr'><strong>et</strong></span> <span class='ocrx_word' id='word_1_602' title='bbox 2780 4448 3078 4503; x_wconf 88' lang='lat' dir='ltr'><strong>similibus.</strong></span> 
     </span>
     <span class='ocr_line' id='line_1_52' title="bbox 358 4526 3082 4609; baseline -0.005 -16"><span class='ocrx_word' id='word_1_603' title='bbox 358 4546 423 4593; x_wconf 88' lang='lat' dir='ltr'><strong>ut</strong></span> <span class='ocrx_word' id='word_1_604' title='bbox 462 4538 539 4593; x_wconf 89' lang='lat' dir='ltr'><strong>sit</strong></span> <span class='ocrx_word' id='word_1_605' title='bbox 576 4553 755 4609; x_wconf 78' lang='lat' dir='ltr'><strong>vapor</strong></span> <span class='ocrx_word' id='word_1_606' title='bbox 814 4555 927 4592; x_wconf 87' lang='lat' dir='ltr'><strong>non</strong></span> <span class='ocrx_word' id='word_1_607' title='bbox 985 4542 1105 4591; x_wconf 88' lang='lat' dir='ltr'><strong>toto</strong></span> <span class='ocrx_word' id='word_1_608' title='bbox 1164 4551 1375 4606; x_wconf 79' lang='lat' dir='ltr'><strong>genere</strong></span> <span class='ocrx_word' id='word_1_609' title='bbox 1415 4534 1689 4589; x_wconf 82' lang='lat' dir='ltr'><strong>diversum</strong></span> <span class='ocrx_word' id='word_1_610' title='bbox 1746 4534 1824 4587; x_wconf 88' lang='lat' dir='ltr'><strong>ab</strong></span> <span class='ocrx_word' id='word_1_611' title='bbox 1865 4538 2024 4597; x_wconf 70' lang='lat' dir='ltr'><strong>aere,</strong></span> <span class='ocrx_word' id='word_1_612' title='bbox 2087 4536 2183 4589; x_wconf 86' lang='lat' dir='ltr'><strong>sed</strong></span> <span class='ocrx_word' id='word_1_613' title='bbox 2225 4534 2426 4587; x_wconf 86' lang='lat' dir='ltr'><strong>saltem</strong></span> <span class='ocrx_word' id='word_1_614' title='bbox 2484 4532 2770 4601; x_wconf 74' lang='lat' dir='ltr'><strong>gradubus</strong></span> <span class='ocrx_word' id='word_1_615' title='bbox 2811 4526 3082 4583; x_wconf 79' lang='lat' dir='ltr'><strong>crassitiei</strong></span> 
     </span>
     <span class='ocr_line' id='line_1_53' title="bbox 358 4614 1571 4695; baseline -0.006 -21"><span class='ocrx_word' id='word_1_616' title='bbox 358 4616 647 4675; x_wconf 84' lang='lat' dir='ltr'><strong>distinctus</strong></span> <span class='ocrx_word' id='word_1_617' title='bbox 692 4634 729 4673; x_wconf 93' lang='lat' dir='ltr'><strong>a</strong></span> <span class='ocrx_word' id='word_1_618' title='bbox 769 4616 1107 4671; x_wconf 80' lang='lat' dir='ltr'><strong>circumfusis</strong></span> <span class='ocrx_word' id='word_1_619' title='bbox 1152 4614 1300 4695; x_wconf 66' lang='lat' dir='ltr'><strong>aeris</strong></span> <span class='ocrx_word' id='word_1_620' title='bbox 1340 4614 1571 4685; x_wconf 88' lang='lat' dir='ltr'><strong>campis.</strong></span> 
     </span>
    </p>
   </div>
   <div class='ocr_carea' id='block_1_7' title="bbox 472 4995 2652 5053">
    <p class='ocr_par' dir='ltr' id='par_1_10' title="bbox 472 4995 2652 5053">
     <span class='ocr_line' id='line_1_54' title="bbox 472 4995 2652 5053; baseline 0.004 -12"><span class='ocrx_word' id='word_1_621' title='bbox 472 4998 653 5051; x_wconf 71' lang='grc' dir='ltr'>ιηιοιι</span> <span class='ocrx_word' id='word_1_622' title='bbox 684 5000 826 5053; x_wconf 68' lang='lat' dir='ltr'><strong>epm</strong></span> <span class='ocrx_word' id='word_1_623' title='bbox 850 5000 887 5043; x_wconf 88' lang='grc' dir='ltr'><strong>ι.</strong></span> <span class='ocrx_word' id='word_1_624' title='bbox 2589 4995 2652 5051; x_wconf 76' lang='lat'><strong>11</strong></span> 
     </span>
    </p>
   </div>
  </div>
 </body>
</html>
