3634 5575
595 350 719 420 140
1612 349 1841 415 Mynterii
1879 348 2280 416 Cosmographicl

585 513 745 578 inter
794 533 859 576 se
910 519 973 576 et
1020 531 1151 576 cum
1197 512 1435 592 integra
1480 517 1830 573 consonent.
1861 507 1920 584 ¹²)
2011 509 2198 572 Porro
2249 513 2534 589 quotnam
2588 505 2912 570 illiusmodi
2971 525 3154 569 voces
3201 525 3319 568 oc-

587 609 847 678 currant,
900 622 1078 664 aures
1126 601 1415 664 indicant.
1507 599 1641 680 Ego
1689 601 2000 661 schemate
2049 605 2113 660 et
2158 598 2416 660 numeris
2467 595 2678 657 dicam.

771 1001 932 1063 Vide
980 1021 1135 1062 nunc
1186 1009 1249 1061 et
1294 1001 1459 1080 ipsas
1505 999 1871 1072 harmoniaS,
1920 1007 1982 1061 et
2028 999 2229 1060 fidium
2273 997 2690 1078 proportiones
2738 997 2796 1058 in
2848 996 3144 1058 numeris:
3209 997 3314 1060 ubi

586 1097 736 1152 nota
778 1090 905 1152 ima
952 1089 1255 1170 siguificat
1308 1107 1517 1151 vocem
1572 1087 1846 1167 integrae
1903 1088 2072 1163 fidis,
2140 1106 2420 1168 suprema
2479 1104 2687 1147 vocem
2741 1085 2931 1164 partis
2991 1084 3312 1161 brevioris,

584 1179 782 1240 media
825 1196 1035 1240 vocem
1090 1179 1283 1258 partis
1340 1177 1664 1258 longioris;
1732 1196 2010 1240 numerus
2059 1175 2235 1238 imus
2293 1175 2520 1238 indicat
2576 1175 2635 1236 in
2695 1183 2842 1254 quot
2896 1183 3101 1254 partes
3158 1175 3316 1236 fides

582 1266 905 1328 dividenda
952 1266 1073 1341 sit;
1122 1266 1361 1346 reliqui,
1413 1266 1818 1344 longitudines
1865 1265 2147 1347 partium.

2599 1381 2797 1497 ι
2919 1375 3170 1502 22·—

2491 1531 2504 1538 -
2597 1533 2615 1542 ,
2851 1521 2882 1569 2
2947 1535 2954 1631 Ι

2379 1615 2382 1620 ¹
2483 1675 2501 1681 ·
2594 1543 2880 1719 :tf—3
2917 1509 2987 1787 ἑ
3189 1629 3286 1678 ¹·¹

2491 1721 2509 1752 ι
2601 1759 2732 1811 -Θ
2849 1771 2880 1823 5
2955 1754 3217 1812 -Θ--ἳ

1060 1380 1083 1430 ¹
1152 1379 1181 1454 -ζ

754 1843 959 1923 Atque
1010 1843 1123 1904 hae
1168 1844 1338 1905 solae
1386 1863 1565 1906 voces
1613 1844 1756 1906 mihi
1806 1845 2118 1907 naturales
2158 1843 2458 1917 videntur,
2506 1852 2829 1926 propterea
2875 1843 3032 1924 quod
3080 1843 3316 1905 habent

578 1930 981 1994 indubitatum
1029 1951 1355 1994 numerum.
1388 1931 1433 2007 ¹)
1526 1931 1783 1995 Ceterae
1843 1953 2024 1995 voces
2086 1952 2200 1994 non
2257 1940 2515 2012 possunt
2575 1942 2745 1996 certa
2790 1933 3181 2012 proportione
3229 1933 3310 1993 ad

566 2021 695 2099 jam
723 2017 957 2099 positas
990 2021 1262 2100 exprimi.
1291 2016 1379 2096 ⁸⁰)
1455 2021 1611 2082 Nam
1642 2041 1851 2082 vocem
1883 2023 1936 2084 F
1973 2023 2033 2082 fa
2071 2030 2155 2095 ut,
2207 2021 2386 2082 aliam
2437 2041 2511 2083 ex
2541 2020 2591 2086 C
2641 2023 2730 2084 sol
2782 2024 2844 2084 fa
2890 2031 2974 2096 ut,
3026 2022 3309 2100 desuper,

576 2109 757 2170 aliam
805 2127 881 2170 ex
924 2107 977 2170 B
1025 2110 1107 2171 mi
1152 2112 1318 2173 molli
1365 2109 1612 2173 inferius
1662 2109 1895 2186 elicies„
1923 2109 1983 2184 k)
2052 2117 2350 2192 utcunque
2407 2112 2520 2173 hae
2579 2112 2732 2173 duae
2769 2112 3080 2191 perfectae
3125 2109 3310 2191 quin-

576 2206 674 2260 tae
724 2217 860 2260 esse
907 2193 1353 2274 videantur.⁸¹)
1431 2197 1554 2260 Sed
1602 2199 1680 2261 ad
1726 2219 1872 2262 rem.
1965 2199 2172 2262 Prima
2221 2207 2282 2261 et
2331 2201 2594 2262 secunda
2641 2197 2962 2263 concordia
3009 2200 3309 2280 quodam-

574 2287 748 2349 modo
797 2287 998 2349 sociae
1046 2295 1221 2362 sunt;
1269 2289 1357 2350 sio
1406 2289 1593 2350 etiam
1642 2288 1853 2370 quinta
1882 2297 1944 2350 et
1973 2297 2169 2350 sexta.
2249 2285 2401 2351 Oum
2449 2289 2605 2350 enim
2653 2289 3044 2370 imperfectae
3095 2307 3310 2350 omnes

574 2373 808 2451 sint¹)·
858 2375 1034 2438 binae
1083 2395 1350 2456 semper,
1402 2398 1519 2439 nna
1567 2377 1745 2451 dura,
1794 2373 1992 2440 altera
2039 2378 2268 2451 molliS‚
2317 2379 2694 2458 conspirant,
2742 2385 2813 2440 ut
2858 2377 3111 2457 singulis
3159 2395 3309 2458 per-

575 2463 752 2527 fectis
784 2465 1219 2544 quodammodo
1252 2465 1733 2547 aequiparentur.
1805 2467 1937 2528 Nec
1987 2467 2309 2528 admodum
2355 2467 2630 2528 diversas
2678 2465 3005 2529 divisiones
3053 2466 3302 2528 habent.

570 2555 731 2615 Nam
791 2547 854 2634 Ἰθ
913 2561 976 2615 et
1038 2547 1097 2637 Ἰ,
1156 2574 1291 2616 sese
1339 2554 1569 2618 habent
1616 2555 1691 2617 ad
1741 2556 2030 2630 invicem,
2090 2563 2160 2616 ut
2215 2549 2318 2640 ‘sao
2375 2564 2439 2617 et
2495 2550 2636 2636 'ssu’
2702 2573 2852 2636 quae
2899 2561 3134 2616 tantum
3181 2575 3310 2615 una

572 2643 887 2721 trigesima
935 2641 1236 2706 differunt.
1333 2642 1436 2705 Sic
1498 2638 1563 2726 ³l0
1620 2653 1682 2706 et
1742 2637 1807 2725 Ἰ,
1867 2663 1932 2705 se
1979 2644 2207 2706 habent
2253 2645 2330 2704 ad
2376 2643 2652 2720 invicem,
2703 2653 2772 2706 ut
2830 2639 2962 2722 ¹⁶!⁴⁰
3019 2652 3083 2704 et
3133 2637 3302 2750 ¹⁶j,9,

574 2731 855 2796 differunt
930 2730 1114 2811 igitur
1177 2740 1413 2795 tantum
1480 2752 1598 2795 una
1665 2733 2129 2813 quadragesima
2201 2734 2519 2814 particula.
2633 2735 2838 2814 Atque
2903 2733 2993 2796 ita
3058 2686 3301 2815 proprie

574 2821 887 2900 loquendo,
938 2827 1174 2883 tantum
1226 2822 1483 2905 quinque
1521 2822 1583 2883 in
1612 2822 1844 2885 musica
1883 2822 2174 2885 habemus
2223 2824 2593 2899 concordiem,
2645 2824 2720 2883 ad
2771 2842 3076 2884 numerum
3122 2822 3301 2903 quin-

571 2928 703 2990 que
735 2927 1070 2987 corporum.
1167 2908 1345 2982 Quod
1392 2912 1443 2975 si
1493 2909 2135 2992 septemdivisionum
2185 2911 2240 2973 in
2291 2906 2360 2986 6,
2411 2909 2471 2985 5,
2521 2908 2592 2987 4,
2643 2909 2710 2985 3,
2763 2908 2832 2986 8,
2884 2910 2952 2985 5,
3005 2910 3077 2987 2,
3129 2930 3302 2973 com-

569 3016 805 3058 munem
852 2996 1156 3059 minimum
1206 2998 1510 3062 dividuum
1558 3020 1835 3081 quaeraS,
1887 3020 2119 3063 rursum
2163 3000 2434 3063 invenies
2490 2998 2630 3075 120,
2679 3006 2748 3061 ιιι
2795 3018 2993 3080 supra,
3042 3020 3176 3063 cum
3226 3002 3304 3061 de

569 3085 862 3149 divisione
908 3086 1139 3149 zodiaci
1190 3092 1611 3168 ageremuS,¹¹²)
1658 3091 2062 3170 perfectarum
2110 3109 2252 3151 vero
2301 3090 2754 3151 concordiarum
2785 3089 3090 3151 minimum
3137 3089 3300 3151 divi-

568 3173 748 3237 duum
794 3192 1029 3236 rursum
1084 3174 1195 3239 12:
1248 3178 1425 3257 plane
1476 3178 1644 3260 quasi
1693 3179 2002 3257 perfectae
2051 3178 2410 3241 concordiae
2459 3200 2496 3240 a
2543 3180 2837 3259 quadrato
2887 3186 2951 3239 et
2995 3177 3302 3258 triangulo

568 3262 721 3337 cubi,
773 3262 1066 3327 tetraedri
1115 3272 1179 3327 et
1224 3268 1522 3339 octaedri,·
1563 3266 1954 3349 imperfectae
2005 3286 2147 3329 vero
2197 3290 2233 3329 a
2281 3268 2614 3348 decangulo
2665 3268 3020 3347 reliquorum
3051 3269 3304 3329 duorum

571 3370 883 3433 corporum
930 3355 1332 3433 provenirent.
1366 3358 1423 3430 ³¹)
1518 3356 1719 3435 Atque
1766 3358 1918 3420 haec
1978 3357 2246 3419 secunda
2303 3363 2401 3417 est
2457 3375 2770 3435 corporum
2826 3357 3107 3435 cognatio
3165 3376 3302 3418 cum

570 3440 903 3503 concordiis
952 3442 1214 3505 musicis
1310 3442 1433 3506 Sed
1485 3443 1625 3526 quia
1672 3465 1890 3507 causas
1946 3445 2123 3524 hujus
2182 3446 2562 3524 cognationis
2617 3446 2994 3525 ignoramuS,
3056 3445 3300 3508 difficile

570 3536 667 3591 est
712 3532 1165 3594 accommodare
1213 3532 1483 3613 singulas
1532 3532 1875 3594 harmonias
1925 3534 2176 3611 singulis
2227 3534 2596 3613 corporibus,
2627 3536 2682 3607 ⁰)

749 3619 1044 3682 Videmus
1094 3620 1331 3701 quidem
1381 3622 1529 3683 duos
1591 3622 2034 3684 harmoniarum
2100 3623 2376 3698 ordineS,
2447 3630 2573 3684 tres
2631 3622 2936 3701 simplices
2993 3623 3300 3701 perfectas

566 3714 631 3769 et
676 3708 825 3769 duas
875 3709 1142 3788 duplices
1191 3710 1623 3790 imperfectas:
1684 3710 1840 3773 sicut
1886 3712 2007 3773 tria
2051 3710 2338 3791 primaria
2390 3730 2674 3791 corpora,
2738 3712 2851 3772 duo
2901 3712 3296 3775 secundaria:

566 3816 770 3857 verum
819 3815 953 3859 cum
999 3798 1232 3878 reliqua
1278 3819 1393 3861 non
1456 3801 1844 3869 conveniant,
1911 3800 2246 3863 deserenda
2303 3809 2397 3862 est
2452 3801 2604 3862 haec
2669 3798 3010 3862 conciliatio
3062 3809 3124 3864 et
3173 3802 3299 3863 alia

566 3886 877 3947 tentanda.
909 3888 965 3959 Ρ)
1060 3887 1295 3969 Nempe
1343 3888 1500 3951 sicut
1548 3889 1968 3951 dodecaedron
2025 3897 2090 3951 et
2145 3890 2499 3951 icosaedron
2560 3908 2668 3951 sno
2729 3890 3064 3967 decaogulo
3115 3908 3300 3968 supra

568 3983 863 4036 auxerunt
910 3975 1339 4040 duodenarium
1386 3996 1570 4059 usqne
1619 3979 1697 4039 ad
1753 3976 1906 4053 120,
1973 3977 2061 4040 ita
2118 3978 2212 4041 hic
2270 3978 2662 4057 imperfectae
2727 3978 3075 4040 harmoniae
3133 3978 3296 4039 idem

570 4063 819 4126 faciunt.

743 4152 939 4213 Erunt
997 4152 1181 4231 igitur
1235 4155 1313 4216 ad
1368 4153 1619 4229 cubum,
1688 4156 2004 4237 pyramida
2063 4163 2128 4216 et
2184 4156 2508 4217 octaedron
2560 4154 3103 4217 accommodandae
3149 4174 3295 4233 per-

568 4242 766 4304 fectae
812 4241 1191 4317 harmoniae,
1251 4244 1329 4305 ad
1387 4244 1804 4305 dodecaedron
1855 4253 1919 4305 et
1966 4244 2324 4306 icosaedron
2374 4244 2780 4324 imperfectae.
2877 4242 3011 4314 Quo
3060 4244 3300 4305 accedit

566 4339 629 4391 et
675 4330 819 4394 illud
866 4340 1047 4410 atque
1096 4331 1295 4394 hercle
1342 4332 1601 4395 indicem
1649 4333 1903 4411 digitum
1953 4334 2027 4393 ad
2069 4352 2316 4395 causam
2355 4332 2571 4395 harum
2602 4352 2797 4394 rerum
2829 4332 3297 4395 occultissimam

564 4416 849 4493 intendit,
883 4424 940 4493 q)
1003 4420 1159 4501 quod
1220 4420 1489 4500 proximo
1550 4422 1747 4502 capite
1804 4420 2193 4484 habebimus.
2263 4422 2410 4484 duos
2470 4442 2678 4503 nempe
2743 4442 2877 4483 esse
2926 4422 3298 4499 geometriae

566 4508 902 4583 thesauros,
946 4528 1163 4570 unum:
1214 4509 1582 4571 subtensae
1567 4531 1626 4573 ιιι
1658 4510 2013 4589 rectangulo
2044 4510 2338 4573 rationem
2370 4512 2446 4572 ad
2475 4512 2688 4584 later-2
2739 4492 3026 4571 alterum.
3078 4508 3298 4572 lineam

567 4603 839 4659 extrema
886 4603 948 4659 et
976 4598 1174 4660 media
1213 4599 1447 4660 ratione
1479 4607 1726 4673 sectam,
1760 4603 1810 4675 )
1861 4618 2106 4679 quorum
2155 4620 2228 4661 ex
2277 4600 2379 4662 illo
2429 4601 2581 4669 cubi,
2629 4598 2958 4681 pyramidis
3009 4607 3071 4659 et
3116 4608 3296 4661 octa-

556 4684 699 4747 'edri
762 4688 1130 4749 constructio
1196 4687 1365 4761 fluit,
1445 4706 1520 4748 ex
1586 4689 1697 4749 hoc
1762 4706 1907 4749 vero
1983 4688 2350 4751 constructio
2420 4689 2779 4751 ἀοάεοαὲᾶιί
2849 4696 2912 4748 et
2978 4686 3296 4750 icosaedri.

568 4773 743 4837 Unde
791 4782 919 4836 tam
968 4774 1167 4838 facilis
1216 4785 1279 4839 et
1325 4776 1619 4855 regularis
1668 4785 1766 4838 est
1811 4776 2125 4857 inscriptio
2173 4776 2500 4859 pyramidis
2539 4779 2599 4840 in
2633 4776 2864 4851 cubum,
2917 4776 3190 4838 octaedri
3241 4778 3298 4838 in

572 4870 927 4943 utrumqne,
994 4861 1151 4928 sicut
1206 4864 1568 4929 dodecaedri
1625 4864 2118 4941 inicosaedron.
2215 4866 2300 4931 Ut
2356 4874 2560 4929 autem
2616 4866 2888 4948 singulae
2947 4865 3320 4928 harmoniae*
