3634 5575
1545 381 1711 448 cnr-e
1742 381 1936 435 xvm.
2979 381 3102 452 165

386 545 473 607 sit
506 541 667 606 inter
702 561 911 606 verum
952 543 1151 606 locum
1196 552 1264 607 et
1306 542 1465 606 inter
1508 561 1662 618 enm,
1713 563 1888 624 quem
1934 543 2204 607 calculus
2247 543 2498 618 indicat,
2542 544 2900 624 differentia,
2949 565 3104 629 quae

386 633 685 696 interdum
730 632 793 694 in
843 631 1194 714 quibusdam
1242 633 1319 694 ad
1366 630 1409 694 2
1454 633 1822 712 integrorum
1869 632 2161 712 graduum
2215 632 2652 714 longitudinem
2697 637 3015 700 excrescit.
3045 635 3104 712 ι’)

384 720 563 793 Quod
609 739 745 784 cum
790 721 878 782 ita
928 721 1037 794 sit,
1088 721 1335 802 expedit
1381 721 1523 782 mihi
1568 721 1834 783 nonnihil
1885 743 1922 782 a
1969 721 2288 801 Copernici
2333 722 2596 784 numeris
2643 723 2990 788 discedere:
3039 733 3106 788 et

375 811 507 892 jam
552 827 733 888 porro
780 809 1155 889 diligentium
1203 810 1658 872 observatorum
1693 809 1922 890 judicio
1967 809 2341 891 relinquitur,
2387 811 2506 874 utri
2549 831 2722 874 arcus
2752 831 2886 875 cum
2931 814 3100 876 coelo

381 899 629 980 propius
672 898 1061 973 conveniant,
1111 898 1225 960 mei
1272 919 1347 960 an
1398 897 1819 979 Copernicani.

559 988 839 1050 Alterum
878 993 1316 1067 argumentum,
1365 1005 1481 1068 quo
1519 987 1894 1050 differentiae
1932 987 2108 1066 hujus
2155 987 2395 1067 culpam
2438 988 2498 1050 in
2547 989 2716 1068 ipsas
2743 989 3102 1054 Prutenicas

384 1077 709 1150 transfero,
754 1075 1049 1156 praebent
1094 1075 1237 1138 mibi
1286 1085 1603 1157 suspectae
1648 1077 2028 1155 planetarum
2058 1077 2587 1140 eccentricitates:
2638 1079 2792 1158 quod
2843 1097 2912 1139 eo
2959 1085 3100 1144 ten-

386 1166 516 1237 dit,
580 1173 649 1226 nt
701 1164 973 1245 quamvis
1028 1183 1138 1227 nec
1184 1165 1298 1226 mei
1348 1185 1523 1228 arcus
1578 1164 1819 1226 omnino
1882 1164 2140 1246 perfecti
2187 1173 2252 1227 et
2297 1165 2448 1228 certi
2494 1166 2617 1228 sint
2663 1166 2873 1239 (sicuti
2921 1167 3102 1231 fateri

384 1255 599 1334 cogor)
642 1262 847 1316 tamen
895 1253 1105 1316 vitium
1152 1273 1229 1315 ex
1274 1253 1631 1333 contagione
1678 1253 2198 1316 eccentricitatum
2235 1254 2666 1318 contraxerint.
2733 1253 2802 1317 Si
2849 1273 3103 1335 corpora

384 1361 565 1422 super
618 1341 851 1404 mediae
916 1343 1295 1422 planetarum
1352 1343 1681 1406 distantiae
1738 1342 2086 1422 superficies
2147 1343 2495 1421 sphaericae
2561 1351 2964 1418 struerentur,
3033 1351 3103 1408 ut

384 1433 596 1494 eadem
642 1429 989 1510 superficies
1037 1430 1473 1511 circumscripti
1510 1431 1780 1510 corporis
1823 1436 2036 1492 centra
2083 1438 2144 1492 et
2179 1429 2452 1512 inscripti
2491 1432 2744 1512 angulos
2781 1439 3097 1512 tangeret:

384 1528 513 1583 tum
558 1519 703 1581 nibil
750 1519 897 1581 mihi
943 1519 1025 1581 rei
1072 1528 1241 1581 esset
1284 1538 1419 1582 cum
1465 1519 1695 1581 orbium
1740 1519 2018 1581 crassitie
2037 1565 2054 1593 ,
2119 1537 2296 1599 quam
2349 1521 2658 1601 requirunt
2700 1521 2836 1581 viae
2884 1521 3100 1599 plane·-

384 1617 582 1672 tarum
626 1607 1013 1671 eccentricae.
1108 1606 1259 1670 Cum
1306 1615 1511 1671 autem
1556 1607 1704 1670 illud
1748 1608 1879 1668 fieri
1899 1613 1906 1620 ”
1926 1625 2042 1668 non
2086 1607 2354 1686 potuerit
2383 1611 2455 1684 ο),
2507 1615 2571 1670 et
2615 1607 2878 1670 nondum
2923 1609 3100 1671 simi-

384 1697 527 1760 liter
570 1715 759 1759 causa
802 1695 1349 1772 eccentricitatum,
1400 1704 1465 1758 ut
1510 1704 1575 1757 et
1620 1691 2120 1768 differentiarum,
2167 1697 2488 1775 explorata
2532 1696 2643 1770 sit,
2691 1696 2958 1775 oportuit
3003 1715 3100 1758 me

384 1785 617 1848 orbium
670 1783 1093 1865 spissitudines
1140 1806 1179 1847 a
1224 1783 1561 1865 Gopernico
1609 1791 1901 1865 tanquam
1945 1791 2149 1846 certas
2195 1785 2482 1847 mutuari:
2531 1803 2683 1864 quas
2731 1793 2936 1846 tamen
2981 1803 3101 1846 non

384 1873 761 1937 certissimas
806 1893 943 1936 esse
986 1872 1048 1935 in
1096 1874 1375 1936 confesso
1420 1881 1537 1935 est.
1630 1871 1927 1944 Quamvis
1975 1871 2133 1934 enim
2189 1874 2382 1936 omnis
2438 1873 2788 1936 coelestium
2835 1879 3101 1936 motuum

383 1961 641 2026 biston'a
684 1962 911 2025 lubrico
958 1969 1059 2025 est
1102 1962 1289 2037 aditu,
1336 1981 1445 2042 per
1490 1961 1801 2025 diuturnas
1839 1971 1906 2023 et
1939 1961 2218 2024 difficiles
2255 1961 2730 2034 observationes,
2775 1960 3100 2044 praecipue

384 2060 591 2114 tamen
638 2051 753 2113 boc
798 2051 857 2112 in
918 2050 1357 2114 constituendis
1412 2047 1966 2113 eccentricitatibus
2021 2057 2084 2112 et
2138 2049 2288 2112 locis
2343 2067 2744 2130 apogaeorum
2801 2055 3096 2130 apparet:

383 2139 623 2203 Solaris
670 2140 798 2212 (vel
845 2139 1210 2213 Terrestris)
1258 2139 1681 2204 eccentricitas
1718 2139 1978 2202 omnium
2015 2139 2348 2201 rectissime
2379 2139 2600 2201 habere
2629 2138 2912 2212 debebat,
2959 2156 3100 2200 nam

382 2236 451 2291 et
486 2227 853 2290 vicinissima
880 2228 1195 2290 stellarum
1224 2236 1321 2290 est
1349 2227 1557 2290 Tellus
1602 2227 1777 2290 nobis
1821 2227 2054 2296 incolis,
2103 2235 2166 2289 et
2207 2226 2590 2307 paucioribus
2635 2245 2814 2307 quam
2859 2233 3098 2288 ceterae

384 2317 649 2379 motibus
694 2316 953 2380 vehitur.
984 2315 1039 2390 ιι)
1132 2317 1203 2378 In
1250 2317 1469 2379 mundo
1512 2335 1657 2380 vero
1700 2335 1809 2396 per
1853 2317 2178 2394 interjecta
2232 2335 2488 2396 corpora
2542 2315 2858 2388 struendo,
2917 2332 3100 2392 snpra

384 2425 519 2486 cap.
568 2401 667 2468 15.
716 2401 991 2480 vidimus,
1030 2413 1327 2486 ‘qnantum
1376 2407 1595 2468 afferat
1638 2414 2006 2467 momentum
2051 2404 2129 2465 ad
2176 2423 2386 2466 omnes
2433 2405 2726 2483 sphaeras
2775 2403 3099 2466 arctandas

385 2502 493 2556 aut
536 2495 833 2556 laxandas
881 2495 1069 2557 solius
1114 2493 1392 2573 ἐρανισκο
1420 2493 1681 2556 Lu'uaris
1710 2493 2012 2574 appositio
2041 2491 2138 2554 vel
2175 2493 2454 2566 exemtio‚
2507 2493 2606 2573 qui
2651 2493 2832 2554 valde
2881 2490 3102 2570 exigua

385 2582 763 2665 portiuncula
808 2582 1143 2646 Terrestris
1188 2582 1351 2644 orbis
1408 2581 1749 2644 crassitiem
1794 2581 2054 2645 excedit.
2145 2581 2262 2644 Hic
2325 2581 2510 2660 igitur
2573 2582 2733 2644 orbis
2753 2629 2770 2656 ‚
2801 2582 2858 2654 ⁸)
2924 2597 3100 2658 quem

384 2671 723 2734 certissime
760 2671 1091 2734 dimensum
1134 2671 1353 2733 babere
1394 2670 1716 2752 oportebat
1762 2679 1829 2733 et
1871 2688 2050 2751 posse
2097 2669 2424 2732 verisimile
2469 2675 2624 2744 erat,
2671 2669 2788 2742 hic,
2837 2669 3100 2747 inquam,

386 2761 541 2833 vide,
584 2761 649 2823 in
694 2769 923 2839 quanta
965 2767 1243 2823 versetur
1287 2759 1645 2823 difficultate
1693 2759 1852 2841 apud
1883 2757 2298 2839 Copernicum‚
2347 2758 2446 2838 qui
2491 2757 2620 2838 ipse
2669 2757 2772 2821 lib.
2805 2757 2920 2821 111.
2967 2754 3099 2818 Re-

382 2851 503 2913 vol.
544 2868 675 2928 cap.
706 2846 810 2913 20.
842 2850 1125 2929 queritur,
1160 2848 1359 2930 „quod
1390 2868 1496 2929 per
1528 2848 1775 2911 minima
1800 2849 2098 2931 quaedam
2125 2855 2190 2910 et
2215 2847 2318 2909 vix
2345 2847 2854 2927 apprehensibilia
2877 2864 3101 2925 magna

380 2938 732 3001 ratiocinari
792 2957 1103 3018 cogamur,
1171 2938 1327 3018 quod
1383 2937 1683 3000 interdum
1739 2938 1851 2999 sub
1908 2956 2025 3000 uno
2081 2935 2453 2998 diversitatis
2499 2936 2776 3015 scrupulo
2824 2930 2869 2995 5.
2911 2932 3011 2995 vel
3057 2928 3098 2996 6

384 3029 609 3108 gradus
644 3035 1053 3107 praetereant,
1100 3035 1165 3089 et
1192 3026 1461 3089 modicus
1488 3044 1653 3087 error
1692 3026 1755 3088 in
1788 3026 2144 3089 immensum
2173 3042 2308 3085 sese
2337 3026 2695 3105 propaget.“
2727 3022 2775 3096 ἵ)
2850 3020 3098 3093 Quanto

380 3116 558 3197 pejus
603 3115 799 3195 igitur
832 3115 1143 3178 habebunt
1187 3114 1611 3195 spissitudines
1658 3114 1892 3177 orbium
1937 3122 2004 3177 et
2061 3112 2448 3176 remotiorum
2505 3134 2544 3175 a
2595 3112 2768 3175 nobis
2789 3160 2806 3186 ‚
2873 3119 2938 3172 et
2997 3108 3098 3189 qui

380 3205 651 3286 pluribus
694 3211 961 3265 motuum
1008 3204 1405 3267 varietatibus
1455 3210 1597 3265 sunt
1640 3202 1903 3265 obnoxii.
1999 3200 2177 3273 Quod
2235 3200 2288 3262 si
2345 3210 2451 3264 aut
2506 3202 2743 3264 orbium
2797 3200 2904 3262 illa
2947 3218 3100 3279 πηχη

384 3292 719 3355 certissime
766 3293 1083 3372 explorata
1101 3342 1117 3369 ,
1186 3300 1293 3356 aut
1336 3311 1557 3354 causae
1602 3293 1826 3353 saltem
1871 3290 2214 3372 probabiles
2267 3292 2616 3369 patefactae
2673 3289 2896 3351 fuerint
2915 3334 2932 3361 ‚
2992 3304 3098 3347 cur

382 3390 559 3445 tanta
604 3380 857 3461 singulis
902 3380 1199 3445 attributa
1244 3380 1369 3442 sint
1413 3402 1451 3441 a
1485 3379 1834 3452 conditore,
1881 3388 2008 3443 tum
2055 3398 2166 3459 ego
2215 3380 2484 3458 spondeo
2529 3398 2624 3441 me
2671 3378 3098 3456 producturum

382 3490 458 3533 ex
502 3472 598 3533 his
644 3470 995 3551 corporibus
1044 3490 1221 3533 arcus
1264 3488 1374 3550 per
1419 3469 1622 3531 omnia
1664 3469 1930 3531 motibus
1959 3486 2276 3530 consonos.
2307 3471 2366 3542 ⁸)
2439 3466 2542 3529 Sic
2589 3467 2746 3528 enim
2793 3464 3096 3535 existimo,

382 3560 662 3640 quicquid
709 3567 853 3638 post
896 3559 1052 3623 hanc
1097 3558 1546 3640 proportionem
1605 3557 1910 3619 coelorum
1965 3556 2274 3619 inventam
2328 3555 2523 3617 adbuc
2583 3554 2879 3634 impediat
2897 3599 2914 3627 ‚
2981 3568 3096 3631 quo

382 3649 575 3711 minus
622 3648 701 3709 ad
736 3656 1019 3710 exactam
1056 3658 1323 3711 motuum
1353 3646 1755 3727 cognitionem
1781 3646 2092 3719 veniatur3
2139 3644 2201 3706 id
2247 3663 2422 3707 omne
2468 3644 2530 3705 in
2578 3640 3098 3705 eccentricitatum

380 3737 535 3799 vitia
588 3736 1011 3799 conferendum
1036 3758 1049 3799 :
1074 3735 1135 3810 Β)
1171 3736 1415 3816 quibus
1479 3735 1758 3809 sublatis,
1826 3752 2041 3814 magno
2103 3734 2452 3813 adjumento
2509 3731 2838 3795 artificibus
2896 3731 3099 3791 futura

380 3833 527 3907 puto
574 3824 771 3887 solida
816 3826 965 3888 haec
1012 3824 1269 3907 quinque
1317 3825 1395 3885 ad
1436 3824 1870 3886 correctionem
1907 3828 2191 3895 motuum,
2237 3840 2416 3902 quam
2461 3820 2692 3901 passim
2730 3818 3098 3881 meditantur

380 3933 497 3977 non
542 3914 719 3994 pauci
788 3912 859 3989 ί).
2903 3989 2905 3991 q

558 4002 647 4065 Ut
688 4004 803 4065 hoc
848 4002 969 4066 illis
1004 4002 1338 4081 spondeam
1373 4001 1448 4063 de
1490 3999 2045 4063 eccentricitatibus
2091 4000 2282 4062 movit
2321 4018 2418 4061 me
2465 4007 2530 4060 et
2573 3998 2704 4072 boc,
2755 3993 2914 4075 quod
2957 3992 3098 4055 ubi-

382 4110 493 4171 que
541 4093 617 4154 de
672 4091 885 4155 minori
938 4090 1274 4171 particula,
1344 4107 1522 4170 qnam
1582 4098 1679 4151 est
1732 4110 1914 4171 πηχος
1973 4088 2136 4151 orbis
2181 4088 2481 4166 integrum
2528 4083 3012 4155 controvertitur.
3034 4080 3096 4155 ¹²)

378 4178 561 4260 Eripe
610 4198 865 4261 namque
912 4180 1187 4242 omnibus
1233 4197 1342 4239 sex
1390 4176 1634 4241 orbibus
1680 4198 1791 4239 sua
1835 4197 1984 4258 πηχη
2025 4184 2191 4254 nota,
2241 4184 2348 4239 aut
2393 4176 2574 4255 dupla
2617 4172 2870 4253 singulis
2915 4170 3100 4234 attri-

380 4270 533 4333 bue:
582 4268 817 4332 videbis
843 4270 1125 4332 mundum
1154 4276 1219 4329 et
1255 4270 1815 4347 προσθαφαιρισιις
1859 4285 2066 4329 omnes
2109 4266 2169 4328 in
2215 4264 2572 4327 immensum
2616 4263 2740 4325 illic
2787 4260 3096 4323 considere

380 4366 449 4421 et
511 4359 717 4439 augeri
736 4406 752 4432 ,
782 4430 799 4439 ,
821 4358 917 4420 bic
982 4356 1237 4422 distrahi
1303 4364 1369 4418 et
1424 4356 1706 4418 deminui.
1799 4354 1888 4418 Ut
1929 4355 2022 4417 ita
2065 4354 2295 4417 veritas
2339 4354 2498 4415 inter
2552 4351 2696 4415 nibil
2743 4356 2807 4413 et
2855 4349 3098 4430 duplum

380 4447 696 4523 consistat,
746 4464 937 4527 neque
984 4446 1369 4509 metuendum
1416 4444 1526 4519 sit,
1574 4465 1649 4506 ne
1696 4442 1938 4507 nimiam
1984 4444 2212 4506 habeat
2256 4442 2479 4505 artifex
2523 4438 2828 4505 licentiam
2875 4456 3096 4499 eccen-

380 4536 684 4598 tricitates
730 4535 1031 4622 mutandi,
1080 4536 1132 4595 si
1180 4533 1311 4615 quis
1358 4532 1499 4595 illas
1546 4532 1638 4595 bis
1684 4532 1893 4612 figuris
1939 4541 2152 4612 aptare
2201 4540 2467 4595 conetur.
2564 4530 2765 4609 Atque
2813 4526 2899 4588 sic
2947 4527 3096 4588 haec

380 4626 580 4687 altera
640 4623 797 4687 ratio
861 4632 997 4698 est,
1066 4642 1217 4704 quae
1282 4641 1377 4683 me
1434 4622 1509 4683 de
1565 4621 1870 4683 discordia
1923 4622 2084 4683 inter
2126 4640 2296 4683 meos
2341 4628 2409 4682 et
2452 4616 2768 4699 Copernici
2815 4634 3094 4679 numeros

378 4732 667 4776 excusare
710 4720 939 4792 potest.

558 4800 829 4864 Tertiam
874 4800 1019 4864 mihi
1064 4800 1361 4881 praebent
1402 4797 1521 4878 ipsi
1564 4798 1794 4860 numeri
1839 4798 2298 4860 Prutenicarum
2341 4795 2666 4857 etiamnum
2711 4791 2952 4865 crassi,-
2983 4808 3094 4852 nec

380 4892 471 4953 ita
524 4890 833 4972 expressi,
900 4898 971 4953 nt
1022 4908 1141 4953 non
1195 4888 1393 4969 possit
1446 4886 1769 4968 aliquando
1823 4886 1984 4949 bona
2029 4906 2164 4949 cum
2209 4885 2388 4947 venia
2429 4884 2527 4946 vel
2573 4882 2826 4945 semisse
2871 4879 3096 4963 gradus
