3634 5575
1443 402 1610 455 Nom
1645 403 1877 455 Εειιωιιι.
2894 404 3019 471 193

441 558 534 623 17)
569 577 620 625 p.
659 559 744 613 57.
819 562 1046 615 Didacus
1080 575 1117 612 a
1151 560 1390 619 Stunica,
1423 564 1696 617 monachus
1733 564 2011 628 Hispanus,
2050 563 2207 617 edidit
2238 566 2645 617 commentarium
2680 579 2825 623 suum
2858 566 3020 617 Tolet.

306 628 470 691 1584,
507 632 652 682 Paul.
673 636 795 684 Ant.
817 635 1068 685 Foscarini
1089 634 1452 685 Carmelitanus
1487 649 1620 685 anno
1643 632 1770 685 1651
1799 636 1981 700 publici
2002 638 2124 697 juris
2142 636 2260 685 fecit
2278 634 2489 701 Neapoli
2506 636 2766 701 epistolam
2784 638 2849 689 ad
2868 653 3021 703 gene·

299 703 453 753 ralem
490 704 674 754 ordinis
712 705 1120 765 carmelitarum,
1155 705 1208 755 in
1244 720 1346 771 qua
1381 704 1638 771 Copernici
1672 708 1917 757 rationem
1952 706 2111 756 verbis
2148 702 2201 756 S.
2229 706 2512 769 Scripturas
2548 708 2814 759 conciliare
2836 710 3021 759 studet.

441 840 536 906 18)
573 860 623 909 p.
664 843 751 894 74.
823 844 1130 907 Intermedia
1164 844 1260 895 duo
1296 844 1510 897 disticha
1542 846 1754 895 mutavit
1785 844 2099 904 Leibfridius,
2138 842 2403 897 Maestlino
2440 846 2699 899 suadente.
2771 846 2855 900 Sic
2891 848 3024 900 enim

303 918 424 965 aute
457 916 754 981 scripserat:
943 916 1076 967 Nam
1109 930 1172 965 ue
1207 916 1520 979 planetarum
1554 918 1702 967 variis
1735 916 1966 967 incedere
2002 918 2135 981 gyris

1091 988 1275 1051 orporis
1311 988 1448 1053 queis
1485 987 1679 1037 soleant
1715 993 1768 1037 et
1801 1000 2024 1037 remeare
2038 1022 2053 1045 ,
2091 988 2252 1039 docet.

943 1056 1176 1108 Ostendit
1209 1059 1358 1109 miros
1396 1058 1604 1108 Telluris
1637 1060 1690 1107 in
1728 1058 1931 1109 aethere
1967 1064 2157 1113 motus.

1045 1126 1284 1179 Immotus
1319 1130 1481 1180 medio
1518 1128 1754 1180 Phoebus
1779 1135 1839 1179 ut
1874 1128 1988 1181 orbe
2024 1130 2191 1180 micet.
2284 1126 2369 1193 (Ε.
2407 1126 2530 1180 Mes.
2568 1127 2865 1193 Massi-lini.)

447 1262 606 1330 19Jp.
630 1263 714 1317 74.
753 1268 1112 1319 Fridericus
1136 1268 1270 1329 Dux,
1297 1268 1380 1334 qul
1405 1280 1536 1321 auno
1567 1266 1702 1319 1593
1727 1268 1985 1333 imperium
2008 1270 2226 1333 suscepit
2252 1267 2380 1331 (nat.
2414 1267 2567 1328 1557,
2592 1276 2735 1320 mort.
2766 1268 2947 1333 1508),
2974 1273 3027 1321 ιιι

305 1351 465 1387 rerum
483 1336 1042 1405 Wfirttembergioarum
1067 1342 1306 1391 memoria
1328 1343 1544 1401 innotuit
1567 1341 1909 1393 controversiis
1930 1342 2061 1390 inter
2082 1342 2241 1404 ipsum
2266 1347 2319 1391 et
2342 1340 2535 1393 ordines
2560 1342 2883 1405 provinciales
2908 1358 3025 1392 con-

306 1409 471 1457 citatis
502 1406 853 1470 (cancellarius
881 1408 1098 1473 Enslin),
1137 1414 1271 1477 regio
1299 1427 1458 1461 rerum
1482 1413 1698 1463 omnium
1723 1418 1969 1477 apparatu
1996 1412 2291 1476 aediumque
2321 1417 2677 1463 exstructarum
2702 1414 3025 1478 magnificen-

305 1479 378 1527 tia
428 1476 606 1540 (Henr.
647 1479 1037 1544 Schickhardus)
1086 1489 1138 1531 et
1183 1482 1390 1549 prodiga
1433 1496 1596 1533 rerum
1639 1482 1862 1541 luxuria;
1912 1497 2073 1545 neque
2122 1489 2295 1533 tamen
2330 1484 2493 1533 minus
2527 1483 2661 1548 vigili
2695 1484 2785 1533 illa
2818 1498 2941 1535 cura
2976 1490 3029 1534 et

307 1549 566 1615 diligentia
598 1552 650 1600 in
689 1566 860 1603 omnes
896 1568 1058 1603 rerum
1093 1552 1399 1615 publicarum
1433 1560 1602 1617 partes
1637 1556 1859 1611 intenta,
1907 1558 2191 1603 mercatura
2226 1554 2611 1617 quaestibusque
2648 1560 2701 1604 et
2734 1556 2883 1605 variis
2916 1555 3026 1605 lite-

305 1634 472 1670 rarum
505 1623 730 1685 partibus
763 1624 972 1689 impigre
1008 1624 1192 1687 adjutis
1229 1632 1282 1674 et
1314 1626 1586 1688 provectis·
1625 1624 1839 1689 denique
1873 1624 2159 1674 reconditae
2198 1625 2317 1673 artis
2352 1636 2534 1679 amore,
2574 1624 2867 1687 alchymiae.
2902 1638 3031 1691 quae

307 1690 506 1755 quidem
539 1698 738 1744 tannim
775 1695 962 1752 abfuit,
1015 1700 1072 1745 ut
1105 1697 1428 1759 pecuniarum
1465 1697 1708 1759 angustiis
1745 1698 1853 1758 ojus
1888 1700 2223 1752 succurreret,
2274 1700 2332 1743 ut
2366 1695 2607 1759 grandem
2640 1698 2903 1759 pecuniam
2941 1696 3028 1747 ab·

309 1771 540 1813 sumeret.
581 1792 648 1802 —
705 1765 950 1816 Tabulam
985 1766 1152 1823 illam,
1208 1766 1441 1815 friderici
1489 1766 1644 1815 Ducis
1695 1768 1893 1815 nomine
1940 1766 2253 1829 inscriptam,
2302 1780 2395 1815 nos
2442 1766 2577 1831 ligno
2622 1767 2831 1816 incisam
2876 1774 2931 1817 et
2964 1767 3031 1816 ad

308 1834 546 1883 minorem
577 1836 776 1885 modum
813 1836 1072 1887 redactam
1097 1834 1120 1897 (
1130 1832 1218 1899 Ἴ.)
1242 1838 1586 1899 praemisimus
1608 1836 1891 1887 Prodromo·
1963 1835 2256 1887 Interiorem
2290 1843 2459 1887 autem
2487 1839 2594 1899 ejus
2624 1843 2818 1901 partem
2852 1837 3031 1889 eadem

310 1917 422 1953 cum
457 1906 618 1969 priore
650 1906 996 1973 magnitudine
1032 1907 1309 1959 addidimus
1335 1909 1554 1973 paginae
1590 1904 1714 1957 214.

449 2024 546 2091 20)
581 2044 632 2092 p.
671 2027 755 2079 ⁷0.
827 2028 967 2080 Inter
1001 2030 1178 2080 eadem
1213 2028 1472 2080 Maestlini
1517 2031 1860 2094 manuscripta
1875 2066 1888 2089 ,
1947 2044 1975 2079 e
2022 2030 2195 2095 quibus
2238 2028 2368 2079 baec
2414 2030 2766 2089 desumsimus,
2823 2031 3033 2081 occurrit

309 2098 508 2157 tabula,
545 2100 751 2164 Kepleri
787 2114 943 2151 manu
979 2102 1208 2165 depicta,
1258 2101 1493 2151 exhibens
1531 2115 1625 2160 ea,
1673 2114 1801 2165 quae
1836 2100 1919 2151 hic
1955 2100 2144 2150 indicat
2178 2100 2438 2164 Keplerus.
2512 2100 2680 2158 Vasa,
2720 2114 2847 2165 quae
2885 2114 3037 2166 supra

311 2170 449 2221 dicta
484 2178 615 2232 sunt,
655 2178 1091 2235 repraesentantur
1127 2172 1337 2231 circulis,
1376 2186 1578 2237 quorum
1605 2180 1851 2222 extremus
1876 2178 2067 2236 septem
2092 2172 2246 2221 habet
2272 2173 2548 2235 epistomia,
2587 2184 2615 2222 e
2652 2172 2824 2237 quibus
2858 2170 3035 2222 humor

311 2242 515 2307 singulis
551 2244 682 2293 vasis
717 2244 934 2293 inclusus
971 2244 1128 2293 emitti
1165 2246 1333 2307 possit.
1389 2243 1448 2292 In
1485 2244 1647 2307 spatio
1685 2243 1881 2293 circulis
1914 2242 2203 2305 interjecto,
2242 2256 2331 2291 seu
2368 2244 2654 2308 epistomiis,
2692 2256 2820 2307 quae
2856 2242 3029 2307 plane-

312 2318 475 2362 tarum
511 2312 664 2378 signis
702 2318 880 2363 notata
915 2319 1058 2373 sunt,
1095 2315 1224 2363 haec
1261 2319 1377 2364 sunt
1411 2315 1679 2379 inscripta:
1733 2312 1765 2377 5
1807 2316 1916 2371 Ein
1957 2316 2111 2369 alten
2154 2314 2476 2370 schlechten
2510 2316 2677 2369 Wein
2715 2318 2845 2369 oder
2880 2316 3030 2371 Bier.

311 2390 358 2452 ‘li
393 2391 500 2447 Ein
545 2392 864 2448 kostlichen
904 2395 1137 2449 weissen
1167 2394 1354 2450 wein.
1415 2392 1466 2453 ὁ
1507 2396 1614 2450 Ein
1650 2404 1813 2451 roten
1855 2394 2119 2449 starcken
2148 2394 2493 2449 Wee-rmuth.
2554 2390 2617 2455 Θ
2658 2394 2766 2449 Ειιι
2788 2394 3033 2450 1ιὸιι1ἰοιι

313 2488 462 2543 aqua
487 2474 666 2539 vitae,
709 2474 905 2528 mitten
951 2490 1052 2528 aus
1083 2476 1205 2529 dem
1231 2476 1448 2529 Becher
1489 2475 1726 2541 hei-aus,
1769 2473 2006 2529 nemlich
2047 2490 2149 2529 aus
2191 2476 2314 2528 dem
2355 2474 2525 2528 solari
2566 2490 2827 2543 corpore,
2872 2492 2933 2528 so
2977 2475 3033 2527 in

313 2560 504 2607 centro
533 2555 800 2610 schwebt.
860 2544 909 2617 Ω
935 2554 1046 2609 Ein
1071 2555 1282 2609 Meeth.
1345 2547 1388 2617 Q
1412 2554 1788 2611 Brandtwein.
1844 2556 1909 2609 Iu
1938 2554 2123 2623 spatio
2164 2553 2312 2609 inter
2354 2554 2543 2609 orbem
2570 2554 2811 2609 Telluris
2838 2561 2899 2609 et
2924 2555 3034 2609 Ve-

315 2632 490 2687 neris:
531 2634 642 2688 Eiu
667 2634 899 2689 Waeser
923 2636 1036 2689 und
1063 2635 1229 2689 Fisch
1255 2634 1542 2690 darinnen.

459 2778 552 2843 21)
587 2797 636 2845 p.
674 2777 759 2830 82.
835 2780 1038 2832 David
1074 2779 1462 2844 Chytraeus,
1511 2777 1734 2841 (illunis
1779 2780 1913 2832 inter
1947 2777 2151 2830 Lutheri
2196 2777 2313 2830 fidei
2349 2778 2577 2829 addictos
2610 2776 2893 2846 theologus,
2930 2786 3036 2831 nat.

317 2865 448 2902 anno
488 2850 628 2902 1530
663 2851 998 2918 Ingelfingae,
1038 2853 1102 2903 ab
1140 2866 1272 2902 auno
1313 2851 1444 2902 1551
1487 2853 1640 2902 theol.
1679 2859 1732 2902 et
1763 2851 1881 2902 hist.
1918 2851 2163 2916 professor
2198 2850 2473 2908 Rostockii,
2508 2857 2652 2900 mort.
2692 2865 2741 2900 a.
2782 2849 2945 2912 1000)
2983 2855 3035 2901 ιιι

315 2922 440 2974 Vita
475 2922 640 2974 Caroli
676 2923 725 2974 V
759 2925 886 2974 haec
921 2925 1100 2974 refert:
1155 2922 1334 2974 Petrus
1367 2925 1594 2986 Apianus
1629 2923 1732 2974 hab
1782 2923 1961 2972 seinen
1996 2921 2259 2972 Freunden
2306 2922 2577 2972 offlaermals
2620 2922 2895 2982 verzehlet,
2948 2923 3040 2973 das

317 3008 371 3043 er
405 2995 476 3044 im
509 2993 784 3046 deutschen
819 2993 982 3060 Krieg
1017 2993 1090 3056 (a.
1126 2992 1224 3042 154
1234 2991 1290 3054 ὃ)
1327 2995 1406 3044 ins
1439 2995 1662 3058 Keysers
1697 2994 1867 3059 Lagei·
1902 2994 1983 3043 bei
2017 2993 2265 3058 Ingolstat
2298 3007 2395 3042 von
2434 2993 2613 3043 carolo
2648 2993 2911 3059 gefordert,
2948 2993 3039 3044 das

317 3079 372 3114 er
403 3065 538 3116 ihme
573 3067 626 3116 in
670 3067 832 3116 einem
879 3065 1196 3116 kiinstlichen
1231 3063 1560 3127 Instrument,
1607 3067 1750 3116 darin
1795 3066 1885 3115 der
1918 3064 2165 3114 Planeten
2206 3064 2365 3119 lauff,
2420 3064 2685 3130 fortgang„
2742 3065 3037 3122 stillstehen,

317 3136 668 3202 suriickgang,
715 3145 868 3202 ganta
907 3139 1038 3202 artig
1073 3137 1124 3186 in
1161 3137 1299 3186 eines
1331 3136 1482 3198 jeden
1517 3137 1762 3186 Planeten
1797 3135 2281 3186 unterschiedlichen
2316 3135 2543 3192 Zirckel,
2592 3150 2649 3184 sc
2684 3136 2839 3186 durch
2874 3136 3039 3186 kleine

317 3205 504 3258 Badlin
549 3208 919 3274 vmbgefiihret,
967 3205 1402 3272 augenscheinlich
1447 3207 1746 3272 dargethan.
1819 3207 1897 3256 Im
1940 3206 2165 3270 selbigen
2209 3206 2371 3270 Krieg
2416 3220 2521 3255 var
2569 3207 2699 3256 auch
2744 3209 2823 3256 bei
2860 3206 3039 3258 carolo

318 3276 588 3328 Turrianue
625 3277 970 3330 Cremonensis
1005 3277 1409 3329 Mathematicus.
1485 3276 1797 3339 (Secundum
1833 3279 2107 3328 versionem
2142 3276 2191 3326 J.
2220 3279 2281 3326 G.
2310 3277 2655 3327 Godelmanni.
2692 3277 2826 3342 Lipe.
2856 3274 3039 3339 1595.)

463 3417 556 3482 22)
591 3436 640 3485 p.
679 3417 766 3470 82.
841 3421 897 3470 Ρ.
933 3421 1112 3472 Remi
1149 3419 1362 3472 Scholae
1411 3419 1829 3477 mathematicae,
1883 3419 1967 3470 lib.
2018 3419 2070 3468 Il
2122 3415 2263 3484 (Ρῑε-
2306 3415 2373 3466 64
2426 3418 2505 3468 ed.
2554 3419 2781 3468 francof,
2834 3415 3035 3480 1599);

321 3491 458 3552 ..Sed
491 3492 794 3559 Landgravii
831 3493 1190 3544 mathematica
1223 3504 1418 3558 organa
1448 3492 1731 3556 Augustum
1767 3489 1884 3541 Sar.
1924 3491 2199 3541 Electorem
2248 3491 2357 3554 pari
2406 3503 2574 3540 amore
2621 3489 2922 3556 astrologiae
2956 3493 3034 3539 in-

319 3563 622 3622 cendemnt;
657 3565 828 3628 itaque
864 3555 1186 3631 αὐτοματον
1221 3564 1482 3614 ”uatium
1519 3558 1641 3624 (sic)
1678 3561 2025 3628 Landgravius
2060 3562 2254 3626 optanti
2289 3562 2517 3626 Augusto
2554 3560 2807 3611 donavit.“

465 3701 558 3767 23)
593 3719 642 3770 p.
680 3702 768 3755 82.
840 3706 1158 3772 Horologium
1194 3707 1616 3771 Argentoratense
1659 3704 1943 3754 ιοιιιιιιιιιιιι
1989 3710 2067 3752 est
2104 3703 2349 3768 dirigente
2384 3700 2531 3751 Oonr.
2571 3701 2857 3766 Dasypodio
2894 3706 3039 3755 annis

323 3773 620 3828 1571-74.
694 3776 866 3841 comp.
913 3778 1200 3842 opusculum
1245 3777 1294 3826 D
1307 3791 1492 3840 asypo
1505 3776 1590 3826 dii
1625 3776 1942 3838 inscriptum.
1994 3773 2165 3824 Heron
2210 3772 2537 3824 Meehanious
2586 3771 2675 3824 ὼε.
2734 3776 3039 3840 Argentinae

325 3843 488 3906 1580,
525 3861 620 3898 nec
655 3863 755 3898 non
790 3847 968 3899 Nicod.
1008 3848 1376 3908 Frischlini‚
1425 3847 1584 3898 Acad.
1623 3846 1953 3912 Tubingensis
1988 3845 2303 3910 professoris.
2362 3843 2576 3895 Carmen
2614 3845 2677 3895 de
2712 3848 3039 3896 astronomica

317 3917 568 3984 horologio
604 3920 1030 3985 Argentoratensi.
1101 3921 1310 3984 Argent.
1356 3915 1509 3968 1575.

461 4057 556 4122 24)
577 4076 628 4125 p.
656 4057 743 4112 83.
797 4060 983 4111 Paulus
1005 4061 1038 4111 J
1049 4062 1246 4118 evius,
1265 4059 1534 4123 ‚episcopus
1558 4057 1855 4116 Nucerinus,
1880 4058 2077 4108 celeber
2092 4056 2177 4107 ille
2200 4057 2515 4108 historiarum
2538 4059 2745 4121 scriptor
2770 4055 2829 4120 (†
2856 4055 3036 4120 1552),

319 4133 368 4182 ιιι
411 4131 772 4190 „Historiarum
806 4134 882 4183 sui
917 4131 1182 4196 temporis⁴⁶
1221 4131 1344 4182 libro
1377 4130 1468 4180 XL
1506 4128 1610 4192 (ed.
1649 4129 1806 4180 Basil.
1850 4126 2003 4184 1578,
2038 4144 2087 4193 p.
2126 4125 2275 4190 459).

461 4269 554 4335 25)
591 4289 639 4338 p.
677 4271 764 4324 93.
837 4273 899 4326 Iu
935 4273 1180 4339 prooemio
1216 4271 1437 4335 ejusdem
1471 4269 1777 4321 Harmoniae
1822 4270 2005 4320 aeriter
2042 4269 2288 4319 invehitur
2322 4269 2567 4332 Keplerus
2612 4271 2665 4319 in
2700 4269 2759 4319 Ρ.
2798 4269 3032 4331 Ramum,

319 4343 450 4408 qnod
485 4345 706 4396 Euclidis
753 4345 930 4396 librum
963 4344 1028 4395 Χ.
1077 4344 1252 4409 parvi
1263 4342 1518 4398 habuerit,
1569 4342 1747 4392 laudat
1797 4347 1975 4392 contra
2018 4340 2269 4390 Lazarum
2316 4339 2617 4390 Schonerum
2662 4337 2767 4406 (qui
2808 4353 2855 4391 a.
2899 4338 3035 4391 1580

319 4414 470 4466 Bami
504 4415 914 4477 Arithmeticam‚
970 4423 1026 4466 et
1077 4431 1124 4468 a.
1178 4411 1313 4464 1599
1352 4413 1644 4464 Scholarum
1677 4411 1841 4462 Math.
1888 4412 2035 4462 libros
2070 4411 2229 4462 XXXI
2280 4407 2457 4473 edidit)
2504 4413 2585 4476 qni
2629 4413 2851 4476 quamvis
2888 4411 3037 4462 Rami

321 4486 588 4550 discipulus
624 4501 834 4552 eamque
871 4489 932 4538 ob
968 4501 1074 4537 rem
1108 4487 1270 4537 fassus
1304 4486 1470 4540 fuerit,
1505 4498 1560 4533 se
1582 4484 1885 4549 regularium
1908 4497 2165 4546 corporum
2186 4496 2331 4532 usum
2360 4482 2509 4546 plane
2544 4482 2733 4533 nullum
2766 4483 2819 4532 in
2854 4483 3037 4534 mundo

319 4557 486 4608 videre
519 4560 766 4622 potuisse,
804 4565 1057 4617 attamen,
1093 4558 1312 4622 perlecto
1348 4556 1554 4620 Kepleri
1587 4555 1878 4612 Prodromo,
1916 4554 2030 4604 huic
2068 4567 2299 4604 assensus
2334 4555 2416 4602 sit.

461 4694 555 4759 28)
591 4715 641 4762 p.
681 4695 767 4748 90.
840 4699 1026 4750 Versus
1060 4697 1358 4763 penultimus
1393 4697 1540 4760 hujus
1577 4695 1947 4760 epigrammatis
1984 4694 2069 4744 diu
2103 4709 2194 4745 nos
2230 4695 2391 4744 tenuit
2424 4693 2625 4752 dubios,
2672 4695 2857 4753 donec,
2906 4697 3036 4760 peri-

317 4769 468 4819 flores
503 4769 746 4823 adeuntes
777 4771 1064 4834 philologos,
1104 4770 1236 4820 hanc
1259 4770 1588 4819 mutationem
1609 4773 1772 4817 ratam
1798 4767 2109 4830 accepimus:
2168 4765 2313 4824 „Hoc
2346 4766 2519 4816 melior
2552 4767 2723 4816 mnndi
2758 4767 3039 4830 speculator

315 4840 574 4890 motuni?
613 4841 665 4892 h.
705 4855 750 4892 e.
785 4842 1080 4894 moriminis.
1135 4837 1335 4905 (Comp-
1359 4840 1508 4892 Lucr.
1544 4838 1608 4889 de
1641 4853 1806 4888 rerum
1840 4843 2027 4888 natura
2058 4836 2127 4888 IL
2166 4833 2289 4886 352.
2340 4833 2517 4887 lanii.
2545 4838 2825 4888 Διιτοιιοιιι.
2859 4837 2902 4897 1,
2934 4836 3035 4888 34:

961 4909 1308 4976 „nominaque
1344 4918 1397 4963 et
1431 4921 1601 4964 cursus
1635 4911 1889 4976 signorum
1921 4909 2139 4974 pandere
2174 4911 2317 4959 vires.
2326 4904 2381 4970 “)

461 4997 638 5049 xeplerl
665 4999 807 5048 opera
830 4999 866 5042 1.
2544 4992 2613 5046 13
