3634 5575
1158 371 1220 422 de
1259 369 1554 422 Calend'ui'e
1586 371 1644 418 in
1679 375 1867 419 amm
1900 365 2177 420 MDxclx.
2897 359 3023 428 411
3118 337 3135 358 ⁸

326 536 554 598 nulium
607 523 936 612 'eclipsium
999 535 1120 592 non·
1175 547 1314 591 esse
1357 527 1798 604 diminuendas,
1852 526 2004 592 sed·
2032 525 2339 610 augendas
2392 525 2597 606 potius
2642 525 3033 608 aequationes

329 624 510 691 Solis,
605 621 817 700 Itaque
877 621 927 683 si
983 625 1232 700 propter
1278 624 1506 680 certum
1553 618 1860 680 numerum
1907 618 2135 680 dierum
2199 617 2274 678 ab
2323 613 2699 698 aequinoctio
2748 612 2908 674 veris
2956 614 3033 676 ad

325 709 668 774 autumnale
726 715 998 772 centrum
1058 714 1260 770 motus
1305 707 1542 768 omnino
1589 707 1750 770 idem
1795 727 2041 770 manere
2088 705 2271 768 debet
2318 704 2477 780 Soli,
2546 710 2609 765 et
2654 701 3033 767 nihilominus

323 803 452 882 qius
501 797 926 862 eccentricitas
975 804 1222 876 propter
1267 795 1524 876 eclipses
1571 798 1849 875 augenda
1894 803 2029 857 est.
2076 796 2199 870 flet,
2247 803 2314 856 ut
2358 795 2519 856 inter
2554 801 2770 856 centra
2815 811 3032 856 eccen-

333 889 468 952 trici
515 895 587 950 et
625 888 852 948 Terrae
899 891 1170 948 centrum
1217 883 1534 963 aequantia
1579 885 1778 946 medio
1824 885 1959 946 loco
2006 884 2262 946 incidat.
2316 882 2477 944 sicut
2517 883 2581 943 in
2630 881 3035 962 superioribus

205 1043 218 1054 ,
327 988 391 1041 et
439 978 489 1051 ῼ
541 975 730 1056 (apud
778 973 1224 1047 Ptolemaeum)
1273 981 1371 1034 est
1417 991 1599 1053 snpra
1644 980 1915 1036 centrum
1960 971 2300 1045 eccentrici,
2348 971 2409 1034 in
2448 971 2620 1033 Luna
2664 969 2821 1032 infra
2866 969 2928 1032 id
2972 969 3032 1030 in

325 1069 458 1147 ipso
509 1073 716 1126 centro
766 1063 1020 1135 Terrae,
1084 1061 1144 1122 in
1193 1065 1236 1139 Q
1273 1061 1405 1140 jam
1451 1080 1662 1142 supra,
1717 1063 1848 1142 jam
1894 1062 2079 1137 infra,
2140 1061 2335 1126 medio
2384 1061 2513 1122 loco
2560 1062 2717 1124 inter
2762 1067 3031 1131 centrum

325 1157 549 1218 Terrae
597 1161 661 1215 et
702 1149 1038 1225 eccentrici‚
1079 1149 1209 1231 jam
1257 1151 1333 1211 ad
1381 1150 1542 1212 latus
1593 1152 1967 1213 alterutrum.
2060 1152 2249 1228 Porro
2296 1151 2446 1212 baec
2492 1149 2713 1230 positio
2764 1167 3035 1228 aequan-

325 1245 407 1308 tis
475 1244 534 1304 in
601 1242 862 1322 sphaera
928 1237 1007 1317 Θ
1065 1239 1246 1319 plane
1323 1247 1534 1302 contra
1597 1259 1867 1301 normam
1932 1239 2301 1319 superiorum
2365 1245 2693 1319 contraque
2765 1237 3037 1299 rationes

321 1332 610 1416 physicas
657 1329 878 1392 terruit
922 1347 1040 1402 me,
1087 1345 1162 1388 ne
1212 1329 1476 1391 fortasse
1522 1329 1752 1390 ruinam
1802 1328 2311 1409 aequinoctiorum
2361 1348 2565 1390 secum
2612 1328 2833 1402 trahat,
2886 1345 3038 1407 quae

335 1423 584 1504 pulchre
640 1425 898 1500 possunt
958 1416 1288 1479 observari
1381 1419 1596 1497 Itaque
1653 1417 1918 1479 abstinui
1984 1437 2194 1479 manus
2260 1439 2297 1478 a
2356 1418 2617 1496 sphaera
2681 1417 2864 1479 Solis.
2956 1415 3041 1476 Et

326 1521 530 1574 tamen
599 1526 785 1570 causa
843 1505 1064 1568 erroris
1129 1505 1188 1566 in
1247 1505 1570 1584 eclipsibus
1631 1525 1763 1567 cum
1819 1523 1976 1567 anno
2024 1505 2421 1582 convertitur,
2488 1515 2557 1568 ut
2610 1506 2870 1568 vidimus
2926 1506 3041 1566 hoc

328 1614 506 1662 anno.
600 1594 966 1660 Necessario
1013 1595 1217 1674 itaque
1265 1596 1341 1656 ad
1387 1595 1572 1656 talem
1623 1613 1869 1656 causam
1916 1595 2186 1674 confugi,
2235 1595 2429 1676 qualis
2478 1602 2575 1656 est
2618 1597 2680 1656 in
2726 1593 2846 1657 mei
2892 1612 3037 1674 pro-

329 1685 589 1768 gnostici
635 1683 986 1764 appendice.
1084 1684 1152 1744 Id
1181 1701 1510 1746 consonum
1540 1683 1895 1758 rationibus,
1948 1684 2063 1744 nisi
2092 1685 2404 1766 quodiam
2442 1684 2675 1764 pridem
2700 1683 2841 1746 illas
2870 1701 3041 1744 meas

327 1776 504 1839 nimis
552 1775 817 1836 audaces
858 1772 1127 1834 rationes
1173 1771 1406 1854 taxasti
1454 1773 1689 1834 leviter.
1785 1770 2131 1835 Consonnm
2188 1781 2284 1835 est
2330 1773 2513 1853 igitur
2566 1771 2621 1833 si
2667 1792 2785 1835 non
2819 1771 3039 1834 ‘ratio-

327 1867 520 1939 nibus,
569 1870 734 1925 certe
783 1860 1221 1940 suspicionibus
1266 1862 1588 1923 rationum.
1683 1862 1978 1926 ,Videmus
2025 1861 2259 1923 Lunam
2304 1870 2484 1944 prout
2530 1863 2666 1942 ipsa
2709 1881 2819 1943 per
2866 1881 2931 1923 se
2980 1867 3042 1922 et

327 1971 438 2016 suo
483 1959 650 2013 motu
697 1949 861 2012 circa
887 1949 1145 2012 Terram
1193 1951 1270 2011 ad
1319 1949 1524 2012 Solem
1569 1951 1668 2012 vel
1715 1971 1752 2012 a
1791 1949 1935 2013 Sole
1984 1951 2133 2025 abit,
2180 1951 2441 2028 tardam,
2490 1953 2781 2027 velocem,
2834 1951 3043 2023 altam,

327 2042 610 2103 humilem
666 2060 704 2100 a
749 2039 940 2101 Terra
983 2038 1130 2102 fieri.
1225 2039 1296 2101 Id
1345 2039 1460 2102 etsi
1518 2039 1849 2114 nescimuS,
1906 2041 2282 2120 suspicamur
2337 2049 2541 2102 tamen
2599 2063 2639 2102 a
2684 2040 2745 2101 vi
2791 2038 3044 2102 metrice

330 2131 492 2194 Solis
543 2145 700 2190 esse.
795 2125 864 2188 Si
907 2128 1022 2188 hoc
1071 2127 1276 2188 evenit
1321 2129 1531 2190 Lunae
1591 2137 1845 2208 propter
1888 2137 2117 2190 motum
2175 2149 2343 2190 snum
2381 2130 2712 2211 proprium,
2778 2147 2882 2190 cur
2926 2147 3043 2188 non

329 2219 572 2280 eveniat
629 2216 822 2276 eidem
879 2222 1130 2295 propter
1185 2224 1414 2276 motum
1458 2216 1718 2290 Terrae,
1767 2235 1879 2296 per
1935 2235 2109 2298 quem
2154 2219 2292 2300 ipsa
2350 2237 2483 2280 cum
2530 2225 2659 2279 toto
2722 2237 2829 2280 suo
2877 2217 3044 2278 coelo

329 2307 523 2370 hieme
573 2304 926 2366 admovetur
975 2303 1124 2372 Soli,
1195 2311 1433 2365 aestate
1485 2305 1560 2366 ab
1609 2325 1679 2366 eo
1729 2305 2110 2368 dimovetur?
2200 2305 2506 2386 objicias,
2556 2305 2861 2368 diversam
2908 2323 3045 2366 esse

336 2396 634 2458 rationem
693 2393 993 2472 utrinque.
1085 2391 1247 2453 Nam
1311 2395 1360 2454 si
1419 2394 1562 2476 quid
1623 2393 1962 2474 hujusmodi
2010 2395 2219 2457 Lunae
2267 2395 2535 2470 eveniat,
2608 2396 2762 2476 quod
2811 2412 3045 2457 errores

332 2487 494 2547 circa
539 2483 796 2562 eclipses
841 2480 1248 2561 patefaciant,
1315 2483 1703 2563 undecunque
1749 2483 1810 2544 id
1860 2484 1972 2558 sit,
2038 2483 2101 2545 id
2160 2504 2293 2547 cum
2339 2503 2460 2545 una
2514 2483 2887 2546 revolutione
2937 2501 3043 2544 ac·-

333 2573 540 2634 cessus
603 2581 668 2632 et
713 2587 990 2632 recessus
1038 2571 1190 2632 coeli
1238 2571 1498 2632 Lunaris
1565 2593 1602 2633 a
1649 2570 1790 2634 Sole
1850 2573 2035 2634 semel
2092 2573 2362 2635 converti
2420 2580 2483 2635 et
2529 2573 2861 2635 terminari.
2955 2571 3047 2632 At

333 2678 514 2741 supra
573 2659 636 2720 in
695 2677 817 2721 una
860 2658 1238 2720 revolutione
1303 2661 1574 2742 corporis
1622 2662 1833 2723 Lunae
1893 2681 2176 2724 accessus
2233 2669 2297 2724 et
2342 2681 2619 2724 recessus
2668 2684 2705 2722 ιι
2751 2660 2895 2724 Sole
2950 2659 3047 2720 bis

335 2748 770 2813 tenninabatur
829 2747 937 2810 illa
991 2747 1412 2829 inaequalitas,
1505 2750 1899 2831 RespondeO,
1958 2749 2259 2814 diversam
2318 2751 2499 2813 etiam
2541 2757 2621 2814 et
2668 2735 2855 2831 plane
2911 2747 3049 2811 huic

335 2841 418 2901 rei
465 2838 724 2899 similem
769 2835 1066 2900 rationem
1111 2838 1171 2899 in
1219 2857 1290 2899 eo
1343 2858 1505 2913 esse,
1567 2840 1726 2920 quod
1772 2842 1961 2902 Terra
2008 2850 2071 2903 et
2116 2842 2345 2904 coelum
2374 2840 2583 2903 Lunae
2633 2840 2795 2902 circa
2842 2837 3047 2901 Solem

335 2945 576 3007 semper
617 2927 1020 3006 progreditur,
1069 2935 1136 2989 at
1181 2944 1396 3007 corpus
1427 2930 1636 2991 Lunae
1685 2929 1746 2990 in
1795 2928 2042 2993 dimidia
2088 2928 2461 2992 revolutione
2498 2928 2899 3011 progreditur,
2950 2926 3045 2988 di-

336 3016 522 3078 midia
567 3015 902 3094 regreditur
947 3025 1228 3095 respectu
1260 3016 1443 3078 Solis.
1525 3018 1708 3079 'Haec
1755 3019 1983 3080 babent
2026 3019 2182 3082 inter
2221 3038 2286 3081 se
2336 3019 2675 3098 analogiam
2726 3016 3045 3097 quandam.

337 3107 552 3184 Itaque
589 3102 851 3183 suspicio
899 3115 1022 3179 est,
1081 3124 1256 3165 unum
1303 3124 1441 3167 esse
1491 3124 1733 3168 causam
1782 3108 2053 3170 alterius.
2148 3105 2275 3171 Sed
2331 3106 2594 3171 sufficiat
2658 3113 2896 3169 tantum
2942 3123 3049 3184 pro

337 3192 722 3255 excusatione
754 3192 1002 3253 dixisse.
1097 3190 1356 3263 Quinto:
1409 3214 1482 3256 an
1521 3212 1664 3257 vero
1697 3212 1812 3257 non
1843 3196 2055 3277 ingens
2085 3197 2340 3259 audacia
2370 3205 2483 3273 est,
2531 3196 2771 3259 unicam
2800 3194 3049 3256 diurnae

338 3280 728 3344 revolutionis
775 3288 839 3341 et
885 3280 1120 3360 quidem
1170 3282 1658 3360 aequalissimam
1706 3304 2047 3347 mensuram
2096 3284 2479 3347 adulterare?
2570 3286 2727 3349 Nam
2774 3284 2887 3345 hoc
2934 3298 3049 3344 uno

343 3368 656 3432 conamine
704 3376 839 3430 tota
885 3366 1037 3430 coeli
1083 3370 1365 3431 maehina
1413 3372 1732 3432 laxabitur.
1830 3371 1989 3443 Quid
2029 3374 2158 3453 jam
2207 3374 2359 3435 certi
2406 3375 2479 3435 de
2510 3372 2673 3437 Solis
2721 3379 2887 3434 motu
2932 3370 3049 3431 ha-

337 3458 643 3533 bebimus,
692 3458 746 3519 si
795 3458 870 3519 de
917 3476 1197 3519 mensura
1245 3458 1362 3519 diei
1409 3460 1560 3521 certi
1607 3478 1722 3520 non
1773 3480 1995 3538 snmus,
2046 3469 2153 3523 aut
2198 3482 2316 3543 qua
2360 3481 2642 3524 mensura
2690 3468 2952 3531 utemur,
2998 3458 3051 3519 si

343 3548 474 3608 dies
523 3546 696 3609 nobis
735 3546 1040 3608 metienda
1083 3548 1218 3608 est?
1307 3548 1693 3627 RespondeO,
1743 3550 1963 3611 nullius
2010 3570 2106 3612 me
2136 3552 2324 3631 pudet
2360 3550 2670 3627 audaciae,
2717 3567 2828 3630 per
2874 3564 3052 3628 quam

341 3651 586 3716 sperare
633 3652 919 3715 possum,
977 3652 1069 3696 me
1107 3642 1339 3698 certum
1387 3638 1463 3699 ab
1512 3638 1841 3700 artificibus
1889 3628 2239 3721 r'esponsum
2288 3640 2504 3701 elicere
2550 3658 2754 3721 posse.
2849 3634 3050 3707 Quare

343 3725 426 3786 ite
481 3724 779 3800 artifices,
849 3726 1028 3786 facite
1084 3726 1414 3805 periculum
1479 3725 1598 3800 rei,
1677 3728 1991 3807 explorate
2057 3727 2478 3790 certitudinem
2542 3735 2743 3791 motus
2810 3743 3047 3788 arenae.

341 3814 632 3893 Magnum
679 3812 938 3893 aliquem
985 3814 1283 3876 cumulum
1331 3832 1552 3876 arenae
1599 3834 1706 3894 per
1755 3818 2021 3878 foramen
2071 3816 2222 3879 satis
2255 3818 2516 3898 amplum
2564 3816 2887 3888 demittite,
2938 3814 3053 3875 ad-

339 3912 467 3963 este
515 3903 630 3983 ipsi
677 3903 940 3982 negotio,
993 3922 1236 3985 operam
1284 3904 1426 3964 date
1473 3922 1548 3964 ne
1593 3904 1766 3966 initio
1815 3906 2077 3967 maximo
2104 3907 2373 3987 pondere
2417 3914 2729 3986 prematur
2762 3906 3047 3979 foramen,

339 3992 452 4052 line
501 4009 640 4054 vero
688 3992 834 4053 nihil
881 4000 1118 4071 urgeat.
1209 3992 1457 4069 Modica
1503 4010 1742 4072 semper
1787 3994 1879 4056 vis
1929 4012 2107 4056 manu
2147 3994 2498 4057 sufficiatur.
2592 3993 2895 4056 Metimini
2940 3992 3053 4053 hoc

337 4088 518 4160 pacto
577 4081 733 4142 diem
789 4080 1126 4156 hibernum,
1197 4080 1356 4142 diem
1401 4081 1549 4143 item
1598 4082 1923 4158 aestivum,
1994 4084 2045 4145 si
2095 4084 2492 4146 differentiam
2550 4082 2832 4145 invenitis
2880 4080 3053 4142 nnius

342 4176 449 4229 aut
503 4168 754 4231 duarum
797 4168 1104 4245 horarum,
1174 4170 1562 4248 gratulamini
1607 4170 1802 4232 vobis.
1894 4172 2107 4253 Neque
2156 4171 2287 4233 Soli
2342 4173 2613 4236 metuite.
2705 4172 2865 4234 Nam
2915 4168 3055 4250 quid

342 4256 606 4319 efficiunt
653 4256 715 4320 5⁴
765 4258 992 4329 (motus
1039 4256 1082 4320 2
1127 4258 1438 4331 horarum)
1487 4259 1546 4319 in
1596 4257 2027 4337 declinatione,
2078 4280 2257 4341 quam
2306 4263 2502 4327 solam
2544 4260 2718 4323 vobis
2764 4259 2913 4321 licet
2954 4259 3051 4321 in-

342 4348 693 4408 strumentis
737 4348 1000 4427 capere?
1090 4346 1216 4409 Sed
1264 4366 1428 4408 eram
1475 4347 1700 4409 oblitus
1749 4366 1933 4428 supra
1979 4350 2233 4412 alteram
2281 4370 2531 4413 causam
2577 4351 2653 4412 de
2683 4349 2859 4411 Luna
2906 4349 3053 4421 (non

343 4433 415 4494 de
447 4430 624 4507 Sole)
672 4435 1014 4514 suspicandi
1061 4436 1406 4515 adjungere.
1497 4434 1740 4497 Etenim
1789 4436 1840 4498 si
1874 4436 2038 4500 Solis
2086 4440 2477 4519 aequationes
2523 4440 2581 4501 in
2612 4457 2802 4499 causa
2850 4442 3057 4498 essent

343 4522 564 4583 erre-ris
611 4523 774 4585 circa
819 4524 1104 4603 eclipses,
1157 4524 1368 4586 Lunae
1415 4524 1600 4603 igitur
1647 4532 1845 4587 motus
1896 4534 2103 4589 essent
2149 4530 2329 4599 certi,
2388 4536 2452 4589 et
2506 4526 2759 4590 inveniri
2806 4525 3058 4587 deberet

343 4612 518 4673 Luna
565 4630 636 4672 eo
683 4613 836 4689 loco,
885 4613 942 4673 in
993 4630 1164 4693 quem
1214 4634 1251 4673 a
1297 4613 1531 4674 calculo
1569 4614 1897 4692 reponitur.
1990 4616 2080 4678 At
2127 4616 2223 4677 die
2273 4617 2607 4697 paschatiS,
2659 4615 2743 4675 uti
2792 4632 2888 4675 me
2922 4612 3053 4691 pri-

291 4722 300 4729 ·
345 4700 480 4760 dem
529 4700 848 4781 scripsisse
895 4701 1238 4763 meminisse
1285 4708 1479 4780 potes,
1530 4700 1707 4763 Luna
1753 4708 1926 4765 tanto
1976 4704 2098 4767 fere
2150 4704 2340 4767 serius
2390 4705 2467 4766 ad
2512 4706 2710 4767 locum
2758 4701 3053 4765 acalculo

343 4788 710 4851 destinatum
759 4792 1054 4868 pervenit,
1103 4798 1327 4868 quanto
1377 4789 1569 4851 serius
1617 4791 1861 4893 eclipsis
1908 4794 2072 4871 prior
2120 4800 2501 4873 apparuerat.
2594 4792 2761 4871 Ergo
2790 4788 3053 4870 suspicio

343 4888 460 4953 est,
508 4879 718 4940 Lunae
768 4886 994 4941 motum
1042 4880 1244 4960 potins
1293 4898 1563 4959 quamue
1519 4876 1684 4942 Solis
1731 4881 1788 4941 in
1838 4899 2024 4944 causa
2070 4902 2227 4945 esse.
