3634 5575
1306 365 1575 428 mnaso
1612 369 1840 428 :auam
1875 353 2065 436 zui-as
2170 420 2181 430 .
2953 371 3062 444 w

332 541 543 602 pagos,
594 525 835 604 oppida,
882 524 1244 606 provincias,
1296 547 1483 611 regna
1530 529 1607 591 ad
1655 529 1815 592 orbis
1863 530 2174 613 imperium
2205 535 2566 605 ascenderit,
2617 536 2818 598 omnia
2860 536 3048 616 probe

329 613 746 690 perspexerit;
795 633 1006 693 neque,
1056 622 1125 676 ut
1170 623 1312 678 sunt
1356 617 1635 692 humana,
1687 620 2004 700 quicquam
2052 618 2218 682 umbi
2266 623 2560 700 repererit
2597 624 2864 698 beatum,
2910 624 3048 686 diu-

330 707 589 775 turnum,
640 709 701 764 et
750 703 891 777 tale,
941 721 1057 783 quo
1105 703 1259 766 finiri
1305 712 1371 766 et
1414 706 1680 768 saturari
1726 715 1913 788 queat
1957 709 2088 788 ejus
2137 711 2464 790 appetitn‘S.
2532 711 2700 774 Tunc
2749 713 2904 774 enim
2951 713 3046 774 in·
3083 765 3098 774 ,

330 787 516 870 cipiet
558 791 811 857 meliora
856 810 1163 872 quaerere,
1212 801 1353 855 tunc
1394 814 1433 855 a
1461 795 1653 861 Terra
1696 794 1813 860 huc
1857 797 1918 858 in
1963 799 2198 862 coelum
2245 800 2552 873 ascendet.
2601 808 2752 874 tunc,
2772 802 3050 876 animum

330 877 557 951 fessum
604 880 760 942 curis
808 880 1085 945 inanibus
1130 881 1207 944 ad
1256 883 1410 944 hanc
1456 883 1720 962 quietem
1766 887 2126 960 transferet,
2177 895 2320 992 tunc
2365 887 2566 952 dicet·

964 985 1159 1039 rdine·
1194 987 1415 1045 auhn,
1451 989 1627 1054 quibus
1660 988 1791 1040 haec
1827 1001 2126 1056 cognosc-re
2159 993 2368 1054 pri-n-

1072 1056 2262 1123 mmmmm-mammam.
2337 1059 2538 1124 (nun.)

328 1159 512 1221 quare
560 1151 943 1206 contemnere
986 1145 1256 1226 incipiet,
1305 1165 1459 1228 qaae
1504 1147 1645 1208 olim
1688 1151 2224 1230 praestantissima
2270 1153 2522 1226 censuit,
2573 1153 2706 1213 sola
2745 1152 2896 1213 haec
2931 1153 3050 1216 Dei

327 1247 515 1310 opera
542 1233 743 1312 magni
774 1234 978 1307 faciet,
1027 1241 1209 1316 atque
1239 1255 1464 1296 meram
1497 1242 1559 1297 et
1598 1237 1897 1298 sinceram
1923 1241 2169 1300 tandein
2209 1241 2584 1318 voluptatem
2631 1259 2707 1301 ex
2753 1239 2846 1301 his
2893 1259 3043 1301 con-

325 1319 821 1399 templationibns
876 1321 1099 1402 capiet.
1196 1323 1603 1388 contemnant
1666 1323 1852 1406 igitur
1917 1325 2064 1390 haec
2123 1334 2186 1389 et
2242 1327 2581 1406 hujusmodi
2635 1329 3042 1408 meletemata,

325 1407 659 1492 quicunque
728 1420 1245 1494 quantumcunque
1311 1414 1554 1488 volent,
1622 1423 2030 1495 quaerantque
2094 1415 2206 1478 sibi
2271 1416 2644 1505 undiquaque
2711 1377 3064 1502 commoda}

323 1491 595 1574 divitias,
642 1497 1001 1562 thesauros.
1052 1502 1411 1568 astronomis
1459 1501 1690 1564 isthaec
1738 1503 1936 1582 gloria
1981 1503 2260 1588 sufficiat,
2313 1505 2467 1586 quod
2515 1489 2888 1592 philosophis
2929 1525 3064 1594 sua·

322 1583 623 1662 scribunt,
680 1607 797 1652 non
844 1589 1095 1668 rabuliS,
1142 1591 1403 1670 regibus,
1451 1609 1569 1652 uon
1614 1591 1984 1670 pastoribus.
2077 1591 2371 1658 Praedico
2417 1593 2751 1677 intrepide,
2812 1595 3066 1674 futuros,

322 1683 530 1737 tamen
548 1676 811 1757 aliquos,
862 1678 961 1758 qui
1008 1698 1157 1740 suae
1194 1679 1311 1742 sibi
1348 1680 1679 1742 senectutis
1718 1680 1858 1748 hinc
1887 1691 2238 1760 comparent
2265 1683 2574 1756 solatium
2625 1683 2782 1747 tales
2793 1700 3044 1762 nempe,

320 1763 421 1842 qui
472 1765 669 1843 quoad
714 1765 1111 1845 magistratus
1155 1775 1505 1848 gesserunt,
1561 1767 1653 1830 ita
1694 1787 1763 1830 se
1808 1777 2160 1848 gesserunt,
2215 1779 2286 1832 ut
2331 1770 2502 1832 liberi
2549 1771 2850 1832 morsibus
2890 1789 3048 1841 con-n

318 1853 611 1914 scientiae
658 1853 895 1916 habiles
940 1873 1077 1916 esse
1122 1855 1361 1936 possint
1406 1855 1673 1918 fruendis
1720 1856 1890 1919 hisce
1937 1857 2188 1923 deliciis.

496 1940 744 2004 Existet
772 1943 987 2004 iterum
1018 1942 1329 2008 Carolus
1376 1945 1613 2025 aliquis,
1644 1948 1702 2020 ⁰)
1748 1946 1870 2028 qui,
1915 1963 2050 2008 cnm
2081 1947 2340 2026 Europa,
2391 1947 2588 2028 quoad
2635 1946 3040 2027 imperaverit,

318 2047 436 2091 non
488 2039 825 2110 caperetur,
874 2033 1072 2093 fessus
1119 2033 1404 2114 imperiiS,
1456 2033 1676 2113 exigua
1702 2033 1768 2096 S.
1800 2035 1968 2096 Justi
1997 2036 2215 2097 cellula
2261 2036 2575 2114 capiatur:
2626 2036 2836 2115 cuique
2881 2034 3042 2095 inter

321 2127 413 2178 tot
462 2119 830 2222 spectacula,
879 2120 1110 2196 titulos,
1160 2121 1525 2202 triumphOS,
1573 2129 1670 2184 tot
1716 2121 1994 2198 divitias,
2043 2124 2248 2197 urbes,
2299 2143 2513 2204 regna,
2564 2125 2740 2186 unica
2785 2121 3038 2184 'l'urria-

318 2208 455 2268 nica
516 2207 613 2268 vel
659 2209 788 2288 jam
816 2205 1591 2294 Copernicopythagoraea
1618 2205 1669 2286 ί)
1717 2213 1979 2292 sphaera
2021 2213 2366 2292 planetaria
2412 2219 2728 2294 tantopere
2775 2213 3046 2302 placeat,

319 2305 385 2358 ut
430 2297 639 2358 orbem
686 2303 982 2360 terrarum
1028 2317 1161 2361 cum
1206 2317 1282 2360 ea
1328 2306 1671 2375 commutet,
1721 2299 2028 2382 digitoque
2057 2301 2345 2376 circuloS,
2398 2320 2572 2380 quam
2621 2290 2873 2388 populea
2923 2300 3038 2391 ἰιῃς,
3051 2374 3060 2390 ¹

320 2385 507 2467 petiis
553 2404 763 2466 regere
814 2387 1011 2450 malit.

497 2475 635 2539 Nou
685 2475 834 2538 haec
878 2493 951 2538 eo
998 2475 1167 2550 dico,
1213 2474 1329 2536 viri
1375 2473 1757 2556 amplissimi,
1805 2483 1876 2538 ut
1919 2495 2138 2543 novum
2183 2477 2562 2557 paradoxon,
2623 2495 2804 2548 senes
2851 2477 3064 2562 dissi-r„

319 2563 529 2640 pulos,
578 2563 642 2624 in
684 2583 929 2626 scenam
972 2582 1083 2628 seu
1128 2562 1189 2626 iu
1236 2563 1481 2628 scholas
1525 2564 1892 2645 producam.
1878 2585 1893 2600 ·
1953 2565 2062 2628 sed
2119 2575 2188 2628 ut
2240 2575 2536 2645 appareat
2581 2567 2904 2645 quodnam·
2925 2583 3065 2648 gem

319 2651 563 2713 »uinum
610 2661 848 2732 tempus
896 2652 981 2714 sit
1022 2670 1283 2714 messem
1328 2653 1407 2714 de
1455 2653 1549 2718 his
1594 2653 1817 2716 studiis
1855 2654 2198 2732 colligendi.
2275 2653 2400 2716 Cur
2445 2654 2605 2721 euim
2649 2654 2728 2715 de
2770 2663 3062 2716 sementee

320 2740 601 2803 facienda
648 2741 828 2803 aliter
876 2759 987 2821 ego
1035 2741 1315 2817 sentiam,
1366 2749 1547 2824 atque
1594 2741 1710 2804 viri
1752 2742 2202 2824 prudentissimi
2251 2744 2328 2803 de
2375 2749 2584 2805 vestra
2629 2757 2890 2805 corona·
2941 2743 3042 2845 qui

318 2828 468 2891 haec
500 2830 703 2891 studia
720 2824 889 2893 inter
922 2831 1250 2911 praecipua
1296 2837 1675 2905 censuerunt,
1727 2851 1880 2935 quae
1919 2831 2283 2912 juvenilibus
2333 2831 2669 2893 nobilitatis
2717 2822 2932 2893 animis
2981 2833 3038 2892 in

318 2926 527 2980 vestra
606 2918 817 2981 schola
887 2930 1378 3000 proponerentur.
1492 2918 1597 2982 Sic
1672 2918 1831 2985 enim
1910 2918 2291 2995 existimant,
2377 2938 2569 3001 neque
2636 2920 2836 2999 aptius
2901 2940 3037 2982 esse
3133 2968 3144 2977 .

317 3024 507 3087 genus
575 3007 873 3071 hominum
929 3008 1004 3069 ad
1080 3008 1335 3070 colenda
1398 3008 1774 3071 mathemata
1839 3008 2184 3083 nobilitate,
2263 3017 2328 3070 ut
2387 3008 2621 3093 quibus
2658 3018 2823 3069 artes
2882 3010 3037 3070 aliae

320 3096 397 3157 ad
441 3096 671 3158 victum
718 3097 1183 3179 comparandum
1231 3116 1343 3159 non
1394 3098 1483 3160 ita
1538 3099 1948 3173 necessariae,
1967 3118 2118 3159 onec
2177 3098 2411 3177 aptiora
2468 3096 2769 3171 nobilitati
2835 3096 3040 3184 studia

315 3184 779 3263 mathematicis,
828 3193 1184 3267 propterea,
1232 3186 1388 3266 qnod
1436 3186 1675 3251 occulta
1720 3197 1783 3249 et
1829 3183 2080 3251 mirifica
2125 3187 2383 3267 quadam
2429 3184 2722 3265 facultate
2768 3168 3039 3269 polleant

312 3292 459 3353 prae
510 3274 751 3349 ceteris,
802 3275 1035 3337 feroces
1082 3272 1313 3339 animos
1358 3275 1441 3337 ad
1474 3266 1953 3340 humanitatem
1969 3276 2164 3355 adque
2203 3274 2470 3340 sobrium
2511 3294 2710 3353 rerum
2756 3283 3046 3348 terrena-

314 3382 442 3425 rum
489 3370 857 3427 contemtum
900 3363 1275 3427 instituendi.
1352 3361 1473 3434 Qui
1520 3364 1754 3427 fructus
1790 3364 1910 3426 etsi
1947 3364 2306 3441 difficultate
2351 3373 2418 3427 et
2463 3364 2788 3426 insolentia
2831 3371 3042 3429 mate-r

313 3452 421 3513 riei
458 3451 781 3531 juvenibus
828 3453 1205 3526 obscuratur,
1252 3452 1499 3515 senibus
1534 3459 1757 3527 tamen,
1806 3453 1896 3515 uti
1926 3454 2101 3514 modo
2131 3428 2376 3527 dictim,
2424 3470 2534 3513 suo
2574 3459 2846 3532 tempore
2893 3471 3031 3515 sese

312 3540 630 3620 patefacit.

491 3629 695 3709 Atque
739 3628 889 3690 haec
936 3646 1049 3709 ego
1094 3629 1389 3690 hactenus
1444 3648 1576 3691 cum
1626 3630 1699 3689 de
1746 3629 2166 3709 praesentibus
2224 3614 2512 3709 pagellis,
2573 3637 2700 3690 tum
2748 3629 2822 3689 de
2871 3628 3030 3690 omni

312 3718 701 3795 astronomia,
753 3717 831 3779 ad
874 3736 981 3779 vos
1029 3718 1433 3780 astronomiae
1481 3726 1547 3779 et
1592 3716 1945 3779 literaturae
1993 3718 2180 3780 totius
2212 3725 2536 3793 amatores,
2587 3716 2720 3778 Viri
2751 3716 3027 3797 Amplis-

312 3808 486 3881 simi3
543 3816 610 3869 ut
672 3808 800 3887 ejus
848 3825 957 3866 vos
1006 3805 1394 3879 admoneam,
1459 3806 1613 3889 quod
1670 3807 1904 3887 pridem
1960 3806 2223 3868 tenetIS.
2292 3826 2481 3887 neque
2531 3806 2677 3867 nulli
2727 3806 2853 3866 usui
2902 3806 3027 3867 fore

310 3898 440 3972 hoc,
494 3888 649 3978 qnod
677 3894 919 3957 humilis
957 3896 1141 3957 offero
1190 3903 1254 3957 et
1300 3896 1529 3971 dedice,
1582 3897 1950 3976 opusculum,
1999 3896 2190 3971 vobis,
2239 3894 2510 3975 quivere
2539 3896 2838 3977 generosi,
2887 3913 3026 3955 vere

308 3984 543 4048 nobiles
589 3982 779 4047 estis:
844 3993 909 4045 et
954 3982 1007 4045 si
1054 4004 1233 4065 qnam
1282 3985 1519 4047 laudem
1567 3992 1830 4047 meretur
1875 3984 2173 4065 inventio,
2236 3984 2402 4049 illam
2463 4002 2686 4063 magna
2730 4004 2805 4045 ex
2852 3991 3026 4085 parte

309 4075 387 4135 ad
434 4093 543 4137 vos
588 4072 909 4154 pertinere,
960 4073 1063 4151 qui
1106 4081 1315 4137 vestra
1362 4073 1729 4136 liberalitate
1766 4082 2089 4153 vestroque
2135 4073 2436 4152 stipendio
2485 4072 2630 4133 mihi
2675 4072 3026 4136 occasiones

308 4170 371 4225 et
415 4164 603 4225 otium
647 4162 797 4225 haec
844 4161 933 4223 ita
986 4162 1427 4223 commentandi
1484 4161 1737 4223 fecistis.
1833 4160 2114 4240 Accipite
2163 4161 2380 4240 igitur,
2448 4160 2584 4223 Viri
2619 4158 3024 4239 -Amplissimi,

309 4252 421 4313 hoc
480 4250 641 4332 grati
704 4250 889 4311 animi
952 4249 1289 4331 symbolum
1308 4296 1327 4323 ‚
1394 4268 1605 4331 meque
1670 4250 1956 4313 humilem
2015 4250 2296 4311 clientem
2341 4251 2404 4311 in
2449 4257 2716 4310 vestram
2761 4247 3024 4327 gratiam

308 4341 635 4421 suscipit03
682 4349 747 4400 et
792 4338 1047 4419 denique
1096 4340 1433 4400 assuescite
1480 4338 1640 4400 inter
1687 4339 1997 4412 Atlantes,
2046 4338 2330 4412 Perseas,
2380 4334 2670 4410 Oriones,
2721 4336 3022 4398 Caesares

307 4430 687 4508 Alphonsos,
756 4426 1191 4507 Rhodolphos,
1268 4437 1623 4508 ceterosque
1688 4427 2092 4489 astronomiae
2157 4432 2531 4506 promotores
2562 4430 2618 4497 τ)
2691 4424 3016 4486 accenseri.

307 4516 549 4581 Valete.
644 4515 850 4580 Idibus
898 4516 1089 4595 Maji:
1140 4516 1241 4597 qui
1288 4516 1415 4578 dies
1463 4523 1602 4578 ante
1651 4536 1870 4578 annum
1917 4516 2148 4579 initium
2198 4516 2310 4577 fuit
2353 4515 2528 4597 hujus
2577 4514 2823 4595 laboris.

731 4606 909 4685 AmP·
942 4604 1268 4755 {amnis
1250 4691 1311 4753 in
1359 4691 1568 4755 schola
1612 4700 1823 4755 vestra
1872 4692 2210 4756 Graetiana
2253 4688 2716 4843 matihematicus

2191 4782 2286 4845 Μ
2382 4774 2976 4947 caess

2457 4970 2593 5035 .⁷*
