3634 5575
13 1045 18 1078 ῃ,
14 963 20 996 Ὗ-
13 881 20 918 —
13 801 20 836 „-
13 717 20 756 -
13 639 20 672 ,Ὗ
13 557 20 590 .-
13 475 24 512 .-

13 1127 22 1562 ---,--.-.-.

1459 323 1628 376 Notae
1663 325 1893 376 editors..
2128 377 2136 382 ,
2914 321 3052 390 199-

307 485 526 554 triplex
555 485 626 538 ad
651 501 838 540 unum.
894 484 1064 539 Verbi
1091 486 1312 556 gratia:
1355 487 1576 556 quando
1603 501 1758 540 sumo
1787 497 1973 540 arcum
2010 485 2199 558 ῥητον,
2236 491 2303 538 ut
2349 478 2433 548 Ἅι,
2476 487 2633 556 cujus
2672 487 2946 540 subtensa
2972 486 3047 539 sit

316 563 780 628 demonstrabilis,
828 565 924 618 sed
964 557 1018 623 Ἰ.
1052 567 1123 618 ad
1146 565 1424 620 residuum
1459 559 1518 624 Ἰ.
1549 582 1658 618 non
1697 565 1772 620 sit
1797 565 1943 618 dicto
1980 568 2137 619 modo
2178 565 2447 633 probatus
2490 569 2690 636 loyor,-
2736 571 2869 620 tunc
2904 565 3046 619 fiunt

315 659 394 696 ex
415 643 520 698 fide
551 643 588 698 3
615 661 798 707 voces,
843 660 1076 714 quarum
1111 649 1330 700 tantum
1368 648 1510 700 duae
1549 651 1873 698 consonant.
1930 645 2071 698 Nam
2106 659 2239 714 pars
2284 640 2341 703 ‘le
2374 662 2497 699 cum
2526 651 2649 700 tota
2683 639 2744 704 Ἰ.
2779 651 3049 700 consonat

315 715 576 795 (propter
615 723 1136 802 demonstrationem
1180 727 1483 778 subtensae
1521 731 1580 778 et
1617 724 2059 778 enunciationem
2106 741 2267 778 arcus
2313 723 2660 793 possibilem,
2710 741 2854 796 quae
2892 733 3047 780 amat

313 799 544 868 natura)
575 811 844 858 consonat
871 795 1091 872 inquam
1119 824 1234 878 ιρις
1260 805 1358 858 δια
1383 820 1597 861 uacant.
1653 804 1762 858 Sed
1789 804 2066 858 residuum
2102 799 2160 864 ⁷1¹·
2204 821 2325 858 cum
2359 796 2417 863 ⁸!-
2462 822 2571 858 non
2616 809 2901 868 consonat,
2942 821 3047 858 nec

321 875 389 942 *1.
419 897 544 936 cum
577 877 660 944 Ἰ..
713 883 822 938 Hic
847 899 950 952 pro
978 883 1185 953 triplici
1213 890 1480 939 concentu
1512 890 1604 937 est
1639 901 1780 938 unus
1819 883 2021 938 saltem
2050 891 2111 936 et
2137 885 2281 937 duae
2310 884 2735 953 discrepantiae.
2791 883 3047 938 Vicissim
3078 917 3095 925 =

311 961 766 1018 constituantur
750 980 806 1016 ιιι
831 963 936 1016 fide
962 970 1158 1032 partes
1189 963 1246 1028 3,
1290 965 1344 1028 4,
1389 971 1454 1018 ut
1491 979 1704 1018 summa
1730 963 1975 1034 partium
2002 963 2077 1018 sit
2108 962 2159 1018 7.
2216 962 2323 1016 Hic
2361 963 2493 1035 quia
2519 969 2711 1033 partes
2743 962 2778 1018 3
2808 964 2876 1016 ad
2906 963 3042 1017 resi·

311 1041 482 1096 duum
511 1042 564 1103 4,
610 1050 698 1097 est
729 1048 796 1097 ut
825 1042 889 1096 -in
930 1042 1194 1098 divisione
1225 1043 1634 1114 quadripartita
1661 1042 1852 1096 circuli
1890 1059 2051 1097 arcus
2092 1043 2127 1097 3
2156 1044 2453 1098 subtensus
2480 1043 2661 1097 latere
2691 1043 3041 1114 tetragonico

311 1122 747 1187 demonstrabili,
795 1123 864 1175 ad
915 1129 1088 1178 totum
1133 1122 1396 1178 circulum
1435 1123 1500 1178 4:
1545 1123 1666 1176 ideo
1715 1122 1885 1176 etiam
1922 1138 2055 1192 pars
2096 1122 2217 1176 fidis
2246 1121 2281 1175 3
2312 1141 2433 1178 cum
2458 1123 2677 1177 residuo
2709 1124 2746 1178 4
2775 1129 3046 1178 consonat

311 1201 418 1255 δια
441 1215 738 1274 reconem.
793 1201 904 1256 Sed
929 1219 1108 1273 neque
1139 1201 1176 1256 3
1203 1220 1382 1274 neque
1413 1204 1450 1258 4
1477 1219 1600 1256 cum
1626 1207 1754 1256 tota·
1775 1201 1883 1256 fide
1914 1202 1946 1254 7
1987 1210 2271 1264 consonat,
2312 1202 2445 1272 quia
2481 1203 2672 1256 divisio
2702 1202 2893 1256 circuli
2919 1201 2977 1256 in
3007 1201 3038 1256 7

311 1287 408 1334 est
431 1279 582 1336 inter
606 1281 878 1350 rejectam
917 1299 1040 1336 cum
1081 1284 1381 1336 subtensae
1408 1289 1693 1352 nequeant
1719 1282 2100 1338 demonstrari.
2161 1283 2297 1335 Cum
2332 1298 2469 1354 erg-0
2508 1283 2598 1336 hic
2626 1299 2841 1354 quoque
2872 1283 3042 1336 alter·

310 1367 448 1414 utra
474 1361 674 1414 saltem
703 1360 940 1416 conditio
971 1379 1046 1416 ex
1074 1378 1250 1431 supra
1273 1362 1551 1433 requisitis
1599 1361 1761 1426 adsit,
1813 1362 1935 1414 ideo
1976 1366 2035 1414 et
2068 1360 2161 1416 hic
2200 1370 2497 1416 concentus
2540 1362 2793 1430 simplex,
2841 1361 3042 1416 discor-

307 1440 513 1494 dantia
539 1441 764 1510 duplex.
823 1444 904 1494 At
931 1441 976 1494 si
1005 1441 1414 1496 constituantur
1461 1442 1518 1496 in
1560 1442 1666 1496 fide
1705 1447 1901 1509 partes
1940 1440 2003 1505 2,
2050 1443 2075 1494 1
2097 1482 2111 1504 ,
2163 1447 2263 1494 aut
2304 1458 2660 1512 quaecunque
2690 1459 2765 1494 ex
2792 1447 2917 1496 octo
2948 1442 3042 1494 ad-

309 1519 527 1583 missis,
573 1520 673 1574 fiet
716 1527 1012 1574 concentus
1063 1520 1270 1589 triplex
1313 1521 1490 1588 partis
1534 1523 1558 1574 1
1605 1537 1727 1574 cum
1761 1520 1981 1574 resid'uo
2026 1520 2059 1574 2
2097 1521 2195 1576 δια
2218 1536 2447 1586 πασων,
2498 1529 2557 1574 et
2590 1522 2877 1591 utriusque
2924 1535 3045 1574 cum

307 1605 442 1652 tota
469 1599 522 1662 3,
563 1599 775 1654 scilicet
801 1600 900 1653 δια
922 1617 1106 1662 nme,
1143 1607 1202 1653 et
1229 1602 1326 1656 δια
1351 1620 1517 1656 neme
1541 1599 1636 1656 ἐπι
1661 1601 1975 1657 διαπασων.
2025 1601 2131 1653 Hic
2158 1601 2315 1654 nulla
2341 1607 2431 1654 est
2456 1599 2845 1654 discordantia.
2910 1600 3043 1654 Jure

306 1679 505 1749 itaque
555 1678 676 1750 quis
723 1683 928 1750 λογους
971 1679 1140 1732 hosce
1191 1680 1394 1734 solidos
1442 1679 1662 1734 dixerit.
1735 1682 2023 1734 Hactenus
2054 1699 2129 1734 ex
2164 1679 2473 1750 geometria
2513 1678 2873 1734 demonstrati
2916 1684 3046 1732 sunt

305 1776 420 1814 non
447 1761 626 1814 minus
653 1759 900 1830 perfecte
930 1763 1111 1830 λογοι,
1141 1776 1305 1831 quam
1331 1759 1731 1814 demonstravit
1756 1759 2014 1814 Euclides
2046 1775 2295 1829 corpora.

473 1841 598 1892 Jam
623 1838 682 1893 hi
711 1843 877 1911 λογοι
905 1844 1039 1891 sunt
1069 1854 1560 1912 κοσμοποιητικοι,
1599 1846 1754 1894 amat
1790 1857 1885 1892 eos
1924 1845 2128 1893 natura
2164 1839 2220 1892 in
2262 1839 2511 1893 omnibus
2538 1840 2706 1892 rebus
2737 1842 2921 1908 λογων
2948 1854 3041 1892 ca-

306 1918 564 1988 pacibus.
621 1923 792 1972 Amat
816 1935 912 1972 eos
941 1917 1086 1972 ratio
1115 1918 1364 1982 hominis,
1407 1935 1548 1990 quae
1579 1925 1667 1974 est
1695 1920 1879 1991 imago
1909 1918 2221 1972 conditoris.
2276 1921 2483 1972 Essent
2520 1917 2695 1990 igitur
2722 1919 3042 1971 traducendi

305 1999 367 2052 in
395 1999 556 2052 varia
583 1998 854 2066 subjecta,
887 1999 982 2051 sed
1013 1997 1115 2050 illa
1141 2015 1249 2051 non
1279 1997 1464 2053 omnia
1491 2005 1622 2052 sunt
1650 1999 1895 2070 cognita.
1954 1999 2108 2061 Quae
2140 2005 2325 2052 autem
2354 1998 2583 2068 cognita
2610 2003 2757 2058 sunt,
2789 1997 3041 2050 scribam.

303 2077 492 2132 Primo
521 2094 783 2132 mensura
809 2077 1296 2146 pronunciationis,
1327 2079 1421 2133 ubi
1440 2085 1648 2150 reg-nat
1675 2078 1959 2148 proportio
1998 2073 2053 2137 Ἰ.
2090 2084 2149 2131 et
2175 2078 2303 2130 hinc
2330 2077 2527 2131 existit
2552 2077 2777 2146 poetica
2807 2076 3043 2130 omnium

309 2157 652 2228 linguarum.
705 2157 920 2211 Deinde
947 2173 1208 2210 mensura
1234 2163 1411 2212 motus
1441 2159 1497 2211 in
1533 2173 1760 2228 corpore
1801 2157 2061 2222 humano,
2100 2157 2227 2212 hinc
2268 2147 2519 2210 existunt
2554 2155 2903 2219 saltationes,
2946 2154 3046 2208 ubi

307 2243 404 2290 est
450 2230 537 2299 ¹l‚.
586 2233 623 2262 ¹·
609 2229 714 2298 ’.Ἄ
773 2236 962 2290 Tertio
1005 2239 1232 2290 eaedem
1274 2239 1677 2306 proportiones,
1731 2238 1923 2292 eadem
1969 2239 2036 2290 de
2078 2252 2250 2289 causa
2286 2244 2417 2290 sunt
2450 2236 2504 2289 in
2541 2251 2800 2290 mensura
2829 2241 3041 2298 cantus,

309 2317 444 2372 hinc
474 2323 732 2370 notarum
760 2317 980 2370 valores
1011 2322 1071 2368 et
1097 2322 1295 2370 tactus.
1358 2316 1565 2386 Opinor
1594 2316 1798 2370 alicubi
1840 2321 1900 2370 et
1941 2317 2302 2388 quadruplam
2350 2309 2381 2338 ¹·
2371 2308 2452 2375 ‘⁸l4
2500 2321 2600 2369 aut
2637 2320 2786 2368 certe
2838 2308 2869 2338 ²
2881 2305 2938 2373 Ἰ.
2987 2313 3042 2367 ἰιι

305 2413 416 2451 usu
446 2413 588 2451 esse.
647 2397 860 2458 Quarto
890 2401 956 2448 ut
980 2395 1207 2465 propius
1236 2403 1492 2450 naturam
1522 2397 1862 2460 accedamus,
1902 2397 2089 2450 insunt
2127 2412 2312 2448 omnes
2342 2395 2585 2464 perfecte
2625 2395 2680 2447 in
2710 2397 3039 2449 concordan-

303 2477 404 2531 tiis
433 2474 667 2530 musicis.
719 2467 830 2548 [Et
857 2475 946 2528 hic
972 2482 1167 2544 posset
1200 2476 1326 2529 addi
1355 2475 1659 2546 disputatio
1688 2477 1754 2528 de
1785 2475 2036 2530 tensione
2068 2475 2365 2529 artificiosa
2392 2473 2761 2538 clavichordii,
2795 2475 2924 2545 quia
2952 2490 3041 2528 res

303 2556 522 2610 incerta
561 2563 650 2609 est
678 2554 736 2609 in
765 2555 1003 2626 quinque
1034 2553 1258 2608 vocibus
1283 2550 1344 2622 ¹¹¹)
1389 2573 1441 2619 a,
1472 2556 1566 2618 cis,
1598 2555 1635 2618 f,
1667 2555 1754 2620 fis,
1785 2555 1894 2626 gis,
1945 2557 2072 2626 Ego
2103 2557 2180 2607 sic
2209 2571 2424 2618 censeo,
2452 2561 2519 2607 ut
2546 2553 2597 2608 G
2624 2555 2694 2607 ad
2722 2554 2772 2617 d,
2805 2555 2882 2608 sic
2910 2556 2943 2606 d
2972 2555 3043 2608 ad

305 2653 348 2690 a
376 2652 501 2688 esse
532 2636 751 2697 debere,
793 2641 852 2687 et
878 2641 945 2687 ut
973 2633 1020 2686 G
1052 2637 1122 2686 ad
1152 2635 1206 2696 h,
1249 2635 1328 2688 sic
1357 2638 1390 2689 d
1419 2637 1488 2689 ad
1519 2635 1620 2697 fis;
1663 2642 1727 2689 ut
1761 2635 1842 2688 sic
1870 2651 1905 2688 a
1932 2643 1991 2688 et
2018 2633 2088 2688 fis
2120 2635 2594 2688 accommodentur
2622 2636 2691 2686 ad
2720 2635 2769 2686 d.
2826 2633 3041 2687 Deinde

303 2714 716 2768 utGadcsic
755 2712 948 2774 sads,
981 2719 1040 2766 et
1076 2715 1384 2768 utGadh
1420 2715 1499 2768 sic
1540 2733 1570 2767 e
1615 2715 1683 2768 ad
1725 2714 1831 2786 gis.
1893 2713 2397 2784 EtdeniqueutG
2443 2715 2511 2766 ad
2556 2715 2591 2766 b
2634 2711 2711 2765 sic
2753 2714 2788 2765 b
2833 2715 2901 2766 ad
2945 2712 3039 2765 cis.

468 2796 612 2849 Nam
653 2794 759 2847 hoc
798 2802 966 2864 pacto
1009 2794 1120 2856 fiet,
1166 2801 1228 2847 ut
1269 2812 1371 2864 per
1408 2794 1823 2865 proportionem
1872 2787 1931 2854 Ἰ.
1975 2794 2346 2848 constituatur
2376 2810 2428 2847 a.
2490 2792 2546 2848 Si
2587 2810 2782 2863 nempe
2813 2794 2863 2847 G
2905 2792 3039 2846 divi-

303 2878 475 2929 datur
515 2875 570 2928 in
615 2874 668 2938 8,
723 2868 778 2932 ‘la
826 2874 934 2927 erit
975 2894 1091 2943 ιρις
1128 2874 1228 2927 δια
1262 2890 1461 2930 πασων
1503 2881 1562 2928 et
1615 2870 1672 2935 Ἰ.
1717 2880 1880 2929 erunt
1922 2890 1972 2945 a,
2016 2874 2271 2943 perfect-a
2310 2874 2571 2928 secunda.
2636 2874 2722 2926 Ita
2764 2890 2866 2943 per
2907 2889 3035 2943 pro-

303 2955 617 3026 portionem
687 2946 773 3014 ¹1¹2·
845 2952 1214 3007 constituetur
1273 2960 1434 3007 tonus
1495 2955 1585 3008 vel
1645 2956 1889 3008 secunda
1945 2954 2136 3007 minor.
2238 2954 2381 3007 Nam
2438 2944 2524 3014 'lm
2586 2953 2651 3006 de
2710 2952 2759 3006 G
2816 2950 3041 3006 sonabit

302 3052 560 3108 τετρακις
595 3035 692 3089 dea
727 3048 927 3088 πασων
967 3049 1138 3102 supra
1180 3034 1258 3097 G,
1303 3040 1362 3087 et
1395 3027 1523 3096 “lm
1572 3034 1796 3088 sonabit
1838 3035 1953 3088 Gis.
2039 3032 2195 3087 Sicut
2237 3050 2374 3103 ergo
2418 3049 2453 3085 a
2496 3034 2565 3085 ad
2605 3033 2675 3097 b,
2720 3032 2798 3085 sic
2839 3033 2947 3086 erit
2990 3030 3039 3084 G

304 3114 381 3168 ad
423 3113 537 3167 Gis.
620 3114 762 3167 Nam
803 3119 862 3167 et
902 3114 937 3165 b
980 3118 1068 3165 est
1117 3106 1228 3174 ¹⁸l.0
1275 3115 1342 3166 de
1386 3131 1439 3168 a.
1525 3116 1630 3168 Est
1671 3120 1861 3168 autem
1916 3113 2323 3183 sedecangulus
2377 3118 2653 3183 cognatus
2708 3112 3039 3202 octangulo,

304 3200 370 3247 et
406 3208 540 3262 pars
583 3192 705 3246 fidis
746 3198 967 3246 resecta
1006 3192 1186 3245 adhuc
1226 3200 1494 3248 consonat
1535 3194 1656 3247 toti.
1739 3193 1883 3247 Hinc
1926 3192 2175 3246 oriuntur
2218 3193 2360 3246 tales
2405 3192 2551 3253 toni,
2614 3208 2718 3260 per
2759 3209 2896 3261 quos
2940 3190 3037 3245 im·

305 3271 549 3327 mediate
578 3272 724 3326 inter
761 3271 1107 3325 canendum'
1091 3272 1160 3325 iri
1198 3280 1406 3341 potest.
1473 3275 1682 3327 Contra
1717 3272 1863 3326 inter
1906 3275 1957 3338 b,
2001 3272 2038 3325 h
2082 3271 2427 3325 semitonium
2469 3278 2571 3333 est,
2615 3287 2719 3340 per
2746 3272 2888 3341 quod
2932 3288 3042 3324 non

305 3354 423 3408 itur
466 3354 732 3405 canendo.
795 3350 949 3405 Talis
993 3366 1208 3421 quoque
1251 3360 1340 3407 est
1379 3352 1502 3421 ejus
1547 3351 1760 3406 divisio.
1842 3354 1983 3407 Nam
2025 3352 2072 3405 si
2111 3353 2147 3405 b
2190 3350 2473 3404 dividatur
2516 3351 2571 3405 in
2615 3350 2723 3414 25,
2768 3352 2805 3404 b
2848 3353 3040 3405 durum

304 3432 420 3486 erit
461 3448 648 3485 earum
690 3432 932 3501 partium
975 3430 1076 3493 24,
1137 3437 1196 3484 et
1246 3422 1328 3491 'ln
1389 3450 1495 3485 non
1549 3430 1879 3485 consonabit
1929 3448 2050 3485 cum
2102 3436 2223 3485 tota
2261 3432 2367 3484 fide
2412 3430 2505 3483 25.
2589 3430 2705 3484 Nec
2748 3446 2883 3484 sane
2924 3446 3039 3483 me-

304 3511 470 3577 mini,
531 3511 680 3565 latus
738 3509 1352 3582 vigintiqtiinquanguli
1407 3510 1786 3565 demonstrari.
1873 3511 2081 3565 Contra
2118 3526 2251 3580 pars
2302 3512 2325 3563 1
2379 3510 2709 3563 consonabit
2750 3526 2870 3563 cum
2909 3525 3039 3579 par-

307 3592 460 3647 tibus
505 3590 609 3655 24,
653 3590 749 3645 δια
795 3608 960 3647 news
1009 3588 1103 3643 ἔπι
1150 3609 1399 3661 τετρακις
1437 3591 1535 3646 δια
1572 3607 1785 3645 πασων.
1867 3591 2009 3645 Nam
2052 3590 2398 3659 24·ang¹ulus
2455 3595 2544 3642 est
2584 3586 3041 3643 demonstrationi

309 3670 566 3742 propior,
614 3670 828 3725 scilicet
869 3668 915 3722 si
959 3678 1358 3739 componuntur
1399 3673 1653 3743 trigonus
1696 3678 1758 3724 et
1798 3676 2105 3741 octogonus
2148 3670 2204 3723 in
2244 3670 2435 3722 eodem
2474 3668 2697 3722 circulo.
2780 3667 3043 3741 Sequitur

305 3750 650 3819 comparatio
693 3751 763 3815 h,
809 3767 867 3813 c,
915 3766 1058 3820 quae
1100 3766 1161 3803 se
1203 3768 1418 3805 rursum
1459 3751 1688 3813 habent,
1733 3756 1800 3804 ut
1846 3750 1916 3805 16
1960 3750 2031 3802 ad
2079 3748 2169 3812 15,
2214 3754 2408 3819 estque
2450 3756 2615 3802 tonus
2656 3746 2847 3801 minor.
2930 3748 3039 3801 Sed

307 3848 423 3885 non
465 3830 647 3884 omnia
684 3846 1004 3899 persequar.
1090 3829 1255 3883 Vides
1300 3838 1486 3885 autem
1537 3846 1796 3901 quorsum
1848 3830 2103 3891 tendam,
2156 3845 2352 3898 nempe
2402 3835 2467 3882 ut
2508 3827 2689 3882 omnia
2729 3828 3039 3891 semitonia,

311 3920 506 3971 tonos,
549 3911 758 3973 dieses,
819 3927 894 3963 ex
935 3909 1198 3963 divisione
1239 3911 1357 3964 fidis
1401 3910 1506 3965 tali
1549 3913 1808 3973 educam,
1864 3926 2008 3980 quae
2049 3909 2263 3962 habeat
2303 3911 2632 3963 alterutram
2673 3908 3040 3961 conditionum

307 3994 542 4045 duarum
584 4005 758 4059 supra
797 3988 1119 4059 positarum,
1165 3994 1224 4042 et
1264 3998 1529 4062 sequatur
1571 4008 1646 4045 ex
1689 3990 1875 4059 aliquo
1917 3988 2169 4059 regulari
2211 3989 2380 4057 plano
2424 3988 2857 4051 demonstrabili,
2906 4003 3037 4057 quo-

307 4086 432 4125 rum
473 4076 634 4134 sunt,
677 4086 803 4123 mea
843 4067 1058 4139 quidem
1099 4070 1384 4125 sententia
1439 4087 1546 4123 non
1597 4071 1762 4139 plura
1803 4086 1969 4139 quam
2010 4068 2342 4138 quindecim:
2401 4084 2544 4138 quae
2586 4069 2895 4137 designabo
2938 4082 3039 4119 nu·

308 4150 475 4205 meris
518 4157 580 4204 et
619 4150 674 4203 in
717 4150 928 4203 classes
971 4147 1329 4221 distinguam.
1414 4150 1626 4204 Primas
1669 4156 1828 4203 tenet
1868 4149 2259 4220 sexangulum.
2343 4148 2591 4201 Secundo
2647 4148 2766 4200 loco
2810 4153 2941 4201 sunt
2983 4144 3037 4209 3,
3092 4156 3101 4165 ·

312 4232 374 4284 4-
353 4231 621 4300 -,ang-ula
674 4229 841 4282 tertio
891 4228 987 4282 10-
966 4228 1286 4300 -angulum,
1345 4236 1543 4299 quarto
1588 4230 1658 4293 5,
1713 4229 1773 4283 8-
1753 4244 1947 4299 -.,ang
2002 4229 2191 4297 quinto
2240 4228 2338 4289 12,
2389 4225 2477 4289 15,
2525 4226 2618 4288 20,
2664 4226 2758 4289 24,
2802 4224 2895 4289 30,
2942 4224 3036 4287 40,

313 4310 418 4381 60,
464 4309 572 4373 90,
637 4309 770 4363 120-
751 4308 1006 4379 &angula
1092 4308 1248 4370 Quae
1291 4326 1416 4363 cum
1457 4310 1538 4363 ita
1577 4311 1719 4371 sint,
1773 4308 2070 4361 difficultas
2111 4308 2245 4361 mihi
2286 4306 2547 4375 objicitur
2585 4305 2641 4359 in
2690 4306 2759 4359 16
2805 4305 3033 4375 ang-ulo.

313 4376 536 4453 Quaero
578 4388 754 4460 igitur
796 4406 869 4443 ex
911 4394 967 4441 te
1007 4389 1268 4479 primum,
1314 4406 1390 4443 an
1430 4388 1553 4457 ejus
1595 4388 1791 4442 lateris
1836 4388 1909 4441 sit
1949 4387 2139 4457 aliqua
2182 4387 2299 4441 alia
2337 4385 2767 4448 demonstratio,
2812 4390 3039 4453 praeter

315 4486 651 4523 communem
693 4468 850 4523 illam
889 4468 1124 4523 omnium
1165 4470 1483 4540 figurarum,
1533 4484 1763 4539 quarum
1805 4468 2159 4536 duplicantur
2199 4468 2397 4521 latera.
2480 4466 2623 4520 Nam
2664 4465 2711 4518 si
2752 4464 2911 4519 nulla
2952 4467 3041 4515 est

313 4548 446 4613 alia„
489 4549 790 4618 poterimus
819 4547 942 4617 pari
966 4546 1114 4616 jure,
1158 4548 1204 4601 si
1245 4566 1377 4603 usus
1421 4549 1584 4613 ferat,
1629 4548 1893 4602 adhibere
1940 4546 2034 4611 48,
2079 4548 2172 4611 80,
2219 4547 2311 4611 96,
2364 4546 2492 4609 160,
2542 4544 2671 4609 180,
2723 4543 2851 4608 192,
2896 4542 3038 4597 240-

314 4629 546 4699 angula,
591 4636 650 4682 et
690 4627 768 4682 sic
809 4620 1266 4699 consequenter]

455 4753 518 4817 ὖ)
553 4754 980 4822 significationem
1015 4772 1218 4820 vocum,
1265 4772 1368 4824 qua
1401 4759 1556 4809 utitur
1589 4757 1839 4821 Ksplerus
1874 4761 2067 4808 veteres
2104 4760 2306 4807 secutus
2322 4790 2336 4817 ,
2385 4768 2475 4806 nos
2520 4753 2811 4805 hodiernam
2846 4766 3035 4805 assum-

314 4828 484 4881 nimus.
559 4826 704 4879 conf.
739 4841 856 4881 ann.
898 4824 982 4877 41.
