3634 5575
1556 363 1885 418 emo-nrm
2994 365 3081 437 98

489 517 910 572 Haestlinus:
966 519 1048 570 Do
1073 518 1432 586 Stutgardiano
1468 523 1674 588 negotio
1710 523 1853 574 rideo
1892 523 2065 572 omnia
2097 523 2353 588 quiescere
2388 530 2443 574 et
2476 523 2637 574 silere.
2690 524 3085 591 &samaram

349 587 566 640 multum
603 591 796 656 negotii
831 591 1038 642 &cessit
1072 591 1307 642 machina
1339 591 1633 656 hydraulica
1671 593 1957 644 artificiosa.
2012 591 2109 643 Ubi
2145 595 2211 643 sit
2245 594 2419 660 globus
2457 601 2723 660 argenteus
2758 597 2949 664 ignoro,
2986 599 3085 648 for-

347 673 446 710 san
483 675 573 726 per
607 659 780 711 literas
815 662 1000 712 frustra
1034 676 1218 728 quaero
1238 698 1253 720 ‚
1292 664 1388 712 nisi
1426 667 1692 716 occasione
1729 665 1901 715 oblata
1938 679 2029 730 ego
2066 665 2172 730 ipse
2210 663 2550 730 Stutgardiam
2588 667 2790 722 veniens
2826 669 3083 733 inquiram.

349 729 456 781 Sed
492 731 626 796 apud
661 731 1082 797 Kretzmayerum
1117 733 1255 783 illum
1291 736 1498 784 inveniri
1535 736 1713 793 cred03
1765 736 1827 786 de
1866 736 1971 786 'alio
2011 739 2143 785 enim
2180 742 2387 802 argento
2402 773 2419 795 ,
2468 744 2669 801 praeter
2702 737 2835 790 hunc
2870 739 3086 804 globum,

345 802 472 854 nihil
507 801 630 854 mihi
663 805 898 856 innotuit·
969 804 1372 870 Descriptionem
1409 805 1622 856 latinam
1656 821 1761 856 una
1797 821 1913 857 cum
1946 807 2119 856 rotulis
2154 809 2283 857 sicut
2314 809 2444 872 petis
2478 809 2694 859 remitto.
2755 807 2875 860 Una
2908 811 3087 866 tonas.

347 887 483 938 quae
517 881 696 926 centn
731 875 934 926 ductum
969 876 1092 942 ligni
1127 877 1290 927 incisa
1325 877 1436 936 fnit,
1473 879 1526 930 in
1562 879 1722 930 multa
1756 879 2043 944 fragmenta
2077 879 2171 928 fuit
2196 879 2473 935 confracta,
2510 894 2623 932 cum
2658 893 2771 932 eam
2804 882 2961 946 primo
2998 894 3082 932 ac·

348 947 609 1010 cepissem.
687 943 796 1010 (12.
838 945 923 996 22.
963 948 1082 1012 Apr.
1124 944 1306 1010 1599.)

527 1034 906 1112 Mechanica,
946 1045 1200 1110 respondit
1234 1044 1484 1109 Keplerua
1520 1043 1632 1108 (29.
1667 1049 1796 1113 Aug.
1839 1043 1949 1108 99).
1993 1038 2197 1120 accepi
2226 1057 2345 1100 non
2375 1038 2721 1118 integriora,
2764 1060 2943 1122 quam
2972 1061 3083 1104 ne-

351 1143 524 1186 cesse
566 1132 685 1186 est.
753 1125 846 1187 De
879 1124 1061 1206 globo
1099 1133 1164 1188 et
1201 1126 1440 1190 circulis
1488 1127 1722 1209 aliquot
1765 1127 2077 1208 argenteis
2122 1127 2319 1210 planis
2368 1147 2592 1210 quaeso
2642 1148 2801 1206 cura,
2854 1131 2907 1194 si
2953 1131 3083 1194 fieri

350 1213 463 1276 abs
511 1223 573 1276 te
617 1221 826 1296 potest
871 1215 1027 1290 citra
1071 1213 1381 1278 invidiam.

497 1317 597 1368 Die
635 1317 720 1368 15.
761 1317 846 1372 25.
883 1319 1000 1370 Jan.
1045 1316 1183 1368 1600
1215 1319 1344 1370 haec
1381 1321 1664 1384 praemissis
1702 1319 1843 1370 addit
1877 1320 2211 1370 Maestlinus:

493 1388 577 1440 De
613 1391 936 1441 instrumento
973 1405 1064 1442 seu
1101 1405 1245 1454 opere
1280 1392 1638 1443 mathematico
1673 1391 1771 1442 huc
1807 1405 1961 1456 usque
1997 1391 2119 1440 nihil
2159 1393 2279 1441 certi
2317 1392 2571 1456 comperiri
2607 1395 2744 1456 potui
2759 1429 2773 1452 ,
2819 1396 2914 1444 nisi
2951 1396 3083 1460 quod

355 1461 604 1510 aurifaber
638 1461 721 1511 ille
760 1459 1163 1528 Stutgardianus.
1201 1463 1284 1527 qui
1321 1462 1374 1512 in
1412 1464 1698 1514 consistorio
1735 1462 1901 1513 ducali
1941 1475 2239 1512 assessorem
2276 1463 2383 1527 agit
2408 1459 2509 1524 (ἲ),
2548 1477 2703 1528 nuper
2738 1465 2857 1514 mihi
2892 1467 3079 1526 retulit,

349 1530 482 1596 quod
509 1530 714 1581 Carolus
741 1533 990 1583 aurifaber
1014 1548 1098 1597 pro
1138 1547 1290 1597 opera
1325 1548 1419 1584 sua
1451 1535 1630 1600 ingens
1664 1535 1877 1597 pretium
1912 1533 2205 1598 poposcerit.
2263 1531 2363 1583 Sed
2400 1549 2611 1584 censura
2647 1537 2752 1598 ejus
2788 1536 3081 1601 quibusdam

350 1603 620 1666 deputatis,
657 1605 790 1654 inter
823 1619 944 1668 quos
981 1611 1036 1653 et
1069 1605 1194 1667 ipse,
1231 1605 1313 1669 qui
1350 1605 1468 1654 mihi
1505 1605 1688 1666 retulit,
1727 1606 1838 1662 fuit.
1880 1619 1914 1655 a
1935 1606 2155 1669 principe
2180 1604 2275 1653 fnit
2298 1606 2577 1661 commissa,
2612 1608 2695 1670 qui
2719 1609 2930 1670 pretium
2958 1608 3081 1660 illud

349 1674 454 1724 fere
495 1673 560 1723 ad
598 1675 852 1724 dimidium
887 1681 1254 1726 contraxerunt.

491 1744 616 1796 Inde
653 1745 719 1796 ab
753 1745 850 1796 hoc
885 1752 1106 1810 tempore
1141 1747 1210 1797 nil
1249 1747 1458 1812 amplius
1496 1747 1558 1796 de
1595 1746 1688 1796 hoc
1726 1759 1875 1810 opere
1912 1747 2141 1800 occurrit.
2186 1759 2335 1810 quum
2374 1747 2547 1797 turbae
2583 1754 2689 1797 tum
2726 1751 2957 1813 temporis
2996 1764 3079 1800 ex-

343 1821 486 1866 ortae
521 1817 572 1866 in
613 1816 800 1880 Styri&
841 1817 1014 1882 quibus
1049 1817 1298 1882 Keplerus
1334 1833 1526 1882 quoque
1561 1817 1782 1884 agitatus
1822 1823 1900 1866 est
1937 1813 2120 1880 (comp.
2160 1829 2208 1880 p.
2251 1813 2335 1866 39.
2376 1816 2438 1866 51
2468 1815 2621 1884 sqq.),
2658 1820 2922 1870 videantur
2957 1820 3077 1872 effe-

345 1887 472 1938 cisse
491 1925 506 1948 ,
543 1894 602 1938 ut
639 1886 702 1937 de
739 1902 797 1938 re
831 1887 1038 1938 ulterius
1073 1889 1417 1953 persequenda
1432 1925 1446 1946 ,
1485 1903 1586 1938 non
1625 1889 1835 1952 amplius
1872 1889 2135 1954 cogitaret.
3076 1921 3081 1926 -

488 1958 686 2009 Tabula
722 1958 923 2022 adjecta
958 1958 1115 2009 solum
1151 1967 1378 2023 superest
1415 1961 1668 2024 specimen
1706 1961 1981 2010 conaminis
2014 1959 2245 2021 juvenilis
2261 1994 2276 2017 ,
2324 1959 2453 2024 quod
2488 1959 2694 2019 literae,
2744 1975 2867 2027 quas
2903 1977 3077 2028 propo-

341 2031 554 2088 suimus,
591 2030 810 2094 pluribus
845 2029 1082 2080 exhibent
1117 2032 1433 2095 descriptum.
2228 2033 2239 2038 “

481 2099 722 2152 Redimus
759 2099 826 2152 ad
861 2115 984 2165 opus
1018 2101 1225 2167 Kepleri
1261 2103 1438 2170 ipsum.

485 2187 618 2250 Quid
655 2192 956 2254 spectaverit
993 2190 1125 2241 edito
1161 2189 1256 2244 hoc
1293 2205 1441 2256 opere
1479 2189 1730 2254 Keplerns
1747 2225 1762 2246 ‚
1813 2175 1943 2252 quid
1977 2188 2059 2237 alii
2110 2188 2171 2238 de
2208 2204 2267 2239 eo
2297 2189 2661 2252 judicaverint,
2714 2205 2773 2240 ex
2810 2192 2896 2247 iis,
2946 2206 3075 2258 qnae

339 2280 701 2344 praemisimus,
741 2278 923 2330 elucet.
997 2281 1161 2346 Atque
1200 2280 1584 2336 adolescentem,
1624 2292 1810 2328 annum
1846 2285 1953 2328 tum
1996 2277 2211 2328 maxime
2248 2284 2483 2343 agentem
2519 2280 2809 2330 vicesimum
2846 2282 3077 2345 quintum

337 2381 440 2417 uon
475 2373 864 2428 asuonomorum
900 2374 1115 2431 tantum,
1151 2368 1242 2418 sed
1278 2370 1428 2419 etiam
1466 2369 1706 2424 virorum,
1743 2368 1827 2430 qui
1865 2366 1966 2416 alia
2002 2366 2261 2416 doctrinae
2296 2379 2485 2432 genera
2522 2367 2783 2426 colebant,
2823 2369 2990 2420 oeulos
3024 2371 3079 2420 in

335 2469 394 2506 se
429 2457 728 2508 convertisse
772 2458 880 2523 quis
917 2463 1011 2516 est,
1049 2457 1133 2522 qui
1171 2455 1416 2508 miretur?
1489 2442 1720 2520 Denique
1757 2469 1818 2504 ex
1854 2453 1951 2504 illis
1986 2455 2139 2504 initiis
2173 2454 2392 2518 profecto
2430 2453 2495 2504 ad
2531 2454 2698 2513 illam,
2744 2471 2844 2520 qua
2878 2459 2951 2507 vir
2985 2458 3075 2508 flo-

335 2545 460 2599 ruit.
504 2543 710 2610 gloriam
747 2551 800 2596 et
835 2546 1186 2597 auctoritatem
1237 2546 1333 2594 iter
1379 2557 1488 2594 esse
1540 2543 1851 2607 patefactum
1884 2542 2131 2606 Keplerus
2166 2543 2273 2606 ipse
2308 2542 2547 2593 indicavit
2561 2578 2575 2601 ‚
2624 2544 2707 2608 qui
2744 2557 2845 2594 non
2880 2551 3077 2596 tantum

334 2633 519 2697 passim
554 2635 608 2683 in
641 2633 776 2684 libris
812 2635 1167 2690 utronomicis‚
1209 2635 1292 2698 qni
1326 2633 1646 2682 Prodromum
1672 2631 2021 2696 sequebantur,
2058 2632 2188 2681 illius
2212 2633 2515 2682 mentionem
2553 2632 2759 2690 faceret.
2797 2633 2884 2682 sed
2922 2636 3075 2684 etiam

335 2735 468 2784 anuo
506 2719 590 2772 25.
626 2730 892 2789 postquam
923 2723 1132 2789 primum
1170 2723 1332 2772 editus
1370 2729 1463 2780 est.
1501 2722 1634 2773 hunc
1669 2721 1850 2771 iterum
1890 2720 2271 2784 imprimendum
2298 2727 2511 2771 curaret.
2565 2719 2677 2772 Hoc
2715 2708 2851 2772 illum
2885 2722 3075 2789 pridem

333 2818 620 2876 spectasse,
670 2812 834 2863 elucet
870 2826 929 2861 ex
964 2812 1068 2870 his,
1106 2827 1236 2876 quae
1279 2813 1331 2861 in
1375 2812 1495 2863 libro
1533 2812 1594 2863 de
1631 2818 1770 2861 motu
1806 2810 1983 2861 stellae
2019 2805 2195 2861 Martis
2234 2808 2398 2875 (impr.
2438 2825 2485 2861 a.
2528 2805 2690 2870 1609)
2731 2817 2783 2861 et
2819 2814 2868 2862 in
2910 2812 3073 2873 „Har-

333 2899 536 2951 monia“
576 2906 838 2951 occurrunt
872 2900 1030 2951 verbis
1050 2913 1064 2948 ε

518 2988 626 3065 „Si
658 2990 1063 3068 supervixero,
1115 2991 1315 3071 quoad
1345 2988 1717 3051 astronomia
1746 3007 1914 3050 suam
1953 2988 2279 3069 puritatem
2325 2996 2387 3049 et
2432 2986 2864 3068 perfectionem
2911 3010 3067 3051 nan-

337 3078 620 3153 ciscatur,
671 3086 740 3140 ut
785 3078 844 3139 in
892 3097 1097 3155 causa,
1151 3099 1328 3160 quam
1374 3079 1434 3142 in
1483 3079 1588 3141 illo
1638 3078 1844 3161 libello
1893 3077 1971 3139 ad
2020 3078 2145 3156 ejus
2186 3076 2445 3139 tribunal
2495 3077 2752 3148 devolvi,
2799 3096 3067 3157 pronun-

333 3167 482 3229 ciari
527 3168 744 3247 possit,
791 3168 1084 3247 polliceor
1132 3168 1362 3243 lectori,
1413 3187 1504 3229 me
1555 3167 1825 3230 libellum
1852 3166 2023 3228 illum
2054 3174 2539 3241 retractatorum,
2590 3176 2653 3227 et
2680 3166 3063 3244 confirmatis,

335 3274 490 3337 quae
535 3274 682 3318 vera
729 3257 1126 3336 deprehendi,
1173 3258 1433 3337 reliqua,
1486 3276 1638 3336 quae
1687 3276 1863 3317 secus
1910 3255 2164 3329 habent,
2215 3255 2475 3316 fideliter
2522 3255 2960 3319 detecturum.“

479 3395 540 3447 In
573 3396 694 3447 libro
717 3396 784 3447 11.
811 3412 948 3462 prop.
977 3395 1044 3448 25
1091 3397 1461 3457 „Harmoniae“
1490 3398 1661 3462 paucis
1687 3410 2079 3451 commemorans
2100 3396 2415 3456 „Prodromi“
2456 3404 2822 3462 argumentum,
2856 3382 3063 3457 „nihil,

337 3468 554 3549 inquit,
601 3469 985 3549 plausibilius
1012 3470 1205 3533 videri
1232 3470 1448 3550 potuit,
1500 3488 1680 3549 quam
1707 3487 1816 3530 sex
1852 3468 2209 3530 coelestium
2246 3468 2477 3530 orbium
2514 3470 2841 3533 intervalla
2886 3471 3065 3552 quin-

339 3577 454 3641 que
505 3576 578 3619 ex
625 3558 881 3639 quinque
943 3558 1148 3639 figuris
1215 3558 1622 3640 (corporibus)
1685 3578 1821 3619 esse
1888 3557 2169 3618 desumta
2234 3578 2271 3619 a
2327 3565 2601 3618 creatore
2653 3604 2667 3618 .
2703 3604 2716 3619 .
2754 3604 2769 3619 .
2804 3606 2819 3620 .
2894 3560 3063 3621 Haec

340 3646 690 3709 distributio
738 3646 1002 3710 numeris
1049 3648 1347 3727 explorari
1395 3656 1620 3728 potest,
1669 3644 2100 3709 necessitatem
2146 3645 2344 3719 infert,
2395 3664 2708 3725 corporum
2755 3667 3063 3710 numerum

339 3754 459 3797 non
507 3736 806 3817 conquirit
851 3735 1050 3811 anxie,
1099 3737 1202 3799 sed
1249 3738 1556 3799 inventum
1595 3743 1883 3816 occupat3
1932 3734 2185 3814 denique
2232 3734 2319 3796 sic
2368 3741 2464 3796 est
2508 3735 2824 3811 instructa,
2873 3743 2941 3799 ut
2986 3736 3065 3799 ab

339 3825 434 3887 his
483 3825 656 3887 annis
704 3822 790 3886 22
837 3844 952 3887 non
1000 3834 1242 3888 tantum
1289 3826 1515 3887 nullum
1561 3825 1861 3887 invenerit
1915 3832 2427 3903 oppugnatorem,
2495 3824 2603 3886 sed
2660 3825 2847 3886 etiam
2902 3825 3069 3905 ipsos

338 3912 550 3987 Rami,
607 3914 1036 3977 inconsiderati
1093 3916 1371 3995 magistri
1421 3922 1484 3977 et
1529 3912 2106 3993 Euclideomastigis
2168 3912 2492 3993 discipulos
2535 3908 2623 3986 ²⁸)
2678 3913 3065 3995 pertraxerit,

341 4002 635 4084 hodieque
683 4009 810 4064 tam
857 4004 1080 4065 multos
1125 4000 1471 4084 pertrahat,
1519 4010 1589 4065 ut
1628 4004 1756 4083 jam
1804 4004 2026 4067 dudum
2073 4002 2397 4065 secundam
2444 4001 2768 4065 editionem
2814 4003 3065 4084 flagita-

337 4092 540 4155 verint
585 4092 1060 4155 mathematici.“

483 4196 632 4248 Hanc
669 4198 936 4248 editionem
973 4197 1244 4250 secundam
1281 4200 1386 4265 ipse
1410 4195 1658 4261 Keplerus
1697 4196 1889 4247 curavit
1926 4210 2059 4245 anno
2100 4194 2255 4251 1⁶21.
2292 4210 2451 4262 eaque
2487 4196 2626 4248 nulla
2658 4203 2801 4261 parte
2837 4196 3003 4248 differt
3038 4211 3073 4249 a

333 4288 494 4352 priore
510 4322 524 4344 ‚
578 4288 672 4337 nisi
713 4287 841 4352 quod
879 4286 1082 4337 additae
1120 4293 1236 4337 sunt
1273 4286 1622 4336 annotationes
1640 4320 1657 4344 ,
1709 4300 1823 4335 cum
1872 4285 1938 4335 ad
1975 4300 2053 4336 res
2100 4285 2401 4335 obscuriores
2448 4285 2767 4336 illustrandas
2782 4322 2797 4346 ‚
2848 4294 2956 4337 turn
3002 4286 3072 4337 ad

340 4390 552 4435 errores,
591 4376 672 4440 qui
702 4377 870 4439 juveni
909 4377 1228 4441 obrepserant
1243 4412 1257 4435 ,
1307 4374 1629 4439 detegendos.
1707 4374 2071 4425 Annotationes
2118 4374 2211 4424 has
2247 4374 2453 4438 Kepleri
2488 4374 2827 4437 subjunximus
2863 4376 3069 4441 singulis

333 4462 590 4515 Prodromi
627 4464 871 4528 capitibus
908 4466 1132 4530 signatas
1167 4464 1322 4515 literis
1361 4476 1394 4514 a
1407 4496 1424 4524 ,
1460 4463 1491 4512 b
1531 4459 1640 4520 ἀο..
1679 4468 1873 4513 nostras
1910 4478 2025 4513 vero
2060 4463 2151 4512 snb
2188 4462 2337 4512 finem
2372 4463 2481 4513 libri
2518 4462 2753 4515 collectas
2790 4463 3067 4516 addidimus

338 4552 566 4618 signatas
600 4554 818 4603 numeris
853 4554 1115 4605 continuis.
2092 4540 2095 4543 ⁴

485 4640 600 4702 Qua
621 4644 814 4694 ratione
839 4644 1016 4693 ductus
1041 4658 1145 4693 rem
1169 4644 1245 4692 ita
1265 4642 1536 4692 instituerit
1551 4640 1799 4706 Keplerus
1826 4642 1931 4705 ipse
1954 4640 2065 4700 illis,
2104 4640 2277 4705 quibus
2312 4640 2583 4692 secundam
2620 4640 2887 4694 editionem
2926 4640 3061 4693 dedi·

338 4732 474 4783 cavit
489 4768 503 4791 ‚
547 4732 964 4791 „Provincialibus
997 4730 1226 4782 Ducatus
1265 4730 1496 4796 Styriae“
1537 4730 1722 4781 clarius
1758 4730 1965 4780 indicat.

479 4822 664 4872 Forma
679 4857 694 4880 ,
746 4835 847 4887 qua
882 4820 1062 4885 prodiit
1095 4820 1318 4873 secunda
1354 4820 1504 4871 editio
1521 4856 1536 4879 ,
1587 4818 1752 4870 differt
1789 4832 1823 4869 a
1857 4820 2016 4870 forma
2049 4818 2252 4882 prioris3
2303 4818 2427 4869 liber
2472 4818 2528 4868 in
2574 4816 2689 4867 folio
2726 4830 2934 4869 excusus
2970 4824 3064 4875 est,

339 4910 520 4965 eadem
541 4912 692 4981 plane
715 4910 1060 4978 magnitudine
1085 4924 1187 4977 qua
1213 4908 1575 4971 „Harmonia“.
1611 4922 1761 4975 quum
1795 4910 1928 4975 prior
1961 4909 2113 4961 editio
2149 4907 2311 4973 quarti
2347 4904 2558 4959 formari
2580 4904 2811 4960 exhibeat
2844 4906 3062 4959 minoris·
