3634 5575
605 403 736 470 372
1445 405 1646 454 Literae
1683 403 1887 467 Kepleri
1924 403 2225 467 aliorumque
2262 407 2466 451 mutuae

605 573 928 646 portunum
993 562 1112 642 ipsi
1177 562 1293 623 fuit
1359 561 1431 622 de
1479 561 1680 624 mundi
1737 563 2067 644 archetypo
2116 560 2420 641 cogitare,
2489 561 2589 640 qui
2634 567 2729 624 est
2775 559 2837 622 in
2882 555 3214 638 geometria
3264 563 3335 617 et

605 653 955 716 nominatim
1005 653 1060 712 in
1093 650 1365 725 Euclide,
1413 650 1772 730 philosopho
1822 659 1915 712 ter
1942 650 2225 712 maximo.
2300 648 2491 710 Nobis
2532 655 2793 724 constat,
2844 653 3113 710 creatum
3140 663 3326 706 mun-

603 741 742 804 dum
791 750 854 804 et
891 747 1236 820 quantum
1285 739 1550 815 factum3
1598 739 2005 819 geometricae
2034 739 2261 820 figurae
2300 739 2394 812 (h.
2426 757 2479 800 e.
2530 735 3131 818 quantitativae)
3178 741 3329 796 sunt

603 832 768 894 entia
833 829 1106 892 rationis
1200 827 1386 888 Ratio
1451 836 1718 890 aeterna.
1811 829 1977 908 Ergo
2044 828 2269 908 figurae
2337 828 2739 906 geometricae
2806 833 2948 887 sunt
3011 831 3325 894 aeternae,

603 937 819 999 nempe
869 919 945 980 ab
992 924 1240 978 aeterno
1287 934 1491 978 verum
1539 925 1672 979 erat
1719 916 1778 977 in
1827 924 2026 978 mente
2072 916 2218 991 Dei,
2280 915 2489 978 lateris
2550 915 2913 996 tetragonici
2960 911 3327 994 quadratum

600 1029 654 1070 e.
686 1027 773 1088 gr.
817 1026 952 1070 esse
1001 1005 1303 1068 dimidium
1352 1005 1425 1066 de
1458 1006 1751 1085 quadrato
1782 1005 2082 1066 diametri.
2166 1003 2333 1084 Ergo
2378 1013 2653 1084 quanta
2698 1013 2839 1067 sunt
2866 1001 3069 1064 mundi
3096 999 3327 1062 arche—

599 1106 804 1178 typus.
899 1095 968 1156 Si
1014 1095 1180 1155 Deus
1229 1093 1659 1174 ἐγεωμετρησεν
1717 1095 1875 1156 inter
1930 1093 2281 1169 creandum,
2352 1101 2413 1154 et
2460 1094 2752 1158 animales
2800 1092 3127 1154 facultates
3178 1094 3327 1150 sunt

601 1183 970 1266 exemplaria
994 1183 1144 1257 Dei;
1194 1183 1518 1244 secundum
1566 1183 1746 1244 illud:
1797 1183 2234 1258 „Praesentem
2273 1181 2461 1244 refert
2502 1183 2808 1263 quaelibet
2834 1179 3023 1242 herba
3050 1177 3325 1250 Deum,“

597 1293 740 1354 ergo
806 1281 867 1335 et
931 1271 1224 1334 animales
1290 1272 1616 1334 facultates
1673 1291 2107 1351 γοωμετρουσι,
2176 1272 2315 1332 dum
2384 1270 2449 1332 id
2494 1290 2643 1351 opus
2690 1270 3077 1341 continuant,
3146 1265 3325 1344 cujus

597 1363 796 1443 operis
859 1362 1086 1423 creatio
1157 1359 1300 1421 fecit
1363 1359 1612 1422 initium.
1705 1359 1834 1421 Sed
1879 1362 2033 1422 satis
2097 1360 2171 1420 de
2220 1359 2310 1420 his
2358 1358 2419 1420 in
2467 1360 2891 1440 disputatione.
2986 1355 3329 1419 Confirmat
3409 1430 3420 1439 ι

597 1459 800 1513 autem
847 1470 972 1512 rem
1023 1448 1331 1510 musica.
1422 1449 1609 1510 Dicat
1653 1449 1796 1510 mihi
1847 1450 1979 1530 quis
2009 1467 2257 1509 causam
2286 1447 2467 1511 aliam
2516 1459 2860 1522 concentus,
2912 1465 3018 1509 cur
3046 1451 3325 1508 διαπητε

599 1540 880 1613 delectet,
932 1538 998 1600 δι’
1031 1535 1178 1600 ἑπτα
1225 1537 1492 1598 offendat
1536 1557 1733 1612 aures,
1785 1555 1965 1616 quam
2012 1538 2167 1599 hanc
2216 1537 2428 1616 ipsam,
2478 1556 2658 1617 quam
2698 1557 2810 1618 ego
2840 1537 2995 1609 dico,
3044 1551 3321 1595 commu-

597 1647 732 1690 nem
777 1627 1041 1690 musicae
1091 1635 1154 1687 et
1199 1625 1569 1703 aspectibus.
1665 1625 1789 1688 Sed
1838 1626 2175 1707 supplenda
2220 1624 2315 1686 hic
2364 1626 2629 1688 definitio
2668 1627 2969 1688 rationum
3005 1620 3321 1684 harmoni-

597 1735 800 1778 carum
847 1735 923 1778 ex
970 1714 1328 1776 harmonicis
1349 1761 1365 1790 ,
1433 1722 1499 1777 ut
1557 1715 1806 1790 videas,
1880 1734 2015 1776 esse
2062 1722 2297 1775 tantum
2346 1723 2502 1777 octo.
2595 1714 2779 1776 Ratio
2826 1711 3171 1776 harmonica
3218 1715 3327 1770 est

592 1805 749 1868 ratio
804 1805 1110 1884 perfecta,
1177 1801 1373 1864 solida
1437 1810 1500 1864 et
1551 1823 1710 1866 nexa
1764 1824 1802 1864 a
1855 1803 2090 1866 ratione
2152 1803 2559 1883 aequalitatiS.
2652 1804 2937 1866 Perfecta
3000 1799 3158 1864 ratio
3212 1805 3321 1882 est

594 1895 750 1957 inter
797 1893 1086 1955 terminos
1130 1893 1454 1971 perfectos
1549 1891 1813 1954 Termini
1860 1892 2117 1972 perfecti
2165 1900 2306 1953 sunt
2344 1892 2572 1954 numeri
2600 1893 2917 1972 figurarum
2946 1888 3321 1969 regularium

593 1981 1176 2055 demonstrabilium,
1245 1982 1305 2042 h.
1356 2000 1408 2043 e.
1469 2000 1717 2061 quarum
1761 1981 1970 2043 latera
2032 1981 2129 2042 vel
2176 2003 2327 2044 κατα
2371 2003 2556 2060 μηκος
2620 1981 2717 2043 vel
2764 2003 2915 2044 κατα
2958 1981 3181 2048 alatne
3218 1997 3319 2038 και

597 2091 1064 2151 τετραγωνισμω
1111 2071 1206 2144 (et
1250 2070 1363 2131 hoc
1407 2071 1507 2131 vel
1557 2065 1778 2146 ἁπλως,
1827 2072 1924 2132 vel
1968 2074 2321 2150 προσθοσει,
2367 2071 2464 2131 vel
2510 2068 2825 2150 ἀφαιρεσει
2872 2067 3123 2131 alterius
3154 2084 3319 2146 qua-

598 2159 760 2222 drati
804 2160 932 2222 noti
979 2182 1074 2221 και
1111 2153 1312 2238 ῥητου,
1361 2166 1425 2219 et
1470 2160 1869 2240 completione
1914 2159 2193 2237 figurae),
2242 2166 2385 2221 sunt
2429 2158 2864 2238 comparabilia
2908 2176 3041 2220 cum
3072 2155 3313 2217 diame—

595 2257 690 2311 tro
755 2248 978 2310 circuli.
1083 2248 1250 2320 (Nota
1287 2255 1493 2321 Kepleri
1529 2259 1580 2306 in
1615 2259 1875 2324 margine:
1941 2260 2087 2314 Huic
2137 2257 2589 2328 contemplationi
2642 2259 2983 2312 diversorum
3035 2258 3317 2327 graduum

595 2345 1019 2415 comparationis
1048 2345 1287 2402 laterum
1313 2365 1435 2402 cum
1451 2347 1720 2402 diametro
1748 2349 1937 2403 circuli
1953 2349 2313 2418 peculiariter
2331 2350 2631 2418 deputatus
2652 2355 2741 2402 est
2756 2347 2899 2401 liber
2917 2347 2990 2401 X.
3010 2336 3312 2410 Euclidis.)

595 2426 754 2488 Nam
803 2426 1173 2504 comparatio
1221 2433 1318 2488 est
1361 2429 1745 2502 mensuratio‚
1793 2445 2139 2489 mensurare
2188 2437 2285 2488 est
2326 2427 2520 2501 scire;
2568 2427 2782 2488 infiniti
2818 2425 2987 2488 nulla
3026 2440 3315 2484 mensura

593 2515 692 2576 vel
739 2513 1015 2576 scientia.
1111 2514 1468 2594 Septanguli
1515 2515 1702 2588 latae,
1751 2525 1821 2578 ut
1868 2524 1930 2577 et
1974 2515 2327 2595 nonanguli‚
2379 2514 2820 2594 undecanguli,
2868 2509 3307 2589 tredecanguli,

597 2601 834 2681 fugiunt
877 2620 1084 2664 omnes
1133 2603 1553 2684 aequationeS,
1621 2605 1762 2684 quia
1805 2605 2073 2683 ipsorum
2128 2605 2427 2667 certitudo
2477 2603 2868 2684 longitudinis
2916 2599 3199 2664 consistit
3248 2597 3313 2658 in

592 2691 909 2766 infinitate,
959 2709 1110 2772 quae
1157 2693 1506 2765 mensurari,
1558 2693 1716 2768 sciri,
1763 2693 2065 2772 permeari
2112 2712 2229 2754 non
2278 2700 2501 2772 potest,
2551 2711 2621 2754 eo
2669 2694 2801 2774 ipso
2848 2711 2923 2753 ne
2970 2689 3314 2769 implicetur

593 2779 1012 2843 contradictio.
1105 2780 1202 2843 Ex
1250 2782 1362 2843 hac
1411 2779 1640 2861 origine
1689 2783 2119 2845 consistentiae
2182 2783 2241 2844 in
2288 2782 2580 2845 infinitate
2638 2781 2907 2864 sequitur
2950 2779 3011 2841 in
3058 2796 3310 2859 geome-

592 2870 749 2933 trica
796 2890 1310 2946 σωματοποιησει,
1375 2872 1532 2950 quod
1589 2890 1779 2950 neque
1829 2880 2073 2953 coeant,
2140 2891 2329 2953 neque
2386 2872 2544 2934 inter
2606 2892 2673 2934 se
2738 2889 2929 2952 neque
2994 2888 3127 2931 cum
3172 2866 3313 2929 aliis

592 2959 973 3033 coeuntibuS,
1039 2977 1228 3039 neque
1277 2960 1355 3020 ad
1402 2960 1788 3021 sternendam
1834 2958 2149 3041 planitiem
2196 2980 2385 3041 neque
2432 2962 2512 3022 ad
2550 2960 2947 3023 claudendum
2974 2958 3171 3021 locum
3198 2974 3310 3017 so-

597 3048 801 3123 lidum.
878 3046 1288 3125 Triangulum,
1332 3048 1826 3128 quadrangulum,
1880 3050 2402 3129 quinquangulum,
2434 3050 2847 3131 sexangulum,
2901 3045 3308 3127 octangulum,

593 3135 1022 3215 decangulum,
1073 3155 1182 3216 pes
1231 3144 1496 3212 truttae,
1548 3146 1779 3213 crates,
1830 3139 2069 3219 aliaque
2117 3139 2484 3218 decangula,
2536 3148 2757 3201 coeunt
2798 3137 2965 3199 varie
3012 3137 3172 3217 inter
3214 3152 3307 3209 se,

591 3224 690 3285 vel
753 3243 886 3286 cum
951 3225 1066 3287 sibi
1115 3225 1410 3291 similibus
1475 3228 1570 3289 vel
1629 3246 1762 3289 cum
1822 3227 2035 3300 sociis3
2102 3228 2191 3288 uti
2252 3236 2453 3289 crates
2500 3228 2686 3290 etiam
2744 3229 2904 3290 inter
2948 3245 3017 3289 se
3064 3232 3306 3297 coeunt,

591 3313 702 3375 sed
748 3314 936 3387 hiant,
985 3333 1104 3376 non
1151 3315 1410 3396 undique
1457 3316 1833 3378 soliditatem
1878 3316 2166 3379 claudunt
2212 3316 2319 3378 &a
2412 3316 2627 3397 Itaque
2674 3316 2881 3378 invitis
2930 3315 3116 3378 etiam
3160 3312 3305 3394 phi-

587 3402 857 3481 losophis
903 3401 1184 3482 ingerunt
1229 3423 1364 3467 sese
1409 3423 1518 3484 pro
1567 3404 1912 3486 archetypis
1961 3404 2314 3477 creationis,
2372 3406 2513 3487 quia
2558 3413 2623 3468 et
2664 3406 2802 3485 ipsa
2846 3404 3009 3467 intra
3053 3420 3305 3484 geome-

585 3491 742 3553 triae
791 3489 1012 3552 limites
1057 3493 1426 3556 creationem
1455 3493 1718 3574 aliquam
1767 3491 2211 3556 administrant.
2304 3494 2392 3557 Et
2420 3495 2496 3557 ab
2526 3494 2641 3556 hac
2676 3494 2935 3557 coitione
2965 3490 3307 3555 definissem

587 3580 895 3660 perfectas
943 3580 1183 3658 figuras,
1233 3582 1350 3645 nisi
1397 3583 1511 3644 duo
1558 3583 1939 3646 rhomborum
1977 3601 2205 3664 genera
2231 3584 2417 3648 etiam
2456 3584 2703 3660 coirent,
2754 3601 2904 3664 quae
2943 3580 3306 3661 irregulares

585 3670 814 3748 figurae
861 3677 1004 3730 sunt
1049 3669 1268 3732 circulo
1326 3689 1442 3733 non
1491 3678 1707 3751 aptae;
1783 3692 1893 3734 nos
1948 3690 2093 3735 vero
2149 3673 2370 3735 circulo
2426 3672 2760 3753 indigemus
2818 3672 2895 3733 ad
2952 3670 3303 3751 angulorum

587 3756 1113 3819 mensurationem.
1209 3760 1373 3829 (Nota
1407 3768 1460 3817 in
1495 3780 1685 3835 marg.:
1723 3760 2139 3842 Proprietates
2185 3761 2398 3833 harum
2442 3763 2759 3843 figurarum
2806 3769 3031 3841 cogunt
3066 3758 3305 3839 quidem

587 3846 852 3927 aliquam
899 3847 1332 3926 longitudinem
1373 3857 1640 3919 certam,
1687 3850 1796 3911 sed
1844 3868 2147 3930 expensae
2193 3858 2413 3929 petunt
2454 3850 2810 3931 principium
2856 3850 2919 3911 in
2964 3846 3297 3911 ratiocina-

587 3934 772 3999 tione.
866 3934 934 3997 Si
981 3935 1116 4015 quis
1162 3936 1415 3997 haberet
1461 3938 1622 3999 latus
1669 3939 2031 4017 septanguli,
2079 3939 2230 4001 illud
2275 3939 2426 4001 haec
2474 3948 2536 4001 et
2580 3940 2688 4002 illa
2738 3944 3103 4019 praestaret.
3178 3933 3303 3997 Sed

585 4042 760 4085 nemo
807 4042 1066 4105 unquam
1110 4026 1208 4086 vel
1255 4024 1313 4085 in
1361 4025 1595 4098 charta,
1644 4028 1741 4090 vel
1785 4027 1846 4088 in
1894 4027 2173 4102 numeris,
2224 4029 2323 4091 vel
2368 4027 2426 4090 in
2474 4036 2675 4090 mente
2712 4026 2927 4089 habuit
2968 4026 3301 4108 perfectum

585 4112 750 4175 latus
796 4113 1170 4193 septanguli;
1218 4132 1336 4175 non
1385 4114 1516 4193 ipse
1561 4115 1748 4190 DeuS,
1801 4116 1941 4197 quia
1986 4116 2115 4195 ejus
2164 4118 2437 4179 essentia
2478 4116 2539 4179 in
2586 4117 2700 4178 hoc
2729 4116 3031 4189 consistit,
3078 4121 3148 4176 ut
3182 4130 3301 4175 non

583 4200 796 4263 haberi
841 4202 1039 4280 possit
1083 4213 1302 4266 mente.
1400 4202 1634 4265 Contra
1682 4205 1756 4265 de
1803 4205 2281 4285 quinquangulo,
2350 4206 2451 4268 ubi
2511 4206 2845 4286 geometria
2890 4203 3123 4281 definit,
3188 4202 3299 4264 hoc

585 4308 722 4352 esse
769 4290 931 4351 latus
960 4291 1403 4373 quinquanguli,
1453 4294 1620 4372 cujus
1651 4294 2007 4375 quadratum
2036 4293 2413 4376 componitur
2440 4314 2517 4356 ex
2544 4295 2841 4376 quadrato
2870 4291 3298 4356 semidiametri

585 4386 652 4440 et
695 4379 990 4459 quadrato
1027 4380 1158 4459 ejus
1193 4381 1388 4460 partis
1425 4381 1668 4462 majoris
1716 4382 1806 4457 (in
1837 4382 2103 4445 sectione
2132 4386 2458 4447 secundum
2488 4392 2759 4447 extrema
2788 4390 2854 4446 et
2878 4382 3135 4458 media).·
3196 4380 3297 4443 Uti

587 4474 652 4529 et
681 4468 1176 4549 quemadmodum
1213 4469 1659 4533 semidiameter
1705 4479 1768 4533 et
1811 4491 1955 4553 pars
2002 4474 2431 4537 semidiametri
2479 4474 2669 4553 major
2712 4474 2775 4536 in
2821 4472 3089 4537 sectione
3136 4472 3299 4535 dicta

585 4557 946 4637 geometrice
977 4557 1213 4634 dantur,
1246 4558 1336 4621 ita
1362 4560 1704 4641 septanguli
1731 4562 1893 4625 latus
1922 4562 2199 4641 potentia
2227 4571 2323 4626 est
2352 4563 2411 4625 in
2442 4563 2624 4643 plano
2652 4562 2876 4637 circuli,
2908 4562 2969 4623 h.
3001 4584 3055 4626 e.
3094 4569 3301 4643 potest

584 4646 644 4707 in
693 4666 762 4708 eo
813 4647 1121 4720 delineari,
1171 4649 1438 4710 sed-non
1485 4658 1695 4729 potest
1739 4670 2001 4731 unquam
2047 4660 2333 4732 punctum
2377 4652 2636 4727 ostendi,
2686 4652 2745 4714 in
2776 4671 2892 4733 quo
2922 4652 3295 4717 terminetur.

583 4732 717 4794 Nec
763 4736 1063 4816 sequitur:
1113 4737 1261 4800 illud
1307 4746 1536 4818 potest,
1585 4758 1730 4819 ergo
1777 4740 1889 4801 hoc
1916 4749 2124 4818 potest
2160 4740 2367 4802 etiam.
2442 4742 2605 4803 Nam
2652 4741 2729 4803 ab
2775 4760 2941 4803 esse
2990 4743 3071 4804 ad
3115 4742 3295 4804 sciri

585 4840 706 4884 non
753 4825 1044 4903 sequitur.
1139 4825 1298 4889 Sunt
1343 4827 1577 4890 infinita
1617 4836 1846 4910 puncta
1890 4828 1949 4889 in
1998 4828 2178 4905 linea,
2227 4836 2295 4891 at
2338 4846 2456 4891 non
2488 4830 2758 4893 sciuntur
2788 4829 3023 4893 infinita
3050 4836 3294 4912 puncta,

585 4920 972 4976 numerentur
1029 4914 1186 4977 enim
1241 4922 1307 4978 et
1349 4918 1436 4980 sic
1482 4914 1655 4977 finita
1700 4924 1927 4979 essent.
2018 4916 2141 4979 Est
2184 4917 2370 4999 igitur
2416 4918 2753 5000 speculatio
2800 4918 2897 4981 hic
2942 4918 3297 5003 profundis·-
