3634 5575
341 292 460 347 XIV

521 452 720 525 Quum
766 452 1017 533 singulis
1062 449 1311 545 Kepleri
1357 450 1637 533 operibus
1682 450 2163 533 praemiserimus
2209 450 2641 533 praefationes,
2702 450 2915 535 quibus
2956 470 3057 516 res

343 561 682 624 indicantur
728 566 942 623 notatu
989 558 1292 639 digniores
1339 575 1490 638 quae
1539 559 1617 621 ad
1662 557 1769 621 illa
1815 578 1998 641 opera
2042 558 2381 640 pertinent,
2431 558 2606 624 finem
2662 558 2863 623 facere
2907 577 3054 640 pos-

343 688 551 732 sumus
596 668 732 731 huic
761 666 1144 748 praefationi.
1237 665 1376 729 Una
1421 684 1520 729 res
1585 672 1900 756 superest,
1962 683 2139 746 quam
2183 683 2301 728 non
2349 663 2748 731 omittendam
2784 684 2920 729 esse
2948 666 3055 745 ju-

346 776 614 837 dicamus
635 822 652 852 ,
717 775 857 855 quia
917 774 1238 836 multorum
1298 791 1618 858 eorumque
1665 771 1829 835 haud
1870 772 2044 853 parvi
2100 771 2511 835 habendorum
2559 772 2899 837 sententiae
2954 791 3056 835 re-

341 901 708 964 pugnamus,
775 880 1072 944 rationem
1121 879 1408 955 dicimuS,
1476 898 1594 960 qua
1639 878 1733 940 usi
1779 896 1987 941 sumus
2034 878 2093 940 in
2140 877 2457 941 scribendo
2502 879 2739 941 nomine
2786 878 3052 961 Kepleri.

342 990 539 1053 Hans
557 988 762 1051 chius
809 986 872 1049 iu
918 986 1269 1050 collectione
1309 984 1701 1065 epistolarum
1735 983 1987 1065 Kepleri
2025 984 2283 1065 simplici
2309 1007 2361 1069 p
2398 1004 2539 1049 usus
2580 991 2677 1048 est
2710 1004 2819 1067 per
2867 993 3056 1048 totum

342 1094 592 1172 librum,
661 1101 919 1174 excepta
979 1091 1355 1173 praefatione
1423 1098 1486 1154 et
1548 1089 1968 1170 inscriptione3
2041 1091 2672 1167 Breitschwertus
2736 1094 2800 1157 in
2864 1093 3057 1171 „Vita

342 1201 740 1283 Keppleri“
802 1198 1021 1280 duplici
1067 1221 1135 1281 p,
1205 1197 1573 1279 eandemque
1631 1198 1931 1261 scribendi
1995 1197 2289 1261 rationem
2353 1180 2626 1263 defendit
2689 1200 3055 1265 clarissimus

343 1308 414 1369 F.
483 1305 562 1370 G.
623 1306 728 1370 W.
797 1304 1066 1368 Struve
1133 1305 1192 1367 in
1257 1303 1690 1367 Schumacheri
1744 1304 2328 1381 „Astronomischen
2380 1306 2834 1371 Nachrichten“
2881 1308 3053 1381 (Vol.

339 1412 514 1478 XIX.
561 1412 644 1475 N.
693 1408 875 1489 451),
925 1411 1080 1474 hanc
1127 1410 1386 1473 afferens
1432 1410 1748 1487 rationem,
1798 1410 1955 1491 quod
1997 1410 2299 1491 Keplerus
2345 1411 2482 1474 inde
2530 1413 2607 1477 ab
2654 1433 2812 1477 anno
2866 1408 3053 1477 1619.

341 1520 400 1581 in
447 1519 616 1582 libris
665 1518 742 1579 ab
789 1519 923 1599 ipso
973 1517 1154 1581 editis
1203 1517 1424 1597 duplici
1467 1536 1612 1579 usus
1659 1516 1743 1580 sit
1771 1538 1849 1603 p,
1899 1523 1960 1578 et
2005 1516 2163 1597 quod
2199 1516 2357 1580 filius
2394 1519 2740 1583 Ludovicus
2779 1520 2837 1583 in
2878 1538 3056 1601 opere

339 1626 532 1705 patris
599 1624 756 1706 quod
822 1623 1010 1686 edidit
1073 1623 1394 1705 posthumo
1462 1623 1713 1686 eundem
1778 1622 2097 1685 retinuerit
2142 1623 2442 1687 scribendi
2504 1628 2764 1691 modum.
2880 1625 3057 1699 Quod

338 1733 530 1813 ipsius
601 1729 848 1810 Kepleri
903 1730 1242 1807 exemplum
1305 1730 1590 1799 afferunt,
1654 1748 1765 1792 nos
1823 1738 2093 1792 nostrum
2150 1729 2451 1794 scribendi
2514 1734 2752 1796 modum
2814 1740 3055 1795 tuentes

341 1838 804 1917 respondemus:
873 1835 1032 1897 inter
1077 1832 1162 1899 29
1221 1854 1373 1915 quae
1427 1835 1601 1897 nobis
1649 1843 1895 1915 praesto
1956 1842 2098 1897 sunt
2140 1836 2388 1917 Kepleri
2444 1856 2687 1919 opera,·
2719 1840 3055 1921 deprehen-

345 1944 537 2005 dimus
593 1940 692 2019 13,
741 1958 987 2023 quorum
1043 1941 1255 2005 titulus
1303 1950 1367 2003 et
1413 1942 1777 2021 subscriptio
1827 1940 2227 2005 dedicationis
2276 1944 2504 2007 habent
2558 1946 2922 2026 simplicem,
2979 1944 3057 2007 11·

250 2062 254 2067 ’
343 2048 640 2129 duplicem
674 2068 757 2131 p3
823 2046 1059 2129 reliqua
1123 2048 1183 2108 iu
1249 2046 1425 2109 titulo
1489 2047 1821 2127 duplicem,
1889 2046 1948 2109 in
2006 2048 2385 2112 dedicatione
2446 2050 2805 2132 simplicem3
2856 2070 3057 2115 eorum

341 2174 619 2236 operum,
668 2172 820 2235 quae
869 2154 946 2216 ab
993 2172 1148 2215 anno
1193 2148 1380 2217 1619.
1420 2152 1796 2233 prodierunt,
1845 2172 2086 2216 numero
2126 2151 2185 2229 9,
2240 2162 2412 2217 terna
2448 2155 2671 2219 habent
2710 2158 3056 2243 Keplerum‚

345 2273 518 2323 terna
561 2260 932 2343 Kepplerum
996 2268 1060 2323 et
1103 2268 1277 2323 terna
1319 2258 1378 2321 in
1426 2259 1816 2339 inscriptione
1863 2260 2269 2343 Kepplerum‚
2334 2262 2393 2324 in
2449 2262 2827 2326 dedicatione
2875 2264 3050 2347 Kep-

345 2367 553 2430 lerum.
619 2365 826 2448 Opera
861 2367 1172 2447 graviora:
1225 2365 1448 2453 Optica
1487 2361 1743 2443 (1604),
1791 2366 2109 2448 Dioptrica
2148 2362 2402 2443 (1611),
2450 2368 2846 2432 Astronomia
2880 2371 3060 2434 Nova

345 2468 619 2549 (1609),
677 2472 947 2536 Tabulae
1004 2471 1424 2552 Rudolphinae
1482 2467 1717 2549 (1627)
1771 2472 1995 2535 habent
2024 2472 2382 2555 Keplerum:
2440 2473 2772 2538 Harmonia
2818 2472 3058 2553 (1619)

343 2578 591 2643 exhibet
643 2579 706 2643 in
762 2579 938 2643 titulo
986 2578 1355 2661 Kepplerum
1377 2625 1394 2654 ,
1461 2578 1680 2659 singuli
1743 2598 1886 2641 vero
1935 2578 2072 2641 libri
2118 2578 2391 2658 inscripti
2434 2588 2607 2643 sunt=
2685 2582 3058 2665 „Kepleri;“

303 2686 654 2766 ‘Epitomes
701 2678 944 2769 (1618)
982 2681 1202 2765 prioris
1240 2684 1432 2765 partis
1470 2685 1682 2747 titulus
1719 2683 1907 2746 habet
1942 2684 2305 2767 Kepplerus,
2353 2683 2685 2750 dedicatio:
2734 2688 3055 2769 Keplerus,

339 2811 484 2873 pars
529 2811 672 2856 vero
720 2792 988 2856 secunda
1051 2791 1279 2868 („libe1·
1325 2791 1622 2872 quartus“
1674 2785 1897 2865 1620.)
1945 2800 2009 2852 et
2054 2791 2238 2854 tertia
2300 2794 2433 2866 (lib.
2484 2789 2779 2857 v—Vll.
2833 2791 3057 2872 1621.)

340 2901 401 2961 in
446 2899 626 2962 titulo
673 2906 739 2962 et
782 2898 1162 2962 dedicatione
1199 2899 1534 2980 simplicem
1571 2897 1856 2960 exhibent
1881 2919 1951 2980 p.
2015 2897 2450 2979 Ephemerides
2489 2898 2764 2982 denique,
2813 2921 3059 2985 quarum

339 3006 503 3087 prior
546 3025 690 3088 pars
735 3005 962 3087 prodiit
1005 3024 1161 3068 anno
1213 3000 1404 3080 1617,
1443 3023 1596 3086 ,pars
1644 3005 1842 3067 altera
1886 3011 1949 3066 et
1998 3005 2180 3066 tertia
2224 3025 2381 3068 anno
2435 3000 2625 3070 1630.
2677 3012 2771 3070 ter
2817 3007 3059 3072 variant

343 3131 576 3176 nomen.
665 3113 780 3176 His
827 3111 1214 3196 manifestum
1258 3110 1432 3174 nobis
1479 3111 1750 3184 videtur,
1797 3099 2125 3190 Keplerum
2170 3111 2367 3192 ipsum
2412 3132 2531 3177 nou
2578 3112 2910 3176 intendisse
2957 3114 3055 3176 di-

341 3221 558 3302 gitum,
635 3227 753 3302 qua
825 3219 1060 3281 ratione
1133 3236 1349 3282 nomen
1421 3236 1594 3280 suum
1669 3217 1956 3300 scriptum
2030 3217 2206 3293 velit,
2275 3205 2341 3281 et
2402 3219 2457 3281 si
2514 3219 2746 3283 numeri
2788 3218 3053 3295 valeant,

341 3332 612 3390 nostrum
674 3324 911 3388 modum
955 3325 1418 3406 praeferendum
1477 3343 1633 3388 esse.
1730 3323 1844 3388 Cui
1906 3325 2130 3388 rationi
2192 3325 2245 3388 si
2312 3325 2507 3388 minus
2572 3325 2835 3402 tribuas,
2882 3325 3057 3408 Kep-

343 3435 502 3497 lerus
568 3431 773 3514 utique
840 3431 1002 3496 sicut
1061 3432 1234 3495 multi
1298 3432 1638 3515 aequalium
1683 3430 1924 3494 minime
1972 3431 2153 3494 fixum
2216 3429 2501 3494 habuisse
2545 3431 2785 3494 videtur
2829 3432 2889 3494 in
2933 3433 3049 3494 hac

342 3559 406 3602 re
472 3537 920 3602 fundamentum
982 3547 1046 3602 et
1109 3539 1352 3622 saepius
1418 3539 1681 3602 fortasse
1761 3538 2138 3622 typographo
2204 3537 2300 3600 vel
2375 3539 2725 3601 amanuensi
2802 3538 3057 3604 liberum

339 3644 686 3726 permisisse
733 3645 1064 3710 arbitrium.
1129 3645 1336 3709 Nihilo
1401 3645 1597 3710 minus
1662 3652 1730 3706 ut
1773 3654 2115 3709 teneremus
2164 3643 2493 3726 simplicem
2521 3666 2573 3728 p
2616 3644 2875 3710 maxime
2922 3665 3058 3708 mo-

341 3759 558 3816 verunt
600 3769 711 3815 nos
757 3752 1011 3833 Kepleri
1059 3752 1394 3834 epistolae,
1459 3771 1708 3835 quarum
1773 3771 1997 3834 magna
2057 3751 2229 3814 nobis
2292 3758 2540 3833 praesto
2606 3758 2705 3816 est
2757 3753 2933 3834 copia
2978 3754 3056 3816 ab

325 3861 474 3940 sipso
537 3859 1012 3939 conscriptarum
1079 3867 1143 3921 et
1205 3859 1686 3942 subscriptarum
1707 3907 1723 3934 ,
1790 3858 1849 3920 in
1918 3857 2131 3940 quibus
2178 3856 2438 3920 occurrit
2481 3875 2726 3938 perraro
2774 3859 3057 3942 „Kepp-

345 3965 657 4041 lerus“,
723 3965 834 4028 sed
899 3983 1137 4046 semper
1201 3967 1327 4028 sere
1363 3965 1879 4049 ,‚,Keplerus“,
1938 3973 2005 4028 ut
2071 3964 2349 4028 videatur
2413 3974 2655 4028 nomen'
2696 3965 3059 4047 gentilitium

267 4151 272 4156 .
343 4071 528 4152 ipsius
577 4072 908 4154 simplicem
941 4092 986 4152 p
1032 4071 1358 4152 requirere.
2802 4065 2819 4086 ⁸

408 4260 417 4264 ⁸
519 4179 692 4241 Haec
720 4184 864 4240 sunt
891 4197 1043 4260 quae
1075 4177 1414 4242 collectioni
1445 4197 1687 4260 operum
1715 4173 1966 4258 Kepleri
1994 4179 2439 4258 praemittenda
2467 4176 2824 4242 censuimus.
2882 4176 3060 4242 Reli-

345 4302 524 4368 quum
544 4292 640 4348 est
666 4291 876 4347 utrem
899 4284 1128 4347 anobis
1149 4285 1450 4366 inceptam
1479 4303 1670 4366 aequo
1692 4285 2171 4348 commendemus
2201 4288 2490 4350 lectorum
2510 4284 2758 4365 judicio.
2798 4285 2860 4350 A
2887 4287 3060 4350 nobis

343 4392 581 4475 quidem
624 4391 856 4454 sincere
893 4393 1238 4472 profitemur
1278 4410 1510 4456 omnem
1532 4391 1865 4454 adhibitam
1895 4411 2031 4454 esse
2064 4410 2264 4456 curam
2296 4400 2360 4455 et
2386 4391 2783 4472 diligentiam,
2822 4401 2891 4456 ut
2910 4413 3059 4476 opus

339 4500 585 4582 diguam
606 4498 758 4560 Viro
789 4516 1018 4562 summo
1050 4488 1303 4563 formam
1331 4499 1560 4563 referat
1590 4507 1653 4562 et
1669 4500 1802 4563 Deo
1834 4493 2085 4564 volente*
2103 4500 2182 4563 ad
2212 4499 2450 4563 felice-m
2477 4495 2653 4562 finem
2677 4499 3059 4579 perducatur.

557 4622 968 4701 stati-,gutiae
1013 4623 1072 4685 d.
1121 4625 1180 4687 Β.
1225 4624 1576 4688 Decembris
1619 4625 1780 4689 186⁷.

2164 4715 2363 4794 Clu
2430 4717 2709 4792 Fris
2732 4722 2897 4798 ch·

3482 5282 3569 5550 lmen-2-
3564 5213 3568 5220 .
