3634 5575
480 206 611 285 312
750 245 765 253 -
870 247 880 256 .
1312 206 1515 260 Literae
1549 207 1757 275 Kepleri
1794 207 2098 273 aliorumque
2129 214 2338 261 mutuae

574 363 1115 443 1600164211.
1178 366 1333 432 lter
1348 366 1660 447 ingressus
1706 386 1860 431 sum.
1957 365 2016 431 3.
2045 369 2193 433 Feb.
2239 369 2381 435 veni
2425 370 2507 435 ad
2553 368 2918 452 Tycbonesn.

856 454 919 520 5.
950 436 1099 519 Feb.
1181 453 1405 518 Omnia
1451 474 1603 537 quae
1652 456 1937 535 optabam
1983 458 2141 519 ultro
2189 457 2334 521 mibi
2381 458 2618 521 detulit.

857 544 1059 624 Aprili
1114 563 1328 606 nomen
1384 563 1579 605 meum
1637 545 1715 605 ad
1764 542 2170 609 Corraducem
2219 547 2466 623 detulit;
2515 546 2784 611 assensit
2826 547 2949 611 ille.

852 632 1034 695 Junio
1080 633 1233 695 redii
1282 630 1585 707 Gratium‚
1635 633 1915 714 deposito
1963 634 2076 697 hoc
2125 636 2455 715 proposito.

853 722 1015 785 Julio
1064 741 1197 805 cum
1242 720 1305 797 ‘ll
1332 721 1451 784 iret
1494 740 1603 825 per
1646 723 1698 785 L
1750 719 1985 785 Caesar
2022 725 2291 806 Tychoni
2338 726 2412 788 de
2451 744 2548 787 me
2586 726 2860 795 vocando
2899 725 3188 789 assensit.

1039 808 1175 889 Ego
1222 811 1459 873 interea
1505 811 1563 872 in
1614 808 1819 891 Styria
1868 813 2072 893 accepi
2119 813 2466 893 pecuniam,
2534 811 2666 877 200
2711 812 3016 887 thaleros,
3080 831 3191 894 pro

1044 898 1364 981 Mysterio.
1460 899 1792 980 Utrumque
1839 909 2118 997 coeptum
2169 903 2478 981 superiore
2524 903 2682 967 Dec.
2725 910 2790 965 et
2832 902 3008 979 Jan„
3049 921 3192 965 cum

976 984 981 993 '
1042 987 1102 1063 ‘ll
1147 988 1417 1069 proxime
1464 989 1512 1051 I.
1562 996 1773 1051 staret.

863 1072 923 1138 7.
956 1076 1117 1156 Aug.
1197 1074 1408 1159 Styria
1454 1096 1585 1139 sum
1632 1078 1859 1157 ejectus
1909 1078 2204 1141 communi
2251 1079 2630 1143 calamitate.

811 1160 916 1227 30.
950 1164 1121 1246 Sept.
1190 1166 1318 1227 Iter
1362 1186 1493 1229 sum
1538 1166 1848 1247 ingressus
1895 1167 2178 1245 Pragam.

576 1247 763 1315 1601.
802 1249 908 1316 26.
942 1252 1081 1317 Οοι.
1164 1254 1360 1316 Biduo
1421 1264 1563 1337 post
1620 1262 1872 1317 mortem
1921 1256 2221 1339 Tycbonis
2277 1257 2488 1337 jussus
2533 1276 2664 1321 sum
2713 1261 3036 1336 expectare
3083 1275 3188 1318 sa·

1042 1342 1255 1405 larium
1304 1342 1610 1407 Caesaris.
1702 1346 1773 1407 Id
1823 1346 2081 1407 nondum
2129 1345 2544 1409 confirmatum
2604 1351 2703 1407 est
2755 1344 2870 1406 boc
2941 1343 2997 1407 1.
3049 1343 3188 1407 Oct.

1048 1428 1240 1505 1602,
1290 1452 1405 1514 quo
1452 1433 1603 1495 haec
1650 1434 1868 1496 scribo.

661 1519 889 1594 Habes,
942 1520 1099 1600 quod
1143 1521 1375 1600 petisti.
1428 1554 1511 1569 --

662 1606 1026 1671 Maestlinus
1074 1617 1251 1671 natus
1299 1618 1394 1671 est
1440 1610 1551 1672 sub
1601 1607 1840 1687 ἅΘό·
1886 1608 1944 1671 in
1989 1604 2241 1683 17⁰ss,
2279 1611 2330 1683 )
2377 1608 2436 1671 in
2485 1605 2663 1685 2⁰11,
2713 1608 2774 1685 ‘ll
2819 1610 2877 1672 in
2907 1622 2996 1683 Θ,
3043 1605 3088 1689 b
3133 1610 3192 1671 in

484 1691 720 1771 4⁰aeoe;
796 1705 941 1777 puto
988 1698 1213 1779 primas
1260 1707 1469 1779 partes
1518 1704 1567 1775 Ω
1616 1698 1797 1762 oriri:
1873 1700 1930 1762 1.
1979 1697 2153 1779 Sept.
2191 1695 2390 1773 15513
2456 1698 2530 1760 de
2597 1700 2747 1761 hora
2804 1717 2918 1761 non
2978 1699 3191 1761 admo-

486 1785 627 1871 dum
676 1795 877 1848 certus
926 1797 1041 1849 est.
2837 1808 2840 1811 ’

660 1872 1027 1939 Paradeiser
1072 1884 1251 1938 natus
1298 1884 1397 1939 est
1443 1873 1777 1939 Corinthia.
1875 1874 2142 1936 Genesin
2189 1875 2319 1955 ipse
2366 1875 2510 1937 mihi
2569 1873 2756 1937 dedit.

626 2018 1008 2077 Fabricius,
1045 2018 1323 2069 indefessus
1358 2021 1410 2069 in
1448 2018 1725 2075 scribendo,
1766 2024 1886 2068 ante
1925 2021 2162 2079 acceptas
2197 2015 2290 2065 has
2315 2016 2521 2080 Kepleri
2555 2016 2745 2073 literas,
2781 2016 2914 2065 inter
2958 2012 3034 2065 11.
3063 2017 3192 2083 Aug.

486 2094 539 2140 et
577 2086 659 2139 18.
702 2088 825 2139 Nor.
864 2092 1355 2154 quinquies-scripsit
1390 2087 1501 2151 (15.
1530 2096 1585 2140 et
1609 2087 1695 2139 26.
1724 2091 1880 2154 Aug„
1915 2084 1966 2138 4.
2007 2094 2058 2137 et
2093 2085 2143 2136 8.
2173 2086 2304 2143 Oct„
2349 2084 2430 2135 14.
2457 2085 2639 2147 Non),
2677 2101 2915 2150 responsa
2940 2094 3194 2151 expetens,

486 2175 643 2213 novas
678 2162 997 2225 quaestiones
1034 2162 1241 2211 addens.
1316 2161 1533 2223 Quaeso,
1572 2161 1745 2211 scribit
1784 2158 1867 2209 14.
1905 2158 2058 2218 Not,
2111 2158 2176 2208 ad
2227 2160 2396 2209 omnia
2439 2158 2558 2208 mihi
2606 2158 2938 2222 respondeas,
2926 2177 2937 2188 ·
2989 2159 3196 2211 habebis

484 2247 567 2283 me
601 2232 654 2281 in
690 2238 941 2295 posterum
978 2239 1234 2282 strenuum
1272 2233 1572 2298 astrologiae
1608 2232 1934 2281 defensorem.
2010 2230 2357 2282 Astronomica
2395 2230 2486 2279 abs
2519 2236 2571 2280 te
2599 2236 2832 2294 expecto;
2870 2230 3012 2281 video
3048 2232 3197 2291 enim,

490 2310 541 2354 te
579 2304 811 2353 divinitus
868 2304 935 2353 ad
970 2303 1291 2354 excolendam
1348 2305 1699 2354 astronomiam
1746 2304 2030 2353 ordinatum
2082 2315 2206 2352 esse.
2279 2300 2693 2351 Mathematicum
2729 2301 2885 2353 habes
2921 2303 3194 2368 ingenium,

486 2374 989 2437 contemplationibus
1037 2382 1207 2437 aptum
1258 2382 1309 2424 et
1346 2376 1579 2425 deditum.
1658 2374 1804 2435 Quod
1838 2374 1991 2439 igitur
2025 2371 2235 2423 feliciter
2269 2373 2524 2436 incepisti,
2573 2372 2854 2422 felicissime
2875 2374 3088 2455 perfice.
3126 2396 3196 2406 —

488 2444 697 2509 Spectat
732 2444 809 2494 his
846 2446 1108 2496 Fabricius
1146 2446 1349 2510 Kepleri
1388 2451 1624 2501 conatus,
1678 2452 1843 2495 motus
1877 2444 2191 2508 planetarum
2237 2444 2544 2507 inquirendi,
2595 2458 2718 2507 quos
2753 2443 2835 2493 ille
2871 2445 2926 2492 in
2960 2444 3198 2508 prioribus

485 2516 690 2577 dixerat,
729 2517 997 2581 respiciens
1022 2516 1301 2567 comment.
1324 2524 1547 2567 motuum
1592 2516 1789 2573 Martis,
1829 2516 1895 2567 aad
1931 2528 2060 2579 quae
2097 2515 2352 2566 liter-amm
2387 2516 2640 2577 utriusque
2675 2520 2864 2579 partes,
2901 2515 3019 2565 illuc
3055 2530 3193 2579 spec—

484 2592 671 2643 tantes,
708 2602 1031 2639 reservamus.
1104 2588 1239 2639 Dein
1274 2590 1465 2655 pergit:
1533 2586 2034 2654 „cosmographicam
2090 2587 2487 2637 dissertationem
2534 2582 2684 2647 (dicit
2715 2584 3060 2647 Prodromum)
3111 2600 3194 2637 ex-

482 2664 657 2723 pecto,
718 2658 780 2709 de
818 2674 917 2725 qua
952 2675 1115 2710 meum
1148 2660 1389 2723 judicium
1425 2660 1513 2709 tibi
1551 2660 1802 2723 aperiam,
1858 2659 1939 2708 ubi
1979 2657 2256 2723 perlegere,
2315 2663 2367 2707 et
2402 2658 2444 2707 si
2479 2671 2612 2721 quae
2645 2663 2844 2720 praeter
2879 2656 3199 2707 Prodromum

484 2730 794 2795 postmodum
832 2731 1044 2787 edidisti,
1083 2738 1141 2780 ut
1176 2733 1247 2781 sic
1283 2745 1423 2781 meas
1460 2732 1788 2796 cogitationes
1827 2729 1890 2779 de
1925 2730 2024 2778 tuis
2060 2728 2306 2779 laboribus
2343 2730 2533 2793 aperire
2570 2729 2750 2793 possim
2774 2730 3090 2779 commodius.
3127 2726 3198 2763 2⁴-

484 2801 605 2852 Dat.
628 2803 843 2858 Esenae,
882 2801 931 2852 1.
958 2803 1152 2852 milliari
1190 2816 1223 2853 a
1244 2804 1391 2866 priori
1424 2803 1531 2852 loco
1569 2798 1803 2864 (Aurica)
1843 2801 2126 2859 distantem,
2165 2816 2261 2866 quo
2297 2801 2360 2850 ob
2395 2800 2576 2851 bellum
2609 2801 2664 2850 in
2687 2800 2847 2849 Frisia
2881 2801 3102 2867 migravi.
3129 2823 3196 2834 -

420 2932 441 2941 ³
483 2871 550 2922 D.
590 2873 863 2930 Fabricius,
900 2875 1134 2939 profugus
1172 2881 1223 2923 et
1256 2889 1344 2936 pro
1380 2880 1601 2936 tempore
1636 2871 1807 2922 nihil.“

624 2943 839 2999 Deinde,
881 2946 1098 3008 acceptis
1137 2944 1343 3008 Kepleri
1376 2945 1559 3002 literis,
1598 2944 1677 2993 die
1726 2942 1802 2992 18.
1825 2942 1950 2993 Nov.
1990 2943 2179 3007 gratias
2216 2944 2459 2992 maximas
2495 2942 2784 3005 praemittit,
2823 2947 2874 2992 et
2909 2941 2979 2992 sic
3013 2943 3199 3007 pergit:

485 3011 693 3066 Utinam
728 3015 907 3078 ubique
956 3022 1177 3066 mentem
1225 3023 1365 3066 tuam
1416 3022 1468 3066 et
1516 3014 1912 3077 speculationum
1949 3013 2274 3064 subtilitatem
2312 3014 2508 3078 assequi
2544 3011 2774 3076 possem,
2823 3015 3113 3077 praesertim
3147 3014 3200 3062 in

487 3091 862 3148 aspectuum
898 3087 1275 3152 imaginatione,
1312 3101 1441 3152 quae
1476 3093 1536 3136 ut
1570 3099 1702 3135 nova
1739 3092 1817 3135 est
1855 3091 1908 3135 et
1943 3100 2117 3136 recens
2155 3087 2243 3136 abs
2277 3091 2333 3135 'te
2371 3085 2684 3151 excogitata,
2740 3085 2814 3133 ita
2848 3085 3020 3148 paucis
3057 3085 3203 3134 obvia

498 3162 549 3206 et
581 3163 858 3220 perspecta.

638 3225 919 3292 Descriptio
972 3227 1303 3278 accidentium
1349 3229 1605 3294 genesis
1660 3235 1841 3290 tuae,
1895 3231 2042 3294 priori
2093 3231 2402 3285 accuratior,
2457 3243 2558 3279 non
2610 3229 2706 3280 erit
2741 3229 2928 3293 absque
2965 3227 3199 3279 utilitate.

496 3297 647 3348 Tales
684 3299 814 3348 enim
851 3301 1217 3350 observationes
1254 3300 1321 3350 ad
1346 3300 1781 3351 demonstrandam
1818 3301 2119 3368 astrologiae
2153 3302 2416 3351 veritatem
2449 3301 2660 3350 idoneae
2698 3306 2750 3350 et
2783 3301 2932 3364 plane
2968 3313 3200 3349 necessa-

494 3371 601 3420 riae
637 3376 767 3418 sunt.
842 3371 957 3420 Non
994 3372 1220 3434 putabis,
1267 3387 1347 3422 me
1384 3373 1457 3421 sic
1489 3371 1792 3438 astrologiae
1829 3374 2090 3422 veritatem
2125 3373 2370 3438 inquirere
2408 3378 2460 3423 et
2496 3371 2834 3422 demonstrare
2869 3371 2995 3421 velle
3011 3406 3026 3428 ,
3063 3371 3204 3434 quasi

496 3456 529 3491 a
564 3441 709 3504 priori
746 3456 917 3492 omnes
954 3449 1160 3493 eventus
1196 3448 1437 3507 tanquam
1474 3449 1609 3493 certe
1646 3457 1842 3508 semper
1875 3445 2094 3494 secuturi
2129 3444 2362 3507 praesciri
2386 3443 2593 3506 possint,
2633 3443 2762 3506 quod
2785 3441 3080 3506 impossibile
3108 3448 3202 3500 est,

495 3526 607 3563 cum
642 3513 1023 3578 propinquarum
1060 3527 1325 3564 causarum
1364 3528 1633 3564 concursus
1668 3517 1884 3565 maxime
1919 3517 2223 3580 requiratur,
2261 3514 2351 3564 sed
2386 3514 2484 3564 hoc
2515 3512 2792 3571 ostendam,
2829 3512 2951 3563 nihil
2988 3514 3206 3564 omnium

494 3583 601 3634 fleri
639 3589 729 3632 aut
764 3585 904 3633 nobis
941 3586 1164 3642 evenire,
1218 3587 1313 3635 nisi
1368 3599 1401 3634 a
1436 3586 1600 3635 causis
1640 3587 1945 3652 astrologicis
1981 3601 2083 3635 non
2119 3585 2318 3650 quidem
2353 3585 2620 3637 actualiter
2653 3590 2844 3640 ortum,
2890 3586 2980 3635 sed
3017 3586 3202 3635 excita-

496 3661 619 3712 tum,
657 3656 699 3703 si
737 3656 997 3706 commoda
1032 3656 1315 3707 inferiorum
1352 3655 1607 3720 dispositio
1646 3656 1803 3708 allata
1839 3659 2002 3714 fuerit,
2041 3671 2184 3722 quae,
2223 3663 2280 3706 ut
2315 3657 2610 3719 proximiora
2643 3657 2802 3714 nobis,
2839 3657 2914 3705 ita
2948 3657 3050 3706 fere
3073 3671 3204 3706 sem·

492 3740 581 3789 per
614 3721 833 3775 fortiora.
909 3727 1058 3778 Hanc
1095 3727 1363 3777 utilitatem
1399 3728 1671 3793 astrologia
1703 3728 1845 3777 nobis
1886 3728 2126 3792 praebere
2161 3733 2342 3791 potest,
2381 3734 2437 3777 ut
2472 3734 2712 3791 tempora,
2754 3719 2951 3792 quando
2988 3728 3104 3777 boni
3130 3727 3208 3777 vel

496 3797 615 3848 mali
652 3796 785 3860 quid,
823 3799 1017 3848 ratione
1060 3799 1201 3854 coeli,
1241 3804 1482 3863 tanquam
1520 3813 1707 3848 causae
1742 3800 1982 3849 irritantis
2019 3806 2071 3849 et
2107 3799 2417 3862 adjuvantis,
2458 3801 2746 3864 contingere
2781 3801 2967 3864 possit,
3006 3799 3209 3864 cognita

491 3867 784 3918 habeamus.

633 3939 726 3988 His
762 3939 913 3991 finem
948 3939 1103 3988 facit:
1170 3939 1448 4000 Fabricius,
1502 3955 1590 4005 pro
1626 3945 1848 4024 tempore
1885 3941 2120 4005 principis
2171 3939 2361 3992 aulicus
2399 3941 2744 3998 concionator-3
2803 3940 2966 3992 habeo
3003 3941 3208 3992 liberam

492 4011 545 4062 in
582 4024 696 4062 arce
732 4025 975 4070 mensam,
1018 4025 1172 4074 quare
1208 4013 1283 4061 bis
1318 4011 1437 4062 mihi
1474 4011 1693 4076 quotidie
1730 4013 1781 4060 in
1821 4012 1987 4062 aulam
2014 4013 2230 4063 eundum
2267 4017 2361 4070 est,
2401 4018 2453 4062 et
2488 4013 2560 4061 sic
2583 4018 2873 4076 praesentes
2895 4012 3050 4064 horae
3076 4013 3208 4064 diur-

493 4097 591 4134 nae
630 4083 817 4148 absque
852 4083 1074 4132 ulteriori
1122 4083 1291 4147 aliqua
1338 4084 1559 4134 utilitate
1598 4082 1898 4133 dilabuntur.
1975 4083 2144 4144 Quare
2178 4085 2375 4134 veniam
2413 4083 2554 4134 dabis
2589 4083 2735 4140 mihi,
2787 4097 2920 4135 nunc
2957 4085 3054 4135 mei
3087 4086 3210 4148 juris

494 4169 595 4204 non
630 4169 740 4203 sum
774 4160 835 4203 ut
872 4159 1045 4218 autea,
1082 4157 1397 4219 mancipatus
1435 4156 1577 4220 quasi
1614 4155 1787 4204 aulicis
1823 4155 2050 4205 miseriis.
3253 4145 3266 4160 ⁰

640 4226 719 4275 Ad
754 4225 847 4276 has
884 4226 1164 4290 prioresque
1200 4226 1346 4276 simul
1383 4226 1555 4277 literas
1592 4226 1850 4290 respondit
1884 4226 2217 4290 Keplerus
2257 4225 2302 4275 d.
2333 4223 2382 4274 2.
2409 4223 2537 4277 Dec.
2581 4221 2736 4282 1602,
2763 4225 3012 4292 colligens
3047 4229 3211 4298 varias

494 4296 708 4348 Fabricii
746 4297 1079 4362 quaestiones.
1155 4297 1266 4366 Quo
1304 4297 1496 4348 facilior
1532 4299 1599 4347 sit
1629 4303 1947 4361 conspectus,
1988 4298 2300 4360 adjunximus
2325 4297 2530 4364 singulis
2553 4297 2766 4349 Fabricii
2789 4299 2989 4350 monitis
3011 4293 3211 4364 respon-¹

496 4369 657 4419 aiones
694 4369 917 4432 Kepleri,
954 4370 1223 4432 praemisso
1261 4369 1467 4433 Kepleri
1501 4369 1597 4419 hoc
1632 4369 1846 4418 exordio.

672 4543 841 4616 Quas
889 4544 1207 4626 magnifico
1238 4543 1619 4608 Cancellario
1665 4455 1882 4608 {esti}
1925 4457 2146 4608 agane
2192 4545 2404 4608 literas
2454 4544 2692 4618 dedisti,
2745 4542 2807 4609 8.
2838 4545 2998 4608 Nov.
3045 4555 3212 4610 recte

492 4634 721 4714 accepi.
796 4633 851 4696 O
892 4633 1313 4698 calamitosum
1346 4634 1585 4716 patriae
1616 4643 1862 4697 vestrae
1893 4643 2141 4709 statum,
2173 4634 2386 4716 quibus
2425 4642 2553 4698 tam
2581 4633 2682 4696 diu
2709 4634 2932 4698 bellum
2967 4637 3032 4698 in
3059 4636 3211 4699 vici-

490 4723 595 4786 nia
640 4725 885 4786 tandem
932 4724 989 4786 in
1038 4723 1231 4802 sinum
1278 4733 1375 4786 est
1402 4733 1729 4804 receptum.
1832 4723 2086 4788 Scilicet
2129 4724 2224 4786 hic
2261 4723 2364 4786 ille
2395 4733 2606 4812 terrae·
2623 4731 2841 4800 motus,
2893 4743 3007 4805 quo
3045 4733 3214 4790 totus
