3634 5575
470 430 477 448 ,
574 359 701 430 108
1606 363 1863 450 ,ι’ῃοωεο
1901 364 1968 416 αι
2003 364 2254 432 mom

574 527 683 590 fuit
710 573 726 600 ‚
798 525 955 607 quod
1000 523 1233 588 calculo
1281 529 1415 585 erat
1462 521 1941 586 examinandum.
2038 521 2216 598 Quod
2265 522 2314 584 si
2365 523 2494 604 quis
2539 525 2726 604 probe
2783 525 3114 605 ponderat.
3177 521 3299 584 duo

570 614 713 677 mihi
775 615 1075 686 defuisse;
1140 611 1421 694 primum,
1492 612 1649 692 quod
1726 611 1995 690 ignoravi
2065 610 2254 674 sinum
2328 620 2546 687 totum,
2621 613 2750 686 sive
2826 607 3298 694 magnitudinem

574 705 733 768 illius
782 701 1074 783 propositi
1124 699 1517 781 quadra-‚ntis3
1568 701 1846 778 alterum,
1896 700 2052 780 quod
2082 710 2345 763 motuum
2385 701 2625 781 vigores
2669 723 2784 764 non
2836 703 3074 772 fuerunt
3120 700 3302 764 aliter

574 792 868 872 expressi,
920 809 1096 871 quam
1134 789 1195 852 in
1233 787 1617 867 proportione
1654 788 1826 849 unius
1857 789 1930 850 ad
1964 787 2182 853 alium:
2234 789 2351 869 qui,
2404 789 2662 870 inquam,
2710 791 2860 852 haec
2906 791 3090 870 probe
3141 808 3298 869 pou-

574 882 781 956 derat,
831 875 1293 968 nonwii'nmerito
1342 875 1671 958 dubitabit,
1724 887 1918 940 utrum
1969 877 2349 958 aliquatenus
2407 878 2520 941 hac
2567 878 2814 943 difficili¹
2842 880 2940 940 via
2983 877 3297 960 pervenire

572 969 869 1052 potuerim
900 986 1104 1030 necne.
1182 965 1265 1027 Et
1306 975 1507 1026 tamen
1562 963 1843 1034 contiuuo
1893 965 2096 1027 labore
2147 974 2324 1046 atque
2392 965 2622 1030 infinita
2667 967 2899 1031 sinuum
2946 976 3012 1030 et
3057 985 3299 1030 arcuum

573 1056 1043 1138 reciprocatione
1074 1049 1325 1116 'tantum
1375 1053 1582 1128 effeci,
1645 1061 1708 1115 ut
1755 1052 2190 1134 intelligerem,
2242 1055 2433 1126 'iocum
2482 1056 2866 1121 habere-non
2913 1077 3096 1137 posse
3145 1056 3300 1118 hauc
3398 1087 3410 1102 ·

578 1147 963 1211 sententiam.
1034 1138 1045 1146 ⁹
2251 1191 2258 1200 .
2433 1191 2442 1214 -.
2499 1205 2504 1211 .
2751 1143 2814 1210 ‘.

640 1307 647 1319 .
752 1235 982 1296 Aestas
1044 1250 1196 1319 pene
1244 1236 1379 1314 tota
1426 1229 1540 1304 hac
1587 1249 1762 1292 cruce
1818 1230 2076 1310 perdita.
2167 1231 2614 1312 Deniquel-evi
2663 1234 2920 1312 quadam
2979 1233 3300 1296 occasione

574 1324 817 1408 propius
864 1323 921 1383 in
971 1341 1097 1391 rem
1145 1321 1336 1408 ipsam
1383 1317 1586 1380 incidi.
1680 1317 1986 1381 Divinitas
2033 1316 2094 1384 id
2139 1317 2279 1382 mihi
2310 1319 2604 1400 obtigisse
2636 1321 3006 1394 arbitrabar,
3057 1333 3122 1382 ut
3152 1323 3299 1382 tor-

576 1414 729 1476 tuito
788 1400 1195 1482 nanciscerer,
1268 1406 1423 1490 quod
1490 1405 1652 1467 nulio
1710 1425 1970 1486 unquam
2030 1407 2232 1479 labore
2293 1409 2534 1489 assequi
2598 1416 2913 1489 poteram:
2984 1411 3159 1491 idque
3227 1427 3301 1474 eo

574 1501 769 1581 magis
818 1495 1163 1574 credebam,
1228 1497 1381 1576 quod
1431 1493 1627 1570 Deum
1683 1512 1922 1575 semper
1979 1513 2324 1572 oraveram,
2387 1497 2685 1580 siquidem
2729 1498 3098 1579 Coperuicus
3154 1517 3304 1560 vera

578 1591 866 1662 dixisset,
917 1589 1004 1649 uti
1054 1589 1179 1648 ista
1224 1583 1637 1646 succederent.
1732 1583 1928 1663 Igitur
1975 1582 2070 1646 die
2120 1581 2180 1652 9.
2210 1587 2332 1658 ¹,vei
2394 1583 2488 1650 19.
2507 1585 2852 1660 ‚Juliianni
2909 1583 3076 1651 1595
3123 1606 3302 1656 mon-7

579 1687 882 1742 straturus
920 1674 1302 1760 auditoribus
1350 1671 1498 1737 meis
1547 1672 2030 1750 conjunctionum
2075 1693 2428 1754 magnarum
2473 1675 2668 1740 saltus
2715 1696 2824 1756 per
2851 1685 3074 1738 octona
3102 1676 3298 1754 signa,

584 1775 647 1830 et
695 1763 987 1848 quomodo
1045 1763 1187 1825 iliae
1252 1760 1623 1840 pedetentim
1672 1779 1747 1825 ex
1782 1781 1909 1830 ,uno
1969 1763 2208 1843 trigono
2277 1771 2595 1840 transeant
2639 1765 2697 1826 in
2737 1765 2948 1841 alium,
3023 1763 3303 1844 inscripsi

583 1857 769 1918 multa
816 1852 1147 1932 triangula,
1195 1849 1291 1910 vei
1343 1847 1897 1930 quasi,trianguia,
1950 1850 2144 1912 eidem
2191 1851 2588 1928 circulo,.sic.
2625 1863 2691 1918 ut
2733 1853 2870 1916 finis
2907 1853 3087 1918 -unius
3133 1861 3306 1916 esset

582 1944 812 2006 initium
872 1940 1138 2004 alterius.
1236 1939 1435 2010 (Haec
1494 1935 1665 1998 vides
1723 1937 1999 2019 sequenti
2048 1941 2355 2002 schemate
2412 1959 2763 2021 magnarum
2819 1941 3304 2022 conjunctionum

583 2031 830 2096 Saturni
898 2039 958 2092 et
1014 2029 1241 2110 Jovis.)
1344 2025 1533 2106 Igitur
1600 2025 1812 2106 quibus
1897 2029 2135 2107 punctis
2209 2030 2404 2092 latera
2473 2029 2906 2111 triangulorum
2969 2052 3037 2094 se
3097 2039 3303 2094 mutuo

583 2122 903 2193 secabant,
944 2119 1017 2180 iis
1066 2114 1581 2198 minorcirceilus
1630 2113 2122 2202 adumbrabatur.
2212 2117 2372 2182 Nam
2425 2119 2630 2184 circuli
2679 2118 2984 2200 triangulo
3014 2119 3306 2198 inscripti

583 2209 788 2273 radius
853 2215 949 2269 est
1015 2203 1449 2284 circumscripti
1516 2202 1663 2264 radii
1741 2202 2069 2280 dimidium.
2123 2271 2128 2274 ,
2173 2206 2490 2287 Proportio
2566 2208 2720 2269 inter
2793 2217 3105 2289 utrumque
3181 2208 3304 2270 cir-¹

583 2299 777 2362 cuium
828 2296 1147 2362 videbatur
1204 2294 1293 2374 ad·
1346 2290 1579 2368 ¹ocuium
1630 2309 1782 2372 pene
1852 2293 2063 2366 similis
2114 2294 2237 2369 illi,
2299 2316 2474 2376 quae.
2513 2304 2610 2356 est
2667 2297 2825 2360 inter
2870 2297 3198 2361 Saturnum
3241 2306 3308 2358 et

582 2389 840 2452 Jovem:
893 2393 955 2446 et
1003 2382 1363 2461 triangulum
1413 2378 1605 2458 prima
1652 2388 1785 2443 erat
1831 2383 2178 2468 figurarum,
2229 2384 2386 2446 sicut
2415 2383 2713 2448 Saturnus
2741 2395 2824 2448 ›et
2847 2385 3090 2466 Jupiter
3127 2386 3306 2466 primi

583 2477 889 2558 planetae.
984 2470 1238 2554 Tentavi
1272 2468 1484 2552 statim
1532 2469 2358 2550 quadranguioldistantiam
2389 2473 2712 2537 secundam
2741 2475 2962 2538 Martis
2987 2482 3070 2537 et
3107 2477 3306 2548 Jovis,
