3634 5575
537 379 668 448 368
753 421 772 437 x
1379 383 1580 436 Litem
1613 383 1823 450 Kepleri
1860 385 2162 452 aliorumque
2197 390 2402 436 mutuae

535 543 776 594 sti-atione
811 553 928 592 mea
961 537 1124 592 adhuc
1162 539 1440 605 acquiesco.
1511 539 1626 592 Non
1663 558 1792 609 nego
1832 550 2005 594 tamen
2021 579 2036 602 ,
2084 543 2384 608 Keplerum,
2430 548 2491 592 ut
2540 539 3006 592 excellentissimum
3050 554 3253 608 pome-

535 621 682 672 tram,
719 615 916 664 interea
947 611 1146 662 modum
1184 613 1510 678 excogitasse,
1551 627 1648 678 quo
1685 627 1722 664 a
1753 615 1991 680 gradibus
2026 615 2441 678 conjecturalibus
2478 613 2756 662 liberemur.
2830 611 2938 678 Ego
2972 619 3095 663 tunc
3121 620 3257 664 tem·

533 687 664 750 poris
699 684 834 734 velut
869 673 1274 740 αὕτοδιδακτος
1309 685 1362 732 in
1395 683 1492 734 hac
1528 685 1770 736 facultate
1783 721 1798 743 ,
1856 693 1909 736 et
1951 685 2267 752 geometricis
2322 684 2819 736 demonstrationibus
2870 683 3034 734 minus
3080 697 3255 734 assue-

535 758 715 814 factus,
752 755 847 806 feci
865 789 880 812 ,
919 753 1048 818 quod
1081 755 1236 820 potui.
1309 754 1408 804 Vix
1443 756 1575 805 enim
1607 770 1698 819 per
1733 757 1985 808 biennium
2026 758 2155 807 serio
2190 763 2313 806 tunc
2348 756 2682 806 asts-onomica
2714 760 3045 806 tractaveram
3058 790 3073 813 ,
3122 757 3257 804 omni

537 840 712 876 carens
749 823 1087 890 praeceptore.
1163 823 1314 888 Spero
1352 825 1548 889 itaque,
1594 824 1662 875 D.
1697 827 1970 892 Keplerum
2008 828 2270 877 humanius
2306 842 2388 877 me
2422 832 2781 882 tractaturum,
2836 825 2956 876 licet
3006 825 3258 890 quaedam

541 897 920 946 inartificialiter
953 895 1006 945 in
1041 893 1272 945 methodo
1318 910 1434 947 mea
1467 897 1769 958 tradiderim.
1846 899 1996 948 Aliud
2044 905 2122 948 est
2164 899 2385 948 invenire
2428 897 2545 964 quid
2562 932 2577 955 ,
2627 896 2857 960 aliudque
2904 896 2957 946 id
2998 897 3259 963 ingeniose

539 969 740 1018 tradere
775 973 828 1017 et
861 966 1057 1016 docere.
1132 965 1256 1026 Quis
1293 967 1424 1016 enim
1473 975 1592 1018 ante
1641 983 1723 1019 me
1770 969 1971 1020 tabulas
2016 969 2277 1020 erectionis
2328 974 2383 1018 et
2431 967 2710 1018 directionis
2760 967 3067 1018 Ptolemaiou
3111 969 3259 1018 modo

541 1039 876 1090 instituendae
911 1050 1130 1102 unquam
1165 1031 1470 1100 publicavit?
1542 1038 1787 1102 Keplerus
1826 1040 1888 1090 de
1913 1040 2131 1105 Magino
2176 1045 2313 1090 recte
2350 1041 2505 1090 sentit
2518 1073 2535 1096 ,
2580 1040 2741 1104 ipsum
2786 1052 2903 1088 suas
2948 1039 3147 1088 tabulas
3194 1051 3260 1088 ex

537 1111 660 1158 meis
695 1109 874 1159 saltem
895 1108 1226 1171 'descripsisse
1243 1143 1260 1166 ,
1317 1109 1368 1158 id
1405 1109 1536 1174 quod
1569 1110 1688 1159 mihi
1735 1112 1859 1160 satis
1907 1111 2171 1161 constabat
2224 1116 2344 1159 ante
2398 1110 2609 1160 reditum
2645 1124 2811 1158 meum
2850 1123 2911 1158 ex
2946 1109 3113 1159 Italia.
3187 1111 3261 1158 At

542 1179 841 1244 redarguere
877 1179 1014 1228 illum
1048 1179 1243 1243 publice
1277 1178 1438 1237 nolui,
1491 1195 1590 1229 non
1629 1182 1758 1231 euim
1794 1179 1846 1230 id
1882 1181 1977 1231 loci
2016 1187 2067 1232 et
2102 1181 2338 1245 temporis
2375 1188 2495 1231 tunc
2532 1181 2816 1244 patiebatur
2852 1179 3033 1230 ratio.“
3112 1178 3259 1240 Quae

537 1251 728 1314 reliqua
776 1255 894 1299 suut
940 1248 1088 1311 huius
1136 1247 1284 1298 Marii
1319 1251 1560 1316 epistolae
1613 1251 1678 1300 ad
1715 1243 2023 1315 Dioptricam
2060 1251 2267 1316 Kepleri
2319 1259 2438 1301 sunt
2471 1250 2733 1301 referenda
2748 1285 2763 1308 ,
2818 1251 2904 1300 ubi
2940 1251 3156 1315 pluribus
3193 1251 3261 1300 de

539 1320 688 1371 Marii
722 1321 922 1386 ingenio
959 1326 1012 1370 et
1045 1320 1260 1370 moribus
1273 1356 1286 1374 .
1341 1320 1801 1386 detectionibusque
1849 1337 1972 1387 quas
2016 1323 2108 1372 sibi
2143 1321 2415 1372 vindicavit
2449 1336 2669 1388 agemus.
2744 1321 2841 1372 Hic
2876 1327 3076 1372 tautum
3109 1329 3259 1372 nota-

538 1405 664 1449 mus,
701 1391 900 1442 tabulas
933 1390 1044 1448 hu,
1082 1405 1206 1455 quas
1242 1391 1458 1457 glorians
1495 1393 1618 1442 dicit
1656 1408 1723 1453 „a
1757 1408 1812 1444 se
1848 1393 2109 1444 inventas“
2164 1399 2217 1443 et
2253 1405 2287 1444 a
2322 1392 2529 1458 Magino
2566 1391 2873 1456 descriptas,
2920 1393 3109 1442 minimi
3146 1407 3261 1444 esse

539 1463 774 1512 momenti
820 1476 980 1527 neque
1019 1462 1135 1526 quid
1179 1463 1291 1512 novi
1329 1465 1594 1514 continere.
1670 1463 1893 1515 Tabulas
1930 1465 2315 1514 declinationum
2363 1471 2417 1514 et
2452 1465 2577 1514 coeli
2614 1464 2969 1513 mediationum
3005 1479 3034 1514 e
3068 1463 3259 1529 Regio·

538 1539 776 1584 montano
813 1533 1064 1582 desumtas
1099 1533 1205 1598 ipse
1240 1534 1442 1589 fatetur.
1483 1533 1712 1593 „tabulas
1748 1550 1861 1584 vero
1900 1535 2167 1596 domoruur
2190 1541 2487 1599 supputasse
2526 1535 2741 1583 amicum
2778 1534 3113 1600 Augustinum
3146 1533 3255 1584 La·

541 1604 678 1654 nium
705 1601 1056 1654 Onoldinum.“
1133 1601 1392 1654 calculum
1419 1611 1588 1655 autem
1623 1605 1759 1655 hunc
1785 1607 1992 1655 absolvit
2017 1606 2143 1657 duce
2167 1605 2199 1656 J
2210 1605 2457 1656 ohanne
2480 1605 2863 1668 Hispalensi
2901 1603 3006 1666 (ed.
3030 1604 3261 1656 Hellerus

539 1673 712 1724 Nos-ib.
751 1669 936 1734 1548),
973 1687 1119 1739 quem
1177 1676 1408 1738 „saepius
1445 1675 1656 1740 legendo
1694 1677 1788 1726 sibi
1826 1676 2089 1726 admodum
2126 1676 2419 1727 familiarem
2453 1675 2791 1732 reddiderat‚“
2844 1681 2895 1726 et
2928 1678 3081 1727 verba
3111 1675 3263 1740 hujus

543 1746 762 1796 auctoris
793 1743 1014 1796 nondum
1045 1744 1328 1810 intelligens
1369 1746 1684 1805 „methodum
1721 1748 1848 1796 coeli
1886 1748 2135 1798 domicilia
2170 1747 2476 1798 describendi
2510 1748 2619 1811 ipse
2655 1745 2957 1796 adinvenit.“
3020 1747 3113 1798 His
3146 1762 3261 1811 per·

543 1817 699 1879 ceptis
745 1817 987 1872 fatemur,
1038 1817 1232 1866 nescire
1268 1830 1359 1866 nos
1393 1823 1558 1866 utrum
1594 1818 1747 1868 verba
1781 1817 1928 1867 Marii
1963 1818 2093 1869 haec
2126 1833 2212 1882 pro
2250 1819 2376 1868 veris
2412 1817 2704 1882 accipienda
2738 1818 2838 1867 sint
2871 1832 3060 1869 necne:
3102 1819 3263 1875 „Imo.

541 1886 672 1950 quod
707 1885 815 1950 plus
853 1891 945 1946 est,
981 1883 1132 2005 hanc¹
1151 1893 1312 1938 totam
1337 1888 1556 1953 erigendi
1580 1888 1766 1954 figuras
1791 1889 1917 1939 coeli
1950 1889 2195 1940 rationem
2220 1889 2496 1955 excogitavi
2520 1890 2672 1954 prius,
2711 1901 2860 1954 quam
2897 1887 2975 1940 vel
2997 1890 3265 1955 quicquam

540 1957 593 2006 ln
629 1957 880 2008 autoribus
917 1957 980 2006 de
1016 1969 1080 2007 ea
1134 1958 1264 2022 egi!

725 2043 1157 2107 Gratissimum
1211 2045 1520 2108 inseruisti
1566 2045 1916 2126 ἅπογραφον
1962 2045 2163 2108 Marii.
2258 2045 2384 2108 Sed
2451 2047 2525 2108 de
2592 2046 2782 2126 ipsius
2842 2045 3069 2108 tabulis
3126 2049 3261 2110 dis-

545 2140 790 2214 ceptare
839 2133 1090 2196 ulterius
1139 2133 1370 2196 animus
1417 2133 1562 2196 mihi
1607 2154 1725 2197 non
1773 2142 1888 2196 est.
1983 2132 2223 2196 Sufficit
2267 2135 2401 2209 hoc,
2450 2135 2607 2214 quod
2661 2133 2803 2211 dixi,
2850 2134 3263 2198 incommodas

541 2241 678 2284 esse
724 2241 855 2296 usu,
904 2221 1062 2302 quod
1111 2223 1282 2284 video
1331 2233 1634 2285 auctorem
1684 2223 1881 2284 fateri.
1976 2222 2297 2303 Dirigendi.
2339 2231 2403 2284 et
2430 2222 2703 2302 erigendi
2749 2223 3046 2285 rationem
3092 2243 3261 2286 more

545 2309 915 2372 Ptolemaiou
980 2309 1207 2373 tradidi
1264 2311 1376 2372 tibi
1420 2312 1480 2372 in
1529 2311 1787 2386 chartis3
1854 2310 1940 2372 ibi
1986 2310 2059 2372 de
2118 2311 2525 2372 fundamentis
2572 2311 2746 2390 hujus
2792 2311 2881 2374 rei
2930 2331 3006 2373 ex
3044 2312 3263 2376 Ptole-

539 2417 712 2486 maeo
760 2399 1134 2478 disputatum
1181 2399 1566 2462 sufficienter.
1660 2399 1869 2462 Nolim
1914 2417 2056 2459 vero
2098 2399 2244 2461 mihi
2275 2399 2705 2461 necessitatem
2741 2399 2965 2480 imponi
3012 2403 3267 2464 eundem

544 2486 885 2549 resumendi
933 2488 1200 2550 laborem
1245 2488 1306 2548 in
1353 2506 1417 2550 re
1463 2495 1588 2549 tam
1627 2488 1767 2550 vilis
1813 2487 2122 2550 momenti.
2214 2485 2500 2568 Sequitur
2544 2487 2607 2549 in
2638 2488 2837 2550 Mario
2864 2489 3051 2551 anxia
3094 2509 3262 2552 ccm-

541 2573 780 2656 paratio
827 2593 1050 2650 eorum,
1100 2593 1252 2656 quae
1299 2576 1428 2656 ipse
1473 2576 1700 2656 primus
1747 2577 2125 2656 computavit
2168 2583 2232 2638 et
2267 2575 2729 2650 demonstravit,
2776 2595 2911 2638 cum
2956 2576 3053 2654 iis,
3105 2597 3258 2660 quae

541 2683 636 2726 me
685 2664 964 2744 agnoscit
1007 2664 1347 2728 reddidisse
1392 2665 1817 2738 commodiora,
1868 2663 1963 2726 cui
2010 2663 2392 2743 subjungitur
2439 2664 2818 2744 deprecatio,
2867 2685 2941 2726 ne
2982 2665 3259 2729 inhuma-

543 2751 780 2816 manius
828 2751 1022 2834 ipsum
1069 2761 1348 2817 tractem.
1440 2753 1578 2815 Nisi
1627 2754 1834 2829 fallor,
1884 2761 1951 2815 tu
1998 2752 2086 2816 illi
2130 2751 2450 2833 scripsisti,
2500 2771 2595 2816 me
2643 2753 2917 2833 publicas
2964 2755 3259 2819 adversus

544 2842 740 2922 ipsum
771 2842 1112 2921 suscepisse
1151 2841 1514 2916 inimicitias,
1565 2842 1835 2922 adeoque
1858 2842 1987 2921 jam
2016 2841 2313 2918 hostilem,
2364 2843 2413 2903 si
2447 2842 2579 2905 Deo
2615 2843 2834 2921 placet,
2880 2841 3091 2906 librum
3120 2844 3265 2907 mihi

543 2930 656 2991 sub
701 2929 975 2991 manibus
1023 2930 1274 2992 versari.
1368 2929 1458 2992 At
1503 2930 1593 2991 ita
1638 2929 1782 2992 mihi
1830 2931 1990 2991 bona
2034 2948 2203 2992 mens
2251 2931 2485 3005 fumat,
2543 2932 2633 2991 uti
2680 2948 2791 3009 ego
2852 2950 3153 3012 nunquam
3202 2934 3261 2994 in

544 3018 638 3080 his
695 3018 929 3097 spinis»,
996 3018 1216 3080 nedum
1277 3018 1340 3081 in
1397 3018 1935 3081 emendatiunculis
2002 3019 2189 3081 ullam
2244 3018 2474 3099 gloriae
2542 3038 2711 3100 spem
2777 3037 3033 3098 ponam;
3110 3040 3262 3103 quas

543 3106 668 3171 illis
713 3105 774 3167 in
803 3106 1030 3167 chartis
1071 3125 1366 3186 nunqnam
1397 3106 1760 3187 attigissem,
1815 3106 1869 3169 si
1916 3106 2143 3187 absque
2180 3115 2291 3170 tua
2327 3107 2668 3188 importuna
2694 3108 2990 3188 petitione
3020 3110 3257 3172 fuisset.

543 3194 746 3259 Amici
793 3193 1097 3271 charitati,
1147 3214 1262 3257 uon
1309 3214 1442 3257 meo
1491 3196 1703 3271 lubitu,
1755 3198 2019 3276 scriptas
2065 3195 2447 3270 meminerim
2512 3214 2769 3279 propere
2814 3196 3003 3277 igitur
3048 3204 3254 3261 trans—

545 3300 754 3345 eamus
801 3282 881 3344 ad
927 3283 1066 3345 alia.
3108 3294 3117 3299 “

686 3386 832 3438 Haeo
871 3386 1038 3447 „alia“
1079 3394 1196 3439 sunt
1230 3402 1320 3445 ea,
1368 3402 1500 3454 quae
1535 3388 1790 3453 respondit
1822 3386 2069 3452 Keplerus
2122 3386 2187 3437 ad
2222 3386 2474 3439 residuum
2520 3388 2757 3453 epistolae
2794 3390 3084 3449 Marianae,
3136 3348 3265 3457 quae

497 3450 504 3456 ⁶
545 3458 756 3509 diximus
792 3458 858 3509 ad
882 3458 1192 3524 Dioptricam
1227 3460 1491 3511 referenda
1527 3474 1664 3517 οπεος
1701 3472 1855 3525 quare
1892 3458 2047 3509 etiam
2067 3457 2275 3524 Kepleri
2309 3460 2677 3524 responsionem
2700 3461 2819 3513 illuc
2852 3464 3126 3515 referimus.

688 3528 949 3581 Conclusio
984 3530 1240 3583 literarum
1275 3537 1328 3581 et
1363 3530 1536 3581 datum
1575 3531 1771 3581 desunt.
1842 3530 1876 3581 J
1878 3544 1960 3579 am
1994 3531 2143 3579 misso
2180 3530 2423 3581 Vickenio
2460 3531 2527 3582 ad
2560 3530 2684 3581 alios
2720 3534 3001 3585 transimus.

692 3616 1192 3683 christophorus
1227 3618 1705 3684 Regulontius,
1745 3614 1881 3679 (vide
1918 3615 2071 3679 iufra)
2110 3618 2331 3683 Auglus,
2368 3618 2526 3683 pridie
2561 3618 2736 3671 Nonas
2772 3622 2917 3673 Febr.
2960 3620 3098 3673 1⁶05
3134 3624 3263 3677 haec

547 3687 766 3752 Keplero
803 3688 1032 3753 scripsit:
1094 3689 1392 3741 Doctissime
1428 3688 1529 3738 vir!
1581 3689 1849 3739 Tabellarii
1884 3687 2029 3751 hujus
2066 3689 2194 3738 adeo
2238 3697 2438 3753 praeter
2487 3706 2683 3741 omnem
2730 3695 3129 3757 expectationem
3164 3696 3262 3744 dis-

553 3772 725 3810 cessus
777 3761 967 3811 subitus
993 3760 1114 3811 'nou
1160 3776 1243 3811 me
1278 3762 1396 3811 sinit
1430 3760 1585 3810 fusius
1621 3760 1689 3809 ad
1723 3766 1774 3809 te
1826 3760 2065 3818 scribere,
2119 3765 2177 3809 ut
2220 3760 2397 3811 vellem
2449 3768 2501 3812 et
2544 3768 2601 3812 ut
2636 3777 2828 3828 semper
2860 3766 2978 3815 mihi
3015 3768 3066 3817 in
3104 3768 3267 3817 auimo

547 3828 671 3888 fuit.
729 3844 790 3880 ex
827 3845 920 3895 quo
955 3832 1165 3895 primum
1201 3832 1534 3881 monomica
1579 3838 1691 3880 tua
1727 3830 1812 3893 Op
1828 3830 1875 3878 ti
1894 3845 1995 3888 ca,
2051 3831 2284 3880 nundinis
2318 3834 2578 3897 postremis
2612 3834 2931 3901 pervulgata,
2990 3838 3055 3887 ad
3091 3852 3267 3889 manus

547 3910 743 3951 noscas
779 3903 1019 3967 pervenit.
1093 3902 1228 3966 Opus
1265 3902 1478 3967 quidem,
1516 3907 1574 3950 ut
1611 3901 1767 3951 doctis
1803 3902 2028 3951 omnibus
2064 3902 2417 3967 gratissimum,
2458 3905 2534 3954 ita
2568 3902 2635 3965 (si
2670 3907 2801 3969 quod
2838 3906 2975 3958 aliud
3008 3908 3153 3973 hujus
3178 3922 3263 3975 ge-

547 3970 702 4034 neris)
739 3974 984 4023 communi
1021 3975 1237 4023 omnium
1271 3971 1738 4029 mathematicorum
1771 3971 2011 4038 suffragio
2046 3973 2455 4025 laudatissimum.
2536 3974 2670 4025 Nam
2706 3978 2798 4027 etsi
2835 3978 2979 4029 multi
3014 3982 3067 4030 in
3105 3988 3259 4031 astro-

549 4044 721 4094 nomia
755 4043 913 4093 multa
948 4046 1280 4107 conscripsere
1297 4080 1311 4101 ‚
1349 4050 1547 4100 tamen,
1583 4048 1643 4093 ut
1678 4042 1808 4108 quod
1845 4058 2011 4093 verum
2048 4050 2126 4093 est
2162 4043 2313 4095 libere
2348 4046 2608 4110 profitear,
2654 4048 2956 4113 reliquerunt
2990 4064 3105 4101 eam
3139 4066 3266 4115 pene

548 4128 719 4163 omues
753 4110 974 4164 tenebris
1011 4114 1314 4165 densissimis
1351 4116 1729 4171 circumfusam,
1777 4128 1842 4164 ex
1888 4114 2062 4177 quibus
2112 4120 2167 4165 tu
2203 4116 2411 4179 primum
2449 4132 2678 4182 agressus
2717 4133 2769 4169 es
2820 4121 2979 4183 ipsam
3016 4122 3069 4171 in
3106 4123 3267 4173 lucem

551 4184 822 4235 vindicare.
898 4186 974 4235 Tu
1011 4186 1142 4235 euim
1178 4200 1277 4235 nou
1315 4185 1471 4235 solum
1511 4186 1782 4235 eruditione
1821 4186 1960 4235 varia
1994 4186 2290 4242 instructus.
2346 4188 2436 4239 sed
2487 4194 2539 4238 et
2582 4191 2888 4253 experientia
2922 4192 3179 4257 multiplici
3216 4199 3267 4244 et

551 4256 896 4307 observatione
934 4256 1153 4321 adjutus,
1192 4256 1510 4308 difficultates
1547 4270 1718 4307 omues
1754 4256 1903 4307 facile
1940 4259 2203 4321 superasti,
2242 4272 2353 4308 cum
2390 4258 2454 4309 de
2488 4260 2881 4319 retractionibus,
2921 4263 2983 4313 de
3019 4266 3150 4315 visus
3184 4278 3263 4315 rae

549 4328 701 4388 tione,
741 4327 804 4377 de
840 4328 950 4377 luce
986 4328 1200 4377 siderum
1215 4363 1230 4385 ‚
1269 4328 1332 4378 de
1370 4328 1622 4392 eclipsium
1659 4328 2001 4379 observatione
2019 4363 2033 4386 ,
2073 4328 2135 4378 de
2170 4328 2502 4393 parallsxibus
2548 4337 2603 4382 et
2636 4331 2833 4397 reliquis
2866 4334 3011 4397 hujus
3047 4336 3267 4386 sublimis

551 4398 797 4449 scientiae
831 4398 1016 4448 intimis
1055 4400 1252 4449 arcanis
1290 4398 1416 4449 adeo
1454 4399 1589 4449 clare
1625 4398 1997 4462 philosophatus
2034 4401 2119 4456 sis,
2157 4405 2215 4450 ut
2250 4401 2351 4451 fere
2388 4401 2508 4451 nihil
2545 4404 2789 4453 intactum
2814 4404 3068 4469 reliquisse
3092 4407 3261 4458 videa-

550 4468 645 4527 ris,
703 4468 832 4535 quod
871 4469 937 4520 ad
972 4469 1106 4519 hanc
1143 4476 1301 4519 artem
1338 4469 1466 4520 adeo
1503 4470 1716 4528 divinam
1756 4470 2158 4533 amplificandam
2205 4470 2281 4521 vel
2317 4472 2553 4536 physicae
2600 4474 2678 4525 vel
2714 4475 2911 4537 opticae
2958 4483 3013 4527 et
3046 4479 3267 4543 reliquae

549 4539 833 4591 matheseos
867 4540 1089 4590 thesauri
1113 4540 1426 4606 suppeditare
1461 4546 1681 4604 possunt.
1758 4538 1921 4600 Quam
1959 4541 2019 4591 ob
2045 4555 2166 4599 rem,
2205 4542 2245 4591 si
2283 4543 2500 4594 antehac
2535 4559 2665 4593 mors
2689 4545 2958 4597 immatura
2981 4548 3266 4599 nobilissimi

549 4608 799 4673 'tychonis
834 4624 1004 4660 omnes
1042 4612 1372 4662 astronomiae
1409 4610 1631 4661 alumnos
1665 4611 1941 4661 incredibili
1977 4626 2107 4675 pene
2144 4613 2309 4665 dolore
2346 4614 2533 4675 affecit,
2572 4616 2623 4666 in
2658 4614 2754 4667 hoc
2792 4632 2915 4667 sane
2952 4633 3053 4669 non·
3078 4622 3265 4669 minore

550 4682 734 4747 gaudio
771 4696 826 4733 se
860 4687 1111 4733 recreatos
1147 4684 1392 4740 sentiunt.
1449 4681 1818 4732 lucubrationes
1858 4685 1964 4745 ejus
2014 4690 2256 4749 tauquam
2292 4685 2469 4735 liberos
2506 4693 2713 4749 parente
2748 4690 2940 4753 proprio
2976 4691 3177 4741 orbatos
3213 4692 3265 4741 in

551 4752 765 4803 nitelam
797 4754 994 4817 patroni
1029 4760 1136 4803 tam
1173 4754 1431 4805 exercitati
1466 4761 1520 4802 et
1553 4752 1712 4803 fidelis
1749 4752 2022 4804 devenisse.
2097 4754 2165 4805 Et
2200 4762 2334 4806 certe
2370 4758 2561 4821 gratiss
2598 4758 2687 4807 tibi
2714 4773 2815 4808 non
2838 4762 3071 4813 minimas
3094 4775 3266 4812 omnes

553 4820 790 4873 debemus
827 4829 881 4873 et
912 4822 1153 4875 habemus
1169 4860 1184 4883 ,
1235 4825 1366 4891 quod
1401 4822 1643 4875 theoriam
1678 4822 1856 4873 Martis
1890 4826 2107 4875 numeris
2154 4828 2255 4876 suis
2295 4826 2575 4879 absolutam
2624 4830 2907 4896 propediem
2942 4833 3084 4883 nobis
3119 4832 3262 4897 polli-

553 4894 707 4954 ces-in
763 4898 842 4945 est
875 4895 1008 4945 enim
1043 4896 1127 4945 ille
1161 4896 1292 4947 iuter
1327 4896 1566 4947 erraticas
1603 4896 1823 4945 omnium
1855 4898 2071 4948 maxime
2104 4898 2159 4948 in
2195 4898 2378 4949 tabulis
2416 4899 2482 4951 ab
2515 4901 2623 4966 ipso
2661 4900 2798 4953 coelo
2834 4901 3088 4955 deficiens.
3148 4904 3267 4969 lpsa
