3634 5575
616 382 706 452 44
1803 378 2127 431 Prooemium.

609 545 806 613 prodita
841 550 935 600 est.
967 544 1088 596 licet
1127 543 1404 594 discrimine
1439 554 1540 591 non
1576 541 1746 607 magni
1781 542 2044 599 momenti,
2084 554 2307 607 apogaeo
2342 534 2549 603 ejus·⁶⁰
2586 538 2842 604 Cepernici
2878 539 3111 589 terminos
3148 536 3339 587 antici·

609 626 782 685 pante.
855 617 986 678 Quin
1024 622 1078 667 et
1115 616 1242 666 orbis
1281 628 1476 665 annuus
1509 614 1654 675 juxta
1691 612 2015 676 Copernicum
2034 648 2049 669 .
2106 621 2196 663 aut
2230 612 2477 675 epicyclus
2514 612 2785 681 secundum
2819 610 3159 661 Ptolemaeum
3176 643 3191 665 .
3230 623 3341 657 non

610 690 802 741 videtur
838 688 1058 751 ejusdem
1094 699 1289 751 semper
1322 684 1702 749 magnitudinis,
1743 685 1906 748 quoad
1941 686 2100 748 ipsum
2136 684 2469 734 eccentricum
2507 684 2771 734 collatione
2808 684 2978 739 factm
3018 681 3105 730 sed
3142 680 3337 729 altera-

609 763 795 812 tionem
829 760 1097 810 introducit
1133 760 1182 808 in
1222 756 1443 807 omnibus
1479 757 1632 805 tribus
1681 757 2007 819 superioribus
2056 755 2369 812 sensibilem
2427 755 2584 812 adeo,
2640 762 2697 803 ut
2748 754 2959 819 angulus
3015 751 3335 801 differentiae

607 834 660 883 in
697 830 858 882 Marte
898 833 962 882 ad
1006 830 1062 877 1⁰
1098 826 1185 878 40‘
1226 832 1493 878 excrescat.
1571 825 1824 887 Quomodo
1862 828 1990 878 haec
2028 842 2140 877 cum
2176 834 2267 877 tua
2301 827 2635 889 speculatione
2675 824 2989 876 concilianda
3024 825 3157 879 sint,
3217 828 3335 871 tute

607 905 786 954 videris
825 900 911 964 (t).
985 902 1195 953 Veneris
1233 898 1578 951 eccentricitas
1612 900 1765 948 multo
1803 901 1960 949 minor
1995 906 2101 954 est,
2136 914 2285 963 quam
2322 900 2499 947 statuit
2533 898 2609 948 vel
2646 897 2988 953 Ptolemaeus,
3026 894 3103 945 vel
3142 893 3332 958 Coper·

607 978 748 1026 nicus
785 972 892 1041 (g):
951 981 1002 1024 et
1039 988 1313 1037 apogaeum
1349 973 1454 1032 eJus
1491 985 1588 1019 non
1627 976 1704 1020 est
1738 971 1789 1019 in
1828 971 1943 1021 orbe
1978 970 2167 1019 sidereo
2204 970 2382 1031 fixum,
2440 971 2511 1019 uti
2560 970 2642 1020 hic
2696 969 2880 1025 voluit.
2938 968 3027 1019 sed
3076 968 3221 1015 initia
3256 970 3331 1023 Θ

605 1062 736 1097 nunc
775 1048 970 1113 attigit3
1025 1060 1120 1096 nec
1155 1052 1322 1094 tamen
1361 1040 1520 1091 Solari
1559 1040 1710 1107 (quod
1743 1043 1796 1091 in
1832 1042 1993 1093 medio
2030 1043 2157 1093 sexti
2192 1042 2373 1109 gradus
2410 1040 2637 1103 haeret).
2690 1042 2765 1091 uti
2800 1041 2972 1090 volunt
3004 1036 3329 1103 Alphonsini,

637 1119 752 1169 lane
791 1121 997 1167 unitum.

605 1135 636 1183 P
745 1190 886 1239 Haec
923 1195 975 1239 et
1009 1186 1186 1237 similia
1205 1221 1217 1241 ,
1270 1200 1472 1249 quorum
1505 1184 1651 1249 plura
1686 1200 1774 1233 suo
1809 1190 2027 1249 tempore
2058 1186 2268 1235 habebis
2284 1220 2297 1246 ,
2336 1190 2455 1235 tuae
2492 1185 2615 1235 alias
2657 1184 2927 1233 industriae
2970 1180 3333 1246 excogitationi

603 1260 868 1325 applicata,
905 1275 1031 1319 eam,
1071 1273 1138 1308 an
1175 1258 1500 1321 undequaque
1537 1258 1629 1306 rite
1667 1263 1875 1314 constet,
1913 1258 2204 1321 probabunt.
2280 1257 2386 1322 Ego
2426 1272 2621 1307 omnem
2648 1257 2835 1305 orbium
2860 1255 3160 1309 realitatem,
3198 1266 3327 1315 quo-

600 1333 936 1397 modocunque
971 1330 1171 1380 tandem
1209 1334 1554 1383 assumantur,
1609 1328 1746 1377 coelo
1785 1328 2139 1378 eliminandam
2172 1342 2352 1378 censeo
2392 1326 2502 1389 (h).
2556 1328 2687 1395 quod
2734 1342 2815 1376 me
2872 1340 3041 1376 omnes
3094 1330 3329 1374 cometae

599 1420 652 1453 re
689 1418 804 1453 vera
839 1403 1078 1457 aetherei,
1113 1400 1230 1451 inde
1270 1415 1301 1450 a
1336 1414 1466 1448 nova
1503 1399 1649 1449 stella
1686 1413 1733 1448 a.
1776 1398 1913 1448 1572
1950 1401 2219 1463 conspecti,
2257 1401 2336 1463 qui
2374 1400 2553 1450 nullius
2592 1400 2721 1449 orbis
2742 1400 2879 1463 leges
2906 1397 3132 1447 totaliter
3157 1396 3325 1446 secuti

599 1482 729 1531 sunt,
769 1475 966 1538 quidam
1003 1488 1115 1524 vero
1154 1472 1452 1522 contrarium
1489 1471 1604 1535 quid
1639 1485 1758 1535 prae
1795 1486 1850 1522 se
1886 1472 2131 1528 ferebant,
2170 1471 2507 1522 indubitanter
2544 1471 2881 1527 edocuerunt;
2938 1476 2994 1519 ιιι
3032 1469 3091 1517 de
3127 1468 3319 1517 refrac-

599 1547 810 1595 tionibus
845 1546 1028 1595 frustra
1061 1542 1396 1607 multiplicatis
1435 1556 1496 1591 ex
1533 1543 1718 1591 orbium
1753 1542 2017 1593 solidorum
2054 1544 2198 1605 copia
2232 1543 2353 1592 nihil
2392 1543 2736 1607 superaddam.
2811 1542 2921 1593 Nec
2957 1540 3139 1605 poterit
3162 1540 3325 1589 Terra

600 1630 763 1667 annuo
803 1619 919 1666 cieri
953 1621 1107 1670 motu,
1143 1620 1202 1663 ut
1237 1614 1299 1663 de
1335 1614 1672 1663 librationibus
1709 1616 1877 1663 otiosis
1922 1612 2104 1678 (neque
2143 1616 2273 1663 enim
2308 1614 2425 1663 talis
2462 1621 2538 1663 est
2574 1615 2993 1678 aequinoctiorum
3019 1610 3323 1676 praecessio,

597 1696 654 1736 ut
692 1690 987 1751 opinabatur
1023 1681 1362 1750 Copernicus),
1401 1690 1600 1734 taceam
1639 1683 1736 1747 (i):
1775 1693 1890 1735 utut
1925 1686 2123 1735 diurnus
2160 1686 2487 1750 plausibiliter
2522 1687 2584 1735 ob
2622 1687 2857 1735 minorem
2884 1700 3055 1751 gyrum
3080 1682 3147 1731 illi
3175 1683 3323 1731 attri-

597 1760 680 1809 bui
715 1766 896 1823 queat,
947 1758 1089 1809 modo
1135 1763 1242 1806 tam
1275 1756 1412 1822 gravi
1451 1761 1504 1805 et
1539 1768 1692 1819 opaco
1732 1759 1918 1821 corpori
1957 1760 1999 1807 is
2038 1764 2341 1822 competeret
2360 1792 2374 1815 ,
2432 1758 2585 1822 quieti
2621 1759 2783 1821 potius
2802 1793 2815 1817 ,
2856 1770 3005 1820 quam
3040 1756 3193 1805 motui
3232 1768 3322 1804 ac-

597 1830 852 1880 commodo
892 1828 987 1891 (k).

739 1900 904 1962 Quare
921 1938 934 1955 .
989 1906 1046 1951 ut
1079 1900 1316 1951 tollantur
1352 1898 1558 1962 epicycli
1579 1932 1594 1956 ,
1650 1900 1728 1948 vix
1781 1900 1885 1951 alia
1936 1901 2267 1951 commodiore
2305 1902 2497 1951 ratione
2529 1900 2827 1965 hypotheses
2864 1898 3079 1949 ordinari
3114 1902 3317 1961 queunt,

595 1988 743 2039 quam
779 1980 837 2022 ut
871 1976 1004 2023 circa
1039 1972 1204 2025 Solem
1239 1971 1468 2021 mobilem
1504 1973 1604 2021 sint
1639 1978 1814 2021 centra
1852 1974 2147 2023 circuituum
2184 1974 2396 2037 quinque
2432 1973 2764 2037 planetarum,
2802 1973 3089 2037 quiescente
3124 1968 3282 2019 'rem
3300 1986 3319 2024 s

596 2051 648 2094 et
683 2046 816 2095 circa
850 2044 982 2097 hanc
1020 2044 1250 2094 revolutis
1285 2043 1604 2092 luminaribus
1643 2050 1696 2092 et
1730 2048 1841 2092 tota
1878 2052 2057 2094 octava
2094 2041 2191 2106 (uti
2226 2038 2429 2104 vocant)
2468 2044 2696 2110 sphaera,
2734 2056 2849 2093 eam
2884 2043 3035 2092 etiam
3070 2042 3122 2090 in
3158 2040 3319 2090 medi-

597 2116 734 2167 tullio
770 2118 1078 2180 respiciente,
1122 2115 1261 2177 cujus
1297 2114 1556 2163 abscessus
1587 2116 1731 2176 juxta
1767 2114 2091 2178 Cepernicum
2127 2117 2179 2165 in
2214 2116 2505 2165 immensum
2540 2130 2668 2179 pene
2706 2116 2839 2171 abit,
2878 2116 3077 2177 ejusque
3112 2112 3313 2176 positio·

593 2202 708 2237 nem
743 2188 820 2236 vel
855 2187 950 2237 hoc
989 2188 1092 2236 solo
1131 2186 1339 2236 absurdo
1379 2182 1442 2247 (1)
1483 2185 1720 2251 infringit.
1795 2185 1905 2237 Nec
1942 2188 2095 2237 etiam
2136 2194 2227 2237 tua
2263 2186 2487 2251 cogitata
2520 2186 2601 2237 hic
2636 2186 2787 2236 ullam
2825 2200 2937 2235 cum
2979 2185 3155 2233 ceteris
3178 2198 3313 2245 sym-

592 2260 818 2308 metriam
857 2257 1024 2322 (prout
1059 2257 1202 2307 simul
1240 2257 1346 2306 fieri
1384 2254 1575 2317 debuit)
1615 2256 1900 2307 admittunt.
1974 2258 2182 2322 Oportet
2230 2262 2395 2307 autem
2447 2260 2499 2307 in
2535 2272 2588 2307 re
2625 2259 2751 2308 bene
2785 2257 3155 2322 proportionata
3190 2252 3313 2303 nihil

592 2330 698 2379 dari
723 2332 1224 2395 improportionatum.
1265 2328 1392 2379 alias
1428 2332 1537 2377 tota
1574 2330 1863 2391 symmetria
1898 2330 2211 2380 confunditur
2248 2336 2299 2379 et
2334 2336 2567 2394 suspecta
2602 2330 2787 2387 evadit,
2822 2328 3112 2393 praesertim
3136 2326 3188 2375 in
3212 2325 3307 2375 hoc

589 2400 698 2451 loco
718 2436 732 2458 ,
771 2403 852 2451 ubi
891 2409 998 2451 tam
1031 2414 1266 2465 magnum
1303 2406 1454 2463 atque
1492 2400 1692 2451 evidens
1727 2401 1971 2465 ingeritur
2008 2401 2330 2453 obstaculum.

730 2471 873 2525 Haec
910 2479 963 2523 et
999 2473 1118 2529 alia,
1157 2486 1286 2537 quae
1321 2470 1520 2535 singula
1557 2486 1939 2523 commemorare
1974 2488 2107 2523 nunc
2147 2486 2248 2522 non
2284 2478 2464 2529 vacat,
2500 2486 2581 2522 me
2618 2473 2767 2522 circa·
2786 2477 2925 2521 tuam
2960 2469 3311 2523 inventionem.

591 2542 716 2595 alias
751 2545 1138 2599 solertissimam.
1177 2544 1356 2607 optime
1395 2542 1630 2605 Keplere,
1671 2543 1872 2593 dubium
1908 2544 2136 2595 reddunt.
2208 2544 2413 2593 Interim
2450 2559 2549 2594 non
2585 2558 2782 2607 possum
2820 2558 2919 2595 non
2956 2548 3162 2591 conatus
3200 2546 3311 2589 tuos

591 2622 695 2666 tam
732 2618 936 2666 eximios
975 2623 1026 2666 et
1061 2628 1198 2664 raros
1233 2614 1590 2678 magnifacere,
1627 2614 1910 2679 hortorque,
1948 2623 2005 2665 ut
2028 2616 2229 2666 ulterius
2254 2614 2329 2665 his
2358 2617 2575 2665 animum
2598 2615 2844 2669 intendas.
2884 2612 3067 2677 desque
3091 2626 3309 2676 operam,
3408 2680 3417 2687 ·

589 2694 648 2737 ut
682 2688 839 2738 simile
875 2687 991 2752 quid
1027 2687 1206 2736 nostris
1243 2685 1596 2749 hypothesibus
1633 2682 1759 2747 (m),
1805 2701 1930 2750 quas
1975 2688 2061 2736 tibi
2109 2702 2209 2737 non
2254 2688 2585 2751 incompertae
2634 2700 2741 2737 esse
2787 2686 2908 2735 liber
2956 2684 3039 2733 ille
3074 2682 3308 2740 ostendit,

592 2759 845 2823 applicare
881 2760 1036 2824 possis
1059 2794 1074 2816 .
1113 2772 1225 2808 cum
1260 2771 1386 2822 pene
1422 2759 1590 2808 omnia
1623 2758 1683 2808 iis
1719 2759 1909 2820 pariter
1948 2760 2259 2809 conveniant.
2332 2758 2507 2822 Neque
2544 2759 2605 2808 ob
2640 2758 2688 2808 id
2726 2772 2847 2823 opus
2882 2762 2991 2812 est,
3032 2762 3088 2805 ut
3124 2755 3311 2804 orbium

590 2837 844 2880 statuatur
881 2844 1144 2894 compages
1179 2830 1370 2886 solidae
1419 2829 1604 2878 sufficit
1625 2864 1638 2890 ,
1677 2830 1909 2879 circuitus
1948 2837 1999 2880 et
2032 2833 2328 2880 remotiones
2364 2831 2575 2880 siderum
2612 2832 2742 2880 inter
2776 2844 2829 2878 se
2866 2829 3019 2878 talem
3056 2826 3308 2877 concinni-

593 2909 750 2950 tatem
789 2909 938 2964 atque
973 2902 1282 2951 harmoniam
1319 2901 1590 2951 observare.
1664 2899 1770 2952 Nec
1813 2902 2177 2965 praetereunda
2212 2909 2289 2952 est
2324 2899 2405 2962 (n)
2444 2909 2621 2952 octava
2656 2901 2867 2966 sphaera
2885 2935 2898 2960 ,
2955 2900 3070 2963 quin
3124 2899 3175 2947 in
3212 2897 3307 2947 hoe

596 2973 742 3022 choro
778 2971 1252 3037 proportionabiliter
1287 2972 1448 3022 locum
1485 2971 1700 3035 aliquem
1736 2974 1975 3022 obtineat.
2048 2972 2247 3024 Nullum
2286 2975 2415 3023 euim
2453 2981 2529 3022 est
2564 2973 2779 3033 dubium,
2814 2974 2871 3030 iu
2889 2971 3113 3021 universo
3139 2970 3307 3019 omnia

596 3049 736 3094 certa
769 3043 1029 3094 harmonia
1064 3049 1118 3093 et
1152 3045 1458 3106 proportione
1497 3043 1561 3092 ad
1597 3044 1810 3093 invicem
1847 3044 2077 3094 divinitus
2115 3043 2277 3094 relata
2312 3051 2363 3094 et
2398 3045 2629 3094 ordinata
2663 3058 2771 3094 esse
2791 3079 2806 3099 ,
2860 3045 2935 3092 ita
2976 3047 3035 3090 ut
3068 3047 3174 3090 tam
3210 3055 3303 3090 nu·

593 3116 738 3165 meris
786 3130 932 3180 quam
969 3115 1138 3179 figuris
1174 3115 1426 3164 succincte
1467 3114 1944 3178 comprehendantur
1962 3151 1975 3168 .
2033 3115 2183 3165 veluti
2222 3129 2255 3165 a
2288 3115 2645 3180 Pythagoraeis
2682 3122 2734 3164 et
2768 3115 3037 3164 Platonicis
3066 3115 3173 3175 jam
3212 3111 3304 3160 du-

594 3187 709 3237 dum
748 3187 1062 3250 aliquatenus
1097 3187 1375 3251 praevisum
1413 3192 1506 3236 est.
1581 3186 1674 3235 His
1711 3188 1878 3251 itaque
1911 3187 2115 3238 ulterius
2152 3188 2340 3251 ingenii
2374 3202 2545 3237 nervos
2582 3187 2791 3250 applica,
2830 3193 2883 3236 et
2906 3187 2947 3234 si
2972 3183 3303 3233 omnimodam

595 3259 1001 3313 consonantiam.
1040 3272 1168 3321 quae
1204 3257 1341 3307 nulla
1377 3273 1438 3307 ex
1471 3265 1612 3321 parte
1649 3258 1927 3314 claudicet,
1967 3266 2019 3308 et
2053 3261 2105 3307 in
2142 3273 2241 3322 qua
2276 3259 2396 3308 nihil
2434 3260 2585 3308 etiam
2620 3257 2940 3313 desideretur,
2978 3255 3305 3310 adinveniens,

595 3332 692 3380 eris
726 3330 844 3380 mihi
879 3331 1089 3394 magnus
1126 3329 1316 3393 Apollo.
1392 3328 1644 3389 Quantum
1699 3345 1790 3393 ego
1848 3333 1946 3379 tuis
1998 3330 2094 3380 hac
2150 3333 2201 3379 in
2238 3344 2290 3379 re
2330 3329 2493 3379 arduis
2530 3330 2787 3380 conatibus
2824 3329 3081 3378 subvenire
3116 3332 3303 3390 potero,

591 3417 672 3450 mo
708 3403 992 3465 neutiquam
1027 3400 1231 3450 habebis
1268 3399 1547 3456 difficilemz
1594 3402 1886 3465 praesertim
1920 3404 1963 3450 si
1998 3417 2079 3450 me
2114 3417 2246 3452 nunc
2284 3403 2335 3450 in
2374 3402 2641 3452 Germania
2682 3400 2947 3465 degentem
2986 3405 3038 3448 et
3075 3413 3103 3447 e
3137 3397 3303 3461 patria

591 3472 688 3522 huc
725 3487 836 3522 cum
873 3472 1104 3520 universa
1135 3471 1354 3526 familia.
1409 3485 1470 3520 ne
1508 3477 1640 3520 totus
1675 3473 1759 3521 ille
1795 3473 1976 3536 periret
2011 3473 2271 3523 thesaurus
2309 3474 2661 3524 astronomicus
2681 3508 2695 3528 .
2732 3479 2809 3522 tot
2844 3471 3018 3528 annis,
3054 3469 3301 3519 laboribus

594 3551 646 3593 et
680 3544 916 3592 sumtibus
953 3551 1292 3606 comparatus,
1349 3544 1620 3606 profectum
1672 3543 1937 3608 aliquando
1976 3546 2197 3595 inviseris
2234 3551 2287 3594 et
2322 3559 2515 3594 mecum
2551 3559 2717 3594 coram
2754 3543 2815 3594 de
2854 3542 3149 3606 ejuscemodi
3184 3541 3298 3590 sub-

589 3613 783 3666 limibus
821 3616 964 3664 rebus
995 3614 1213 3676 jucunde
1251 3620 1303 3664 et
1337 3621 1480 3679 grate
1518 3615 1795 3664 contuleris.

732 3685 876 3736 Vale.
951 3685 1216 3736 Dabantur
1251 3685 1610 3751 Wandesburgi
1647 3688 1698 3735 in
1739 3701 1853 3737 arce
1894 3687 2235 3744 Ranzoviana‚
2274 3687 2476 3737 semisse
2513 3685 2851 3736 tantummodo
2886 3683 3105 3734 milliaris
3140 3683 3298 3734 Ham-

591 3758 743 3823 hurgo
790 3765 1014 3813 remota,
1070 3771 1218 3820 quam
1261 3771 1394 3806 nunc
1438 3756 1659 3807 inhabito
1679 3793 1691 3812 ,
1731 3765 1783 3806 et
1830 3759 2085 3808 translatis
2120 3757 2217 3806 huc
2255 3773 2282 3807 e
2320 3757 2489 3807 Dania
2524 3756 2763 3807 machinis
2799 3758 2921 3806 meis
2958 3757 3297 3806 astronomicis

589 3833 794 3893 totaque
829 3829 1134 3893 supellectile
1169 3828 1370 3878 libraria
1403 3829 1545 3878 rebus
1581 3827 1874 3878 coelestibus
1910 3843 2011 3878 non
2046 3830 2207 3878 minus
2244 3843 2393 3894 quam
2432 3835 2585 3879 antea
2620 3829 2836 3893 invigilo,
2876 3835 2927 3877 et
2952 3827 3134 3877 Divina
3174 3841 3292 3893 gra-

590 3901 668 3950 tia
699 3902 800 3952 otio
835 3901 967 3950 fruor
999 3899 1329 3964 philosophico
1361 3895 1446 3958 ¹³).
1797 3902 1802 3907 '

729 3970 797 4020 D.
839 3969 886 4019 1.
927 3973 1044 4035 Apr.
1085 3977 1146 4019 st.
1183 3977 1285 4020 vet.
1323 3967 1475 4019 1598.
1542 3991 1552 4002 ·

730 4040 1033 4107 Postscripta
1051 4077 1066 4098 ,
1121 4055 1249 4106 quae
1288 4041 1347 4092 de
1384 4042 1539 4092 Urso
1589 4048 1747 4107 agunt
1765 4077 1780 4099 .
1836 4041 1917 4092 hic
1954 4044 2232 4100 omisimus,
2290 4041 2570 4092 differentes
2608 4042 2674 4092 ad
2708 4039 2913 4106 Kepleri
2946 4041 3295 4092 refutationem

591 4111 719 4175 Ursi,
759 4129 907 4178 quam
943 4113 1218 4164 addidimus
1253 4113 1514 4163 Prodromo
1552 4128 1579 4162 e
1615 4115 1960 4178 manuscriptis
1997 4114 2375 4178 Petropolitanis
2415 4114 2704 4165 desumtam.

729 4185 790 4237 In
825 4186 1034 4252 epistola
1067 4184 1117 4235 d.
1159 4182 1242 4232 21.
1282 4185 1396 4248 Apr.
1438 4181 1574 4233 1598
1611 4185 1676 4235 ad
1712 4183 2031 4236 Maesth'num
2068 4185 2189 4235 data
2224 4185 2389 4247 Tycho
2426 4186 2489 4236 de
2532 4201 2678 4251 opere
2700 4184 2906 4250 Kepleri
2930 4191 2983 4236 et
3016 4185 3077 4236 de
3100 4183 3289 4234 Maest-

587 4257 676 4308 lini
704 4259 906 4321 judicio,
943 4256 1072 4322 quod
1105 4256 1166 4306 de
1207 4256 1358 4320 ipsius
1395 4255 1564 4305 mundi
1600 4258 1792 4306 ratione
1833 4254 1907 4318 (in
1945 4257 2249 4321 praefatione
2276 4259 2341 4308 ad
2368 4255 2633 4317 „Rhaetici
2656 4257 3017 4308 narrationem“
3056 4271 3173 4321 pag.
3200 4251 3293 4316 27)

589 4328 708 4379 fecit
721 4365 736 4387 ,
773 4343 1014 4394 quamque
1053 4329 1330 4391 inscripsit:
2534 4355 2557 4376 0

1325 4395 1674 4460 Clarissimo
1722 4407 1784 4460 et
1830 4399 2359 4464 Praestantissimo
2408 4403 2556 4466 Viro

1563 4485 1815 4548 Domino
1863 4489 1948 4548 M.
1998 4487 2321 4550 Maestlino

591 4573 1053 4628 Mathematicarum
1089 4577 1267 4626 artium
1299 4575 1559 4640 insigniter
1603 4577 1782 4639 perito,
1836 4575 2195 4640 earundemque
2239 4579 2289 4625 in
2326 4578 2514 4640 inclyta
2550 4578 2808 4631 academia
2843 4579 3143 4648 Tubingensi
3178 4597 3287 4646 pro-

1327 4647 1496 4697 fessori
1533 4647 1873 4703 celeberrimo,
1909 4648 2027 4697 mihi
2061 4648 2319 4712 plurimum
2356 4649 2549 4700 dilecto.

587 4717 714 4767 haec
749 4716 968 4780 profert:

730 4840 901 4888 Annus
930 4841 1036 4902 jam
1072 4842 1235 4906 agitur
1270 4841 1485 4892 decimus
1503 4878 1517 4900 ,
1565 4842 1889 4893 eruditissime
1928 4850 1981 4893 et
2014 4845 2432 4908 praestantissime
2468 4841 2761 4901 Maestum,
2798 4861 2859 4895 ex
2894 4861 2987 4911 quo
3024 4850 3220 4912 quidam
3258 4867 3287 4901 e

587 4911 710 4962 meis
747 4910 1043 4970 domesticis,
1081 4914 1163 4978 qui
1187 4913 1486 4980 aliquamdiu
1511 4913 1630 4966 mihi
1651 4915 1704 4964 in
1739 4915 1883 4965 rebus
1923 4915 2259 4966 astronomicis
2294 4917 2596 4973 inservierat,
2635 4917 2907 4983 exemplum
2942 4927 3139 4970 tuarum
3168 4921 3285 4974 lite·
