3634 5575
1497 375 1831 426 Prooemium.
1861 409 1867 414 ,
2853 453 2860 458 ¹
2906 377 3027 444 221

303 534 374 596 in
431 551 496 594 re
561 549 810 612 operam
855 532 998 596 Ursi
1053 533 1298 613 expetii.
1393 531 1705 604 Quantam
1759 543 1991 608 autem,
2056 551 2165 614 per
2220 533 2415 596 Deum
2480 534 2911 598 immortalem!
2980 546 3045 602 et

307 641 488 702 quam
536 620 926 700 multiplicem
974 621 1118 682 mihi
1165 622 1315 683 facit
1357 621 1632 701 injuriam
1681 622 1845 684 ferus
1892 622 2114 684 homo?
2206 622 2564 686 Ambiebam
2632 624 2765 704 ejus
2824 625 3039 688 amici-

307 712 462 772 tiam
507 709 694 772 missa
739 709 1018 792 epistola.
1113 708 1181 772 Si
1228 709 1582 790 petitionem
1630 729 1829 774 meam
1876 710 2143 786 admisit,
2192 711 2367 774 fidem
2406 712 2538 791 ejus
2588 713 2896 775 desidero:
2946 713 3038 776 sin

305 797 576 878 sprevit,
645 807 852 861 tamen
917 798 1274 862 inhumanus
1331 807 1446 860 est.
1549 797 1875 884 Sermones
1944 799 2299 874 amicorum,
2366 799 2581 862 literae
2646 803 2841 882 magis
2906 803 3037 882 pri-

305 896 494 948 vatae
541 905 678 948 esse
725 888 978 950 debent:
1027 888 1140 950 has
1188 889 1288 949 ille
1338 887 1690 966 publicavit,
1739 906 1853 950 nec
1897 907 2005 950 me.
2040 887 2357 964 consuluit,
2407 908 2517 950 nec
2564 889 2877 966 facturum,
2929 911 3037 954 nec

309 977 538 1038 sactum
587 975 922 1051 nunciavit,
989 995 1106 1038 nec·
1163 977 1478 1056 exemplar
1531 976 1718 1038 misit.
1813 975 2047 1046 Quibus
2104 986 2201 1038 est
2264 996 2441 1039 curae
2498 978 2771 1057 aequitas
2836 999 2911 1040 ne
2976 981 3035 1041 in

303 1063 548 1126 hostem
597 1064 836 1145 quidem
883 1065 1006 1127 tale
1067 1065 1208 1144 quid
1257 1066 1502 1126 audent.
1599 1064 1971 1126 Remisisset
2026 1065 2202 1141 mihi,
2270 1065 2427 1146 quod
2472 1074 2713 1128 veteres
2770 1068 3034 1142 aiebant,

305 1153 616 1226 nuncium,
679 1162 786 1215 aut
842 1153 1219 1215 abolevisset
1273 1152 1589 1226 schedam,
1660 1153 1714 1214 si
1769 1171 1887 1214 non
1945 1153 2182 1233 placuit
2231 1154 2475 1218 amicus.
2570 1153 2925 1236 Quanquam
2984 1157 3035 1218 si

307 1243 500 1304 literis
547 1242 676 1321 ejus
723 1243 804 1304 ad
848 1261 944 1304 me
992 1242 1186 1328 altero
1235 1242 1479 1303 tandem
1529 1260 1690 1302 anno
1738 1241 2015 1322 scriptis,
2076 1242 2129 1304 si
2166 1242 2397 1322 judicio
2444 1243 2575 1323 ejus
2622 1244 2697 1306 de
2744 1263 2839 1306 me
2885 1245 3036 1308 fides

303 1330 516 1392 haberi
571 1338 812 1410 potest:
879 1339 945 1392 et
997 1330 1228 1409 placuit
1281 1329 1572 1403 conditio,
1655 1337 1721 1391 et
1785 1329 2114 1392 amicitiam
2180 1331 2378 1394 colere
2442 1331 2815 1396 instituerat.
2910 1333 3035 1396 Sed

305 1419 458 1481 haec
506 1419 668 1480 levia
715 1427 874 1492 sunt,
919 1419 1028 1480 illa
1071 1419 1267 1498 major
1311 1417 1685 1498 improbitas,
1725 1419 1865 1498 jure
1914 1419 2119 1499 utique
2146 1418 2527 1494 vindicanda,
2577 1420 2628 1482 si
2672 1422 2767 1484 cui
2813 1421 2871 1482 in
2906 1423 3039 1484 foro

307 1517 417 1570 aut
466 1527 608 1588 spes
672 1516 780 1570 aut
834 1507 1196 1570 oblectatio:
1265 1508 1423 1586 quod
1469 1506 1560 1580 id,
1629 1506 1786 1588 quod
1834 1528 2254 1588 γεωμετρονντι
2300 1507 2525 1570 dictum
2574 1527 2687 1588 ego
2734 1511 3030 1587 volebam,

314 1597 446 1677 ipse
493 1596 608 1657 sibi
655 1595 1068 1672 maledicenti,
1117 1597 1271 1674 quod
1303 1595 1546 1670 scribiS,
1597 1596 1883 1676 applicat.
1998 1596 2479 1658 Acerbissimum
2527 1597 2805 1674 omnium,
2854 1600 3033 1680 quod,

307 1703 486 1766 quem
535 1685 912 1764 intelligebat
959 1703 1036 1748 ex
1079 1685 1230 1746 meis
1277 1683 1470 1746 literis
1519 1703 1557 1744 a
1601 1703 1699 1746 me
1753 1683 1999 1747 maximi
2058 1684 2215 1757 fieri,
2279 1683 2401 1746 illis
2446 1684 2595 1764 ipsis
2644 1685 2795 1750 meis
2842 1687 3037 1750 literis

305 1783 590 1854 quantum
637 1775 837 1853 potuit
881 1773 1326 1836 dehonestavit.
1421 1771 1526 1834 Sic
1573 1772 1851 1834 nimirum
1900 1771 2015 1852 ipsi
2062 1791 2157 1834 me
2206 1771 2280 1834 de
2328 1771 2577 1835 laudato
2636 1773 2875 1837 inimico
2923 1795 3034 1836 suo

302 1862 536 1941 placuit
597 1863 828 1925 ulcisci.
923 1861 1047 1924 Sed
1117 1881 1305 1942 neque
1363 1860 1518 1923 satis
1573 1861 1777 1922 mirari
1842 1880 2089 1941 possum
2152 1860 2469 1923 consilium
2526 1862 2821 1926 hominis:
2892 1865 3033 1926 dum

301 1951 615 2012 consilium
663 1971 858 2013 meum
905 1950 1066 2013 illius
1113 1949 1534 2031 hyperbolicae
1583 1949 1953 2012 laudationis
1998 1949 2245 2012 ventilo.
2342 1949 2545 2020 Quid?
2595 1951 2851 2014 Tantine
2884 1953 3053 2016 facitr

302 2040 428 2102 ista
473 2059 610 2102 mea
652 2039 1014 2120 praeconia?
1069 2039 1162 2100 At
1205 2039 1374 2119 cujus
1421 2038 1714 2100 hominis?
1789 2038 1859 2100 Si
1906 2038 1997 2100 vir
2043 2047 2241 2111 esset,
2288 2047 2730 2114 contemneret,
2782 2042 2835 2102 si
2882 2059 3027 2120 pru-

303 2129 478 2204 dens,
527 2146 643 2189 non
693 2129 1056 2190 venditaret.
1153 2125 1534 2198 Quaerebam
1582 2127 1869 2188 obscurus
1930 2144 2042 2206 ego
2091 2127 2463 2188 laudatorem
2510 2129 2736 2190 clarum
2782 2129 3031 2192 vixdum

301 2217 432 2280 nati
479 2218 730 2290 inventi,
777 2217 1192 2279 mendicabam
1241 2216 1318 2276 ab
1365 2217 1498 2296 ipso
1547 2216 1786 2294 stipem,
1836 2233 1976 2278 ecce
2026 2215 2245 2294 stipem
2284 2216 2417 2295 ipse
2446 2217 2719 2279 mendico
2751 2219 3028 2282 extorsit.

299 2307 770 2385 Praeceptoretn
801 2305 958 2378 dixi3
1005 2323 1118 2365 nae
1165 2323 1414 2384 parvam
1462 2303 1628 2365 laudi
1669 2303 2079 2366 accessionem
2127 2304 2275 2366 facit
2320 2324 2397 2366 ex
2444 2304 2791 2368 adulatione
2840 2307 3029 2368 disci-

301 2395 446 2475 puli.
543 2394 818 2465 Quaerat
864 2412 1068 2458 eorum
1129 2393 1483 2472 praeconia,
1542 2392 1641 2473 qui
1689 2411 1754 2454 se
1807 2401 2237 2470 praeceptores
2301 2393 2491 2471 ipsius
2539 2395 2757 2457 ferunt.
2851 2394 3029 2465 Quod

303 2484 358 2546 si
405 2484 551 2546 mihi
595 2493 804 2564 partes
843 2482 1064 2563 judicis
1111 2481 1304 2544 tradit
1351 2483 1492 2556 (nec
1539 2480 1806 2559 apertius
1852 2481 1914 2542 id
1959 2481 2289 2559 potuisset,
2356 2499 2533 2560 quam
2578 2483 2665 2543 sic
2713 2492 3027 2548 ostentata

303 2591 439 2634 mea
485 2573 803 2652 epistola),
854 2571 1028 2646 sciat,
1069 2572 1196 2651 jam
1244 2569 1388 2632 mihi
1437 2568 1589 2630 alios
1637 2587 1814 2648 qnam
1862 2569 2139 2653 discipuli
2194 2588 2391 2632 mores
2440 2578 2799 2650 competere.
2896 2574 3021 2635 To-

304 2664 532 2724 leratur
576 2662 636 2723 in
688 2661 980 2740 discipulo
1029 2668 1326 2740 utcunque
1363 2658 1652 2733 adulatio,
1705 2659 1758 2719 si
1805 2677 1881 2718 ex
1929 2658 2202 2738 opinione
2233 2660 2663 2738 praeceptoris,
2714 2680 2789 2724 ex
2816 2681 3021 2724 amore

297 2751 578 2832 profecta
617 2751 694 2812 ad
741 2750 918 2812 finem
967 2748 1236 2811 discendi
1275 2749 1586 2827 dirigatur.
1679 2747 1748 2809 In
1787 2746 1991 2826 judice
2031 2747 2299 2810 a'dulatio
2330 2748 2622 2827 flagitium
2654 2757 2769 2811 est.
2846 2747 3023 2822 Quae

301 2842 390 2902 sic
437 2840 756 2902 scribenda
813 2840 994 2914 duxi,
1063 2846 1130 2899 ut
1177 2838 1452 2917 quamvis
1515 2844 1792 2916 praestat
1847 2836 2195 2898 securitatis
2252 2856 2465 2911 cansa,
2532 2839 3021 2903 nocentissimum

297 2948 590 3010 quemque
631 2928 772 2990 mihi
819 2928 1126 2989 minimum
1174 2927 1392 2999 irasci,
1438 2935 1638 2987 tamen
1688 2924 1740 2986 si
1787 2943 1903 2987 non
1954 2925 2133 2988 aliter
2180 2925 2387 2987 honori
2438 2934 2539 2987 tuo
2586 2927 2817 2990 consuli
2868 2946 3019 3007 pos-

295 3018 412 3092 sit,
479 3017 736 3079 haberes
803 3016 1111 3078 arbitrium
1176 3016 1520 3094 publicatae
1587 3014 1921 3077 calumniae
1978 3013 2216 3093 publice
2278 3013 2519 3076 obviam
2586 3015 2783 3077 eundi.
2896 3016 3023 3079 Sed

295 3106 544 3169 missum
590 3107 832 3167 tandem
880 3106 1080 3184 ipsum
1125 3105 1440 3165 faciamus.
1507 3105 1654 3178 ,Nec
1702 3104 1860 3165 enim
1889 3121 2089 3183 -quam
2136 3104 2265 3181 ipse
2300 3104 2475 3177 male,
2526 3104 2631 3165 sed
2682 3124 2860 3185 quam
2907 3124 3021 3185 ego

295 3196 448 3257 bene
495 3196 756 3269 fecerim,
805 3194 1129 3273 quaeritur.
1221 3195 1306 3254 Et
1351 3202 1492 3253 sunt
1537 3191 1772 3271 quidem
1824 3191 1881 3253 in
1912 3192 2019 3253 illa
2046 3210 2181 3252 mea
2209 3191 2469 3271 epistola
2512 3192 2817 3273 pleraque,
2868 3211 3020 3274 quae

294 3284 558 3357 defendi,
607 3285 828 3363 aliqua,
878 3302 1030 3363 quae
1061 3282 1356 3355 excusari,
1387 3282 1607 3360 aliqua,
1657 3299 1810 3361 quae
1839 3280 2106 3361 pessima
2132 3280 2471 3360 suspicione
2502 3280 2744 3343 liberari
2775 3281 3016 3345 debent.

473 3371 796 3435 Ordiamur
859 3374 934 3433 ab
1001 3391 1099 3447 eo,
1169 3371 1326 3451 quod
1391 3370 1810 3449 gravissimum
1880 3376 2005 3431 est:
2076 3370 2235 3449 quod
2300 3388 2513 3449 nempe
2578 3370 2813 3431 crimini
2872 3370 3015 3433 mihi

293 3463 424 3537 das,
475 3471 688 3524 contra
717 3480 896 3541 quam
933 3460 1224 3523 senserim
1271 3460 1328 3521 in
1371 3478 1439 3521 os
1487 3456 1605 3537 ipsi
1651 3459 1937 3521 locutum.
2033 3455 2213 3528 Quod
2257 3457 2393 3519 dum
2442 3458 2603 3537 agis,
2668 3457 2759 3520 ita
2803 3460 3014 3541 loque-

291 3552 398 3627 ris,
447 3559 516 3613 ut
559 3550 706 3612 mihi
753 3549 1264 3612 absolutissimum
1312 3547 1386 3610 de
1435 3548 1572 3609 aliis
1619 3546 1915 3626 judicium
1964 3545 2225 3608 tribuere
2272 3545 2560 3609 videaris.
2655 3546 2855 3617 Quam
2904 3568 3017 3629 ego

292 3640 694 3721 suspicionem
741 3639 793 3700 si
841 3659 878 3699 a
923 3657 1036 3713 me,
1088 3637 1246 3717 quod
1288 3656 1578 3717 perquam
1625 3635 1802 3697 facile
1852 3642 1967 3707 est,
2011 3653 2339 3709 removero,
2388 3653 2611 3715 magna
2646 3645 2821 3715 parte
2867 3656 3013 3717 pur-

289 3729 552 3809 gationis
613 3748 705 3790 me
773 3728 1122 3790 defunctum
1168 3746 1302 3788 esse
1369 3725 1611 3805 putabo.
1702 3722 1946 3787 Etenim
2002 3723 2103 3803 qui
2152 3724 2242 3785 vir
2303 3724 2385 3785 sit
2432 3724 2661 3798 Ursus,
2720 3725 2849 3804 jam
2898 3744 3013 3787 non

291 3819 600 3898 disputare
647 3819 878 3895 placet,
947 3825 1110 3879 certe
1159 3834 1274 3895 quo
1318 3825 1590 3917 tempore
1638 3812 1957 3893 epistolam
2014 3812 2189 3874 illam
2226 3812 2469 3892 scripsi,
2526 3822 2590 3875 et
2633 3814 3015 3877 imbecilliori

291 3926 460 3971 eram
496 3906 745 3987 judicio,
793 3915 856 3966 et
901 3924 1014 3966 non
1067 3922 1276 3983 parum
1313 3904 1428 3983 ipsi
1458 3904 1584 3982 jam
1633 3902 1734 3963 diu
1781 3901 2129 3964 tribueram.
2224 3902 2415 3963 Venit
2463 3901 2741 3964 Gratium
2781 3904 3013 3965 Doctor

291 3997 590 4099 quispiam
639 4014 713 4055 ex
760 3994 943 4055 Italia
987 4012 1294 4069 reversus,
1365 3993 1578 4054 librum
1625 3991 1756 4070 ejus
1816 3990 1960 4052 mihi
2008 3990 2325 4066 exhibens,
2392 4010 2567 4071 quem
2614 3978 2815 4054 triduo
2862 4011 3013 4054 con-

287 4088 462 4147 ces'so
509 4084 730 4164 raptim
773 4101 1200 4164 percurrerem.
1293 4082 1362 4145 In
1411 4100 1480 4141 eo
1529 4080 1829 4141 salutatos
1876 4078 2319 4141 schematismis
2375 4078 2609 4159 reperio
2656 4081 3015 4183 praecipuos

287 4174 466 4254 hujus
514 4173 802 4253 temporis
851 4171 1330 4245 mathematicos,
1379 4169 1612 4249 reperio
1662 4169 2043 4247 magnificam
2092 4169 2151 4231 in
2198 4169 2577 4247 praefatione
2620 4169 3014 4250 provocatio-

287 4282 426 4325 nem
473 4263 550 4324 ad
597 4262 792 4324 simile
839 4260 983 4341 quid
1029 4259 1384 4335 audendum,
1433 4258 1512 4319 ad
1559 4258 1995 4320 astronomiam
2043 4277 2075 4318 e
2124 4257 2531 4319 fundamentis
2566 4260 3013 4333 exstruendam,

286 4352 521 4431 reperio
586 4350 942 4434 compendia
1009 4349 1306 4429 quaedam
1373 4366 1583 4421 aurea,
1652 4365 1804 4426 quae
1868 4346 2175 4427 Tubingae
2244 4366 2281 4407 a
2334 4346 2661 4409 Maestlino
2720 4346 3013 4409 celebrari

285 4442 708 4515 memineram,
776 4439 1010 4519 reperio
1069 4438 1404 4499 doctrinam
1469 4436 1731 4511 sinuum,
1800 4434 2135 4498 doctrinam
2200 4436 2661 4515 triangulorum,
2740 4436 3015 4515 vulgaria

287 4529 554 4611 quidem,
623 4528 734 4591 sed
793 4547 951 4591 nova
1009 4527 1154 4589 mihi
1221 4526 1438 4598 omnia,
1503 4533 1574 4587 ut
1629 4524 1869 4599 videas,
1941 4544 2054 4605 quo
2118 4525 2343 4604 remige
2409 4526 2635 4586 famam
2699 4525 3011 4600 verberet3

285 4638 424 4681 nam
472 4620 757 4700 pleraque
801 4625 1022 4697 postea
1067 4616 1128 4677 in
1165 4614 1420 4677 Euclide
1469 4621 1532 4675 et
1559 4612 2043 4692 Regiomontano
2090 4614 2305 4692 reperi,
2355 4632 2509 4693 quae
2557 4620 2681 4673 tum
2728 4613 2847 4694 ipsi
2894 4614 3009 4675 tri-

285 4708 562 4771 buebam.
656 4708 866 4787 Neque
913 4714 1176 4781 metuaS,
1239 4714 1336 4780 ut,
1399 4721 1550 4783 quae
1590 4702 1720 4781 jam
1767 4701 1920 4779 dixi,
1986 4702 2137 4764 bene
2196 4720 2327 4763 cum
2373 4702 2619 4763 invento
2664 4720 2795 4765 meo
2844 4711 3011 4765 stare

284 4806 531 4877 queant.
623 4796 810 4858 Dicat
853 4796 982 4875 ipse
1029 4812 1136 4874 pro
1184 4813 1279 4856 me
1325 4790 1718 4865 Maestlinus,
1769 4809 1949 4871 quam
1999 4790 2279 4853 tenuibus
2324 4790 2633 4871 principiis
2680 4790 3003 4855 institerim

284 4886 492 4963 initio,
559 4886 658 4969 qui
721 4885 1024 4968 profecto,
1071 4883 1124 4946 si
1180 4890 1306 4945 tam
1355 4882 1626 4963 jejunum
1681 4899 1776 4943 me
1832 4882 2098 4943 secundo
2146 4878 2515 4955 dimisisset,
2584 4898 2759 4961 quam
2814 4880 3009 4963 primo
