3634 5575
650 353 781 420 222
1850 354 2179 405 Prooemium.

653 533 808 576 anno
866 509 952 576 94
1017 513 1356 591 dimiserat,
1403 517 1727 596 'nunquam
1787 521 1917 574 tam
1976 512 2340 591 exquisitam
2393 510 2547 573 mihi
2596 511 3174 576 commendationem
3234 514 3379 594 (qua

653 613 871 677 tamen,
923 602 1062 662 dum
1108 605 1334 678 vixero,
1383 603 1632 664 inferior
1678 603 1810 675 ero)
1860 601 2315 681 impertivisset.
2391 601 2607 680 Itaque
2654 601 2769 664 hac
2817 621 2929 682 ego
2976 602 3181 684 specie
3232 603 3377 664 doc-

651 691 848 754 trinae
903 691 961 752 in
1019 694 1394 770 praeclaram
1456 691 1792 772 opinionem
1841 691 1914 752 de
1968 690 2125 751 Urso
2174 697 2413 766 erectus
2460 689 2649 751 incidi
2692 700 2913 770 postea
2976 691 3035 752 in
3059 688 3378 772 ‘quosdam

654 799 732 841 ex
775 779 1093 841 nobilitate
1132 781 1444 862 Styriaca,
1502 780 1933 842 mathematum
1982 786 2292 853 amantea,
2352 778 2567 857 quibus
2614 779 2771 858 quod
2820 787 2988 841 esset
3031 781 3381 842 necessaria

655 868 904 929 subinde
964 887 1135 930 mora
1189 871 1250 931 in
1299 871 1440 932 aula
1487 868 1806 940 caesaria,
1874 867 2016 930 Ursi
2064 867 2284 928 notitia
2330 874 2482 929 erat.
2577 868 2675 930 Illi
2720 867 2981 930 hominis
3024 869 3377 949 praedicare

653 957 972 1036 ingenium,
1023 956 1290 1034 iuventa,
1340 952 1590 1020 hortari'
1621 977 1732 1031 me,
1783 963 1853 1017 ut
1898 955 2203 1017 anniterer
2248 955 2306 1016 in
2358 956 2489 1034 ejus
2524 955 3000 1018 familiaritatem
3042 957 3376 1037 pervenire,

653 1045 924 1126 polliceri
971 1066 1142 1110 suam
1191 1065 1455 1127 operam.
1551 1044 1674 1108 Sed
1723 1045 2058 1120 Diogenem
2108 1044 2447 1124 qnempiam
2506 1045 2652 1106 mihi
2699 1045 3128 1107 describebant
3178 1045 3377 1126 aliqui,

655 1133 748 1196 cui
796 1135 912 1196 nisi
959 1143 1066 1196 aut
1123 1137 1331 1198 lubeat
1376 1144 1484 1197 aut
1529 1154 1664 1196 cum
1711 1134 2096 1212 improbitate
2146 1132 2352 1212 aliqua
2400 1134 2743 1212 extorqueri
2790 1135 2935 1197 nihil
2980 1133 3205 1214 possit.
3274 1135 3381 1196 His

655 1243 770 1302 ego
832 1223 904 1284 de
961 1225 1162 1286 causis
1226 1225 1476 1285 inventa
1528 1225 1708 1303 paulo
1763 1231 1906 1300 post
1964 1222 2376 1300 speculatione
2434 1241 2597 1298 mea,
2656 1243 2789 1284 cum
2850 1241 2967 1284 non
3016 1230 3189 1284 esset
3246 1223 3379 1284 mihi

657 1311 911 1373 vicinior
956 1313 1439 1388 mathematicus,
1491 1314 1566 1374 ad
1606 1331 1777 1393 quem
1826 1310 2189 1372 commodius
2239 1311 2583 1386 scriberem,
2634 1312 2712 1373 ad
2752 1312 3132 1374 scribendum
3162 1311 3380 1392 impul-

655 1421 786 1475 suS,
859 1402 1108 1464 formam
1157 1403 1352 1481 ipsam
1398 1401 1620 1481 partim
1667 1401 1746 1463 ad
1792 1399 2051 1461 hominis
2098 1407 2377 1460 naturam
2442 1419 2595 1479 quae
2636 1401 2970 1476 ferebatur,
3026 1399 3259 1480 partim
3304 1401 3378 1461 ad

656 1509 792 1558 eas,
858 1509 1008 1569 quas
1069 1498 1196 1552 tum
1261 1483 1414 1553 forte
1465 1489 1711 1552 fortuito
1776 1485 2088 1567 legebam,
2162 1488 2620 1550 efficacissimae
2680 1489 2999 1551 brevitatis
3066 1489 3379 1569 epistolas,

657 1579 951 1640 dissoluto
999 1579 1056 1640 in
1106 1599 1390 1661 pompam
1439 1580 1638 1640 animo
1699 1597 1774 1638 ex
1822 1577 2052 1639 receuti
2098 1575 2462 1638 inventionis
2509 1597 2679 1639 meae
2728 1596 2968 1651 amore,
3036 1597 3377 1640 accommo-

657 1668 816 1743 davi,
865 1685 1110 1730 securus
1157 1669 1230 1730 de
1277 1669 1393 1729 hoc
1440 1675 1682 1730 eventu.
1777 1664 1913 1735 Quo
1961 1665 2137 1727 modo
2184 1666 2237 1726 si
2285 1665 2426 1744 quid
2472 1666 2617 1728 mihi
2664 1667 2890 1728 excidit
2932 1667 3115 1746 paulo
3164 1668 3376 1746 majus,

658 1775 838 1838 quam
885 1755 957 1815 de
1005 1757 1136 1836 ipso
1185 1775 1514 1831 senseram,
1564 1757 1624 1817 in
1671 1755 1929 1834 gratiam
1980 1754 2361 1816 laudatorum
2406 1754 2595 1834 ipsius
2644 1764 2708 1816 et
2752 1755 2871 1817 mei
2918 1756 3107 1836 ipsius
3158 1775 3377 1828 amore,

660 1853 856 1906 totum
904 1844 966 1905 id
1004 1845 1294 1924 juvenilis
1339 1843 1702 1907 temeritatis
1740 1850 1856 1917 est,
1904 1863 2017 1904 nec
2063 1843 2241 1904 aliter
2286 1861 2527 1919 excuse,
2578 1844 2895 1906 dummodo
2943 1843 3197 1907 sceleris
3246 1863 3377 1905 sus-

657 1933 953 2012 picionem
1017 1933 1312 1996 aboleam.
1406 1933 1504 1996 Ex
1548 1933 1656 2007 iis,
1709 1950 1862 2012 qnae
1910 1933 2069 2005 dixi,
2120 1931 2291 1994 vides
2336 1932 2625 2016 primum:
2664 1952 2759 1994 me
2806 1934 2965 1995 bona
3012 1933 3381 1994 conscientia

667 2021 1006 2101 „gloriam“
1055 2022 1171 2103 ipsi
1209 2021 1514 2097 tribuisse,
1567 2041 1684 2102 qua
1711 2021 2027 2094 videbatur
2052 2039 2308 2100 regnare
2338 2024 2397 2084 in
2446 2022 2585 2082 aula
2615 2019 2899 2104 Caesaris
2948 2030 3011 2084 et
3058 2023 3221 2104 apud
3254 2042 3378 2084 ma-

656 2111 1054 2185 thematicOS,
1104 2130 1252 2191 quos
1301 2111 1360 2172 in
1410 2111 1615 2172 libello
1647 2127 1754 2171 suo
1787 2109 2225 2190 alloquebatur.
2326 2109 2881 2186 „Illustrissimam“
2916 2120 3117 2173 autem
3148 2130 3259 2172 cur
3290 2111 3378 2172 di-

657 2199 877 2272 xerim,
937 2218 1182 2261 causam
1245 2218 1360 2260 non
1407 2200 1683 2279 reperi0,
1752 2199 1867 2260 nisi
1927 2199 2080 2278 quod
2140 2199 2409 2260 illustres
2467 2198 2657 2260 nostri
2716 2218 2848 2260 eum
2900 2201 3265 2278 praedicant
3326 2207 3381 2260 et

664 2288 1121 2350 Illustrissimus
1167 2288 1520 2368 praedicare
1568 2287 1839 2360 videtur,
1889 2288 2027 2348 dum
2075 2306 2208 2348 enm
2253 2287 2310 2348 in
2360 2287 2500 2348 aula
2538 2287 2745 2360 habet,
2809 2295 2875 2348 et
2918 2290 3073 2368 quod
3118 2307 3377 2368 pompo-

661 2396 792 2438 sum
831 2377 1132 2457 ingenium
1181 2378 1362 2438 facile
1409 2395 1677 2438 muscam
1723 2377 2123 2456 conspicatur,
2175 2395 2249 2436 ex
2280 2395 2397 2456 qua
2445 2376 2633 2436 faciat
2660 2376 3063 2454 elephantum.
3151 2377 3377 2438 Eodem

657 2467 861 2539 refero
902 2475 968 2527 et
1013 2467 1092 2542 id,
1144 2466 1302 2546 quod
1349 2485 1478 2526 cum
1528 2471 1841 2526 constaret
1887 2465 1961 2525 de
2010 2464 2327 2544 aliquibus,
2379 2463 2501 2525 dixi
2551 2464 2633 2538 (si
2668 2465 2844 2525 modo
2876 2465 3029 2539 dixi)
3078 2466 3157 2527 ab
3190 2467 3376 2527 omni-

657 2555 768 2616 bus
839 2555 1034 2616 doctis
1098 2555 1293 2634 ipsum
1359 2553 1722 2633 magnifieri;
1791 2561 1955 2616 certe
2022 2554 2179 2615 enim
2244 2553 2672 2630 Maestlinum,
2702 2561 2765 2614 et
2818 2554 3165 2634 Tycbonem
3230 2555 3379 2616 inter

659 2644 871 2705 doctos
936 2643 1254 2717 habebam,
1325 2661 1473 2722 quos
1539 2642 1803 2703 sciebam
1864 2662 1979 2703 non
2050 2643 2369 2704 admodum
2434 2643 2743 2720 praeclare
2801 2643 2875 2703 de
2941 2642 3072 2722 ipso
3130 2644 3372 2704 sentire.

659 2729 838 2802 Quod
885 2741 1086 2793 autem
1137 2732 1319 2794 etiam
1365 2732 1540 2812 plura.
1599 2732 1657 2792 ln
1707 2731 1863 2792 hunc
1909 2731 2148 2793 modurn
2200 2731 2646 2793 declamaturus
2696 2731 2972 2807 fuissem,
3041 2732 3093 2794 si
3140 2741 3375 2811 tempus

636 2822 919 2897 tulisset,
971 2822 1029 2882 id
1077 2840 1194 2883 non
1245 2820 1482 2882 memini
1523 2840 1617 2881 me
1662 2821 1954 2901 polliceri.
2050 2822 2179 2886 Imo
2229 2822 2336 2883 illa
2382 2822 2456 2881 de
2506 2821 2863 2901 garrulitate
2912 2822 3113 2883 aliena
3160 2844 3203 2883 a
3247 2840 3375 2882 ma-

658 2910 1005 2971 thematicis
1053 2910 1416 2990 protestatio
1475 2928 1590 2971 non
1655 2911 1821 2970 facta
1868 2920 1963 2971 est
2010 2910 2087 2970 ad
2134 2910 2483 2972 excusanda
2530 2910 2715 2971 etiam
2768 2911 2942 2989 plura
2996 2910 3369 2989 hujusmodi:

661 2999 768 3059 sed
815 2999 1016 3077 potins
1063 3000 1140 3059 ad
1187 2999 1541 3079 corrigenda
1585 2998 1804 3078 priora.
1871 2997 2077 3083 ..Quod
2125 3000 2175 3060 si
2224 3017 2365 3059 vero
2429 3018 2565 3059 mea
2610 3008 2751 3059 sunt
2788 3000 2987 3059 omnia
3033 3007 3095 3059 et
3140 2999 3374 3079 singula

553 3082 562 3087 ’
659 3088 786 3149 ista
829 3088 1035 3162 verba,
1093 3088 1291 3167 „quod
1336 3088 1801 3149 mathematicos
1851 3088 2023 3167 hujus
2071 3087 2205 3149 aevi
2250 3094 2484 3149 tantum
2514 3086 2841 3165 praecedat
2866 3106 3045 3161 unua,
3094 3097 3374 3167 quantum

661 3175 998 3237 Phoebeius
1031 3176 1194 3237 orbis
1225 3176 1454 3238 minuta
1484 3177 1766 3238 sidera“:
1817 3195 1914 3238 me
1966 3174 2244 3237 Christe!
2292 3194 2573 3255 magnam
2618 3176 2893 3255 injuriam
2942 3176 3149 3237 multis
3197 3196 3371 3257 prae-

661 3264 1012 3327 clarissimis
1059 3265 1204 3327 viris
1263 3273 1442 3345 atque
1491 3266 1643 3326 adeo
1699 3266 1816 3326 mei
1874 3265 2065 3344 ipsius
2111 3264 2515 3326 conscientiae
2579 3266 2923 3344 imprudens
2993 3266 3125 3326 feci.
3228 3264 3371 3326 Illud

658 3354 971 3415 verissime
1020 3354 1218 3416 dicere
1264 3373 1536 3434 possum,
1589 3373 1888 3434 nunquam
1936 3373 2029 3415 me
2078 3354 2196 3416 ullo
2244 3353 2421 3415 modo
2470 3354 2648 3427 serio,
2706 3372 2814 3434 per
2860 3355 3070 3429 lusum,
3120 3354 3367 3433 publice,

657 3442 975 3525 privatim,
1041 3443 1098 3505 in
1166 3462 1232 3503 os
1291 3463 1365 3503 an
1427 3462 1502 3503 ex
1558 3441 1789 3517 anime,
1860 3443 2272 3505 volentem-et
2326 3443 2677 3522 prudentem
2738 3438 2852 3503 hoc
2890 3443 3148 3519 dixisse,
3225 3442 3367 3523 quod

595 3568 604 3577 ι
657 3532 1172 3611 Regiomontano,
1223 3529 1585 3611 OopernicO,
1635 3532 1917 3607 Rhetico,
1966 3531 2335 3605 Reinhold0,
2386 3532 2685 3615 Tycboni,
2733 3532 3105 3604 Maestlino,
3154 3531 3368 3593 ceteris

657 3640 808 3683 unus
855 3622 1048 3684 Ursus
1114 3620 1542 3700 praeferendus
1591 3620 1691 3682 sit.
1784 3621 2107 3701 Nunquam
2173 3621 2368 3697 sensi,
2434 3640 2733 3701 nunquam
2796 3621 3105 3701 praesenti
3174 3621 3366 3681 animo

622 3710 892 3790 scripsi,
938 3729 1236 3789 nunquam
1285 3717 1412 3769 tam
1458 3710 1825 3789 flagitiosam
1872 3709 2275 3771 adulationem
2321 3711 2591 3789 probavi.
2688 3709 2866 3781 Quod
2916 3710 2965 3769 si
3004 3710 3195 3772 verba
3242 3727 3369 3769 mea

657 3799 914 3879 genuina
959 3800 1085 3860 tale
1124 3798 1264 3877 quid
1311 3806 1549 3874 sonant,
1599 3800 1756 3879 quod
1801 3797 2027 3869 nesci0,
2076 3818 2254 3859 casus
2300 3800 2357 3859 in
2400 3800 2575 3878 culpa
2620 3807 2717 3861 est
2760 3817 3012 3878 meaque
3043 3798 3364 3869 festinatio,

659 3896 723 3949 et
768 3888 924 3967 quod
984 3887 1126 3969 quid
1173 3886 1518 3966 scripserim
1581 3906 1696 3948 non
1747 3888 1954 3967 relegi.
2050 3886 2391 3963 poeticum,
2442 3896 2510 3949 ut
2554 3888 2756 3964 videa,
2826 3896 3019 3950 totum
3064 3888 3127 3949 id
3174 3896 3273 3948 est
3313 3894 3370 3946 et

660 3996 736 4038 ex
780 3982 966 4057 poeta
1014 3977 1368 4051 desumtum,
1421 3983 1484 4036 et
1527 3977 1769 4055 poetico
1819 3976 2037 4057 spiritu
2084 3976 2337 4037 dictum:
2389 3978 2545 4056 quod
2592 3996 2707 4037 non
2756 3984 2993 4038 tantum
3032 3978 3169 4056 jam
3214 3976 3361 4048 nolo,

659 4066 769 4127 sed
813 4073 878 4126 et
924 4073 1067 4139 tum,
1117 4084 1251 4126 cum
1299 4066 1542 4144 scripsi,
1591 4066 1867 4127 nolebam
1918 4065 2201 4126 aliorsum
2238 4066 2396 4145 rapi,
2458 4066 2737 4127 nolebam
2788 4066 2971 4127 aliam
3016 4084 3367 4146 repraesen-

659 4154 778 4215 tari
817 4154 1213 4229 sententiam,
1265 4172 1441 4234 quam
1490 4156 1646 4234 quod
1697 4155 2028 4216 antecellat
2074 4154 2313 4233 vulguS,
2362 4155 2611 4234 vulgus,
2662 4155 2936 4233 inquam,
2982 4152 3364 4215 mathemati-

659 4262 886 4319 corum,
938 4244 1096 4325 quod
1143 4252 1205 4304 et
1269 4242 1588 4305 credebam
1655 4252 1717 4305 et
1763 4244 1916 4305 citra
1976 4243 2364 4322 praecipuam
2421 4243 2675 4322 gloriam
2732 4243 2857 4305 fieri
2922 4250 3149 4322 potest.
3241 4243 3363 4305 Non

659 4341 1031 4411 protestarer
1077 4338 1254 4393 tanta
1301 4332 1754 4394 asseveratione
1801 4340 2015 4394 contra
2058 4332 2385 4392 manifesta
2423 4332 2609 4393 verba
2656 4332 2741 4407 (si
2779 4333 2955 4393 modo
3002 4333 3155 4394 talia
3185 4330 3362 4404 sunt),

659 4422 774 4483 nisi
834 4422 892 4483 in
941 4424 1077 4502 ipsa
1139 4422 1245 4483 illa
1292 4421 1552 4500 epistola
1597 4422 2016 4483 documentum
2073 4420 2395 4481 maximum
2446 4429 2685 4483 extaret
2740 4440 2913 4482 meae
2976 4421 3362 4492 innocentiae,

661 4510 734 4570 de
783 4529 898 4591 quo
945 4529 1146 4590 supra.
1240 4510 1400 4573 Nam
1448 4510 1597 4583 etsi,
1664 4511 1878 4592 quibus
1924 4509 2126 4571 verbis
2174 4510 2475 4590 Tyclionis
2520 4510 2885 4572 mentionem
2940 4510 3212 4586 fecerim,
3264 4526 3399 4570 ne·-

661 4599 804 4673 scio,
859 4600 1076 4661 fecisse
1123 4608 1326 4661 tamen
1375 4599 1532 4660 scio:
1581 4608 1646 4660 et
1691 4598 1986 4678 ejusmodi
2034 4597 2397 4659 mentionem
2446 4599 2688 4679 quidem
2736 4607 2915 4678 atque
2964 4618 3039 4661 ex
3088 4596 3362 4679 ejusmodi

661 4687 938 4766 opinione
987 4688 1348 4768 profectam,
1401 4707 1553 4770 qnae
1601 4690 1814 4750 merito
1862 4690 2082 4751 Ursum
2129 4695 2397 4768 pungat,
2434 4688 2518 4748 ·si
2565 4706 2697 4750 eum
2743 4695 2869 4749 tam
2916 4686 3175 4751 feliciter
3216 4686 3359 4749 titil-

661 4778 792 4837 lant
837 4777 988 4839 haec
1035 4778 1126 4840 sui
1173 4778 1360 4858 ipsius
1409 4778 1628 4857 elogia.
1723 4776 1847 4839 Sed
1896 4784 2093 4849 caute,
2156 4782 2225 4837 ut
2270 4775 2472 4849 videS,
2509 4778 2766 4857 posthac
2814 4776 3193 4839 scribendum
3238 4776 3357 4839 erit.

661 4866 836 4929 Adeo
882 4886 1180 4949 nunquam
1241 4886 1356 4929 non
1405 4866 1674 4930 salutare
1724 4865 2029 4949 quippiam
2092 4865 2215 4928 ursi
2268 4864 2329 4927 in
2392 4884 2597 4929 aurem
2652 4865 3079 4930 insusurrando
3134 4864 3357 4948 praeci-
