3634 5575
27 1232 64 1628 *numa-‘¹¹
29 653 60 1122 v unn¹¹v

25 1814 44 1846 ⁸⁴
37 1729 63 1776 r.
26 1671 64 1706 f·

26 1891 61 1994 Π.-

26 2034 62 2066 5!

24 2670 56 2702 fl
23 2107 62 2574 ”HF’fflstfzd

21 2833 52 3008 *jz-,3

21 3050 48 3443 *ΠΙῚᾙΠῚΟ

1569 367 1896 420 Prooemium.
2962 363 3093 432 233

355 528 412 578 in
435 539 526 576 suo
549 525 714 578 libello
741 527 914 586 edidit,
955 542 1050 579 sua
1071 543 1174 580 non
1199 531 1332 586 ειιυι,
1375 543 1470 581 nec
1513 529 1666 580 etiarn
1710 541 1775 579 ea
1815 526 2199 596 ipsaintelligit,
2243 527 2319 578 ita
2364 531 2429 578 nt.
2455 539 2585 592 qnae
2622 526 2759 578 bona
2782 533 2899 578 sunt
2938 528 2991 578 in
3018 541 3093 588 eo,

353 599 480 662 ipse’
506 597 646 648 falsis
689 599 850 650 verbis
891 606 1148 663 proponat.
1223 599 1390 650 Multa
1432 614 1466 651 a
1489 600 1722 665 'Pycbone
1758 599 1915 650 habet
1957 604 2010 650 et
2049 615 2135 664 pro
2179 601 2280 650 suis
2317 597 2558 658 venditat,
2603 610 2732 664 quae
2766 599 2821 648 in
2844 597 3095 662 'tychonis

355 669 481 720 libro
525 669 616 719 tibi
656 671 942 720 monstravi.
1040 670 1416 735 Triangulorum
1470 673 1622 735 ipsius
1668 672 1895 722 doctrina
1932 671 2054 721 nihil
2098 669 2415 721 memorabile
2457 669 2611 720 habet
2664 670 2792 734 quod
2834 685 2935 720 non
2978 670 3097 721 alibi

353 739 534 790 molius
559 740 794 804 scriptum
821 747 996 792 exstet.
1071 740 1216 803 Quae
1257 757 1374 792 vero
1410 744 1462 792 in
1487 756 1555 792 ea
1577 743 1840 792 observatu
1878 742 2033 808 digna
2056 749 2191 799 sunt,
2232 744 2339 806 ipse
2382 756 2485 791 non
2518 740 2765 806 intelligit,
2808 741 2925 791 ideo
2966 740 3095 790 false

357 817 414 862 et
451 811 622 875 inepte
657 813 904 876 proponit.
976 811 1158 863 Mirum
1201 827 1320 878 ergo
1341 814 1464 863 mihi
1485 814 1751 871 videretur,
1795 815 1840 863 si
1881 827 1913 864 a
1950 819 2003 863 te
2044 828 2191 878 super
2232 819 2372 864 astra
2412 813 2483 863 sio
2518 810 2821 863 eveherent.
2894 812 3093 876 Dignus

357 883 530 946 itaque
557 885 706 940 esset,
753 891 812 933 ut
835 889 1011 934 contra
1033 884 1194 948 ipsum
1223 891 1273 934 te
1298 899 1557 949 purgares,
1596 885 1726 950 quod
1765 891 1861 934 tua
1898 883 2213 935 humanitate
2256 890 2517 948 tantopere
2545 883 2779 938 abutitur,
2823 884 2940 948 quia
2980 898 3096 934 vere

358 967 460 1004 non
487 953 650 1016 oredo,
683 959 736 1004 te
776 955 1054 1004 istiusmodi
1096 957 1400 1006 ornamentis
1441 957 1602 1020 ipsum
1633 957 1787 1006 fuisse
1835 955 2109 1022 dignatum.
2154 954 2220 1016 (Ε
2258 956 2413 1006 literis
2448 955 2496 1004 d.
2538 954 2584 1004 d.
2627 950 2709 1002 1⁴.
2746 953 2846 1004 Jul.
2886 951 2997 1015 98.)

505 1094 694 1156 Quibus
735 1093 1224 1159 Keplerus‘haec
1263 1097 1520 1162 respondit
1559 1093 1646 1158 (ex
1684 1109 1762 1160 ep.
1806 1097 1855 1146 d.
1900 1094 1949 1146 8.
1979 1095 2107 1148 Deo.
2149 1094 2218 1146 98
2262 1097 2400 1147 data.
2466 1096 2638 1162 comp.
2674 1111 2724 1160 p.
2764 1091 2831 1146 39
2870 1100 2923 1145 et
2959 1091 3093 1151 91.):
3170 1137 3183 1156 ,

539 1235 842 1318 Tychonis
889 1237 1100 1308 literas
1145 1238 1409 1300 nondum
1452 1237 1608 1308 vidi,
1647 1257 1915 1300 mearum
1964 1238 2045 1299 ad
2091 1237 2257 1300 illum
2306 1238 2619 1318 exemplar
2664 1238 2825 1318 apud
2869 1245 2933 1299 tc
2980 1255 3092 1298 ex-

361 1332 528 1388 stare
574 1326 830 1405 gaudeo.
922 1327 1082 1388 Nam
1127 1327 1414 1408 prodigus
1463 1345 1592 1388 sum
1638 1326 1976 1389 verborum.
2072 1324 2305 1406 Scripsi
2332 1327 2637 1406 profecto,
2688 1345 2803 1407 quo
2839 1346 2935 1388 me
2982 1346 3091 1388 ca·-

361 1415 556 1476 lamus
622 1413 910 1490 ducebat,
977 1424 1192 1477 contra
1256 1435 1434 1494 quam
1479 1416 1557 1477 ad
1623 1423 1860 1477 tantum
1907 1416 2097 1478 virum
2154 1416 2375 1478 decuit.
2468 1415 2691 1478 Earum
2756 1416 2909 1478 adeo
2976 1433 3093 1476 non

359 1503 606 1566 memini
651 1503 928 1582 amplius.
1022 1505 1273 1567 Utinam
1319 1503 1678 1567 observator
1725 1503 2229 1584 diligentissimus
2278 1504 2421 1565 olim
2466 1524 2504 1565 a
2540 1523 2637 1566 me
2664 1513 2867 1566 motae
2916 1503 3095 1565 dubi-

361 1591 615 1655 tationis
663 1593 736 1653 de
797 1591 932 1653 fixis
997 1593 1362 1654 mentionem
1411 1593 1659 1654 faceret.
1757 1591 2097 1656 Observavi
2156 1609 2268 1672 ego
2326 1593 2629 1670 triangulo
2680 1592 2811 1653 rudi
2862 1591 3097 1673 (qualia

363 1683 532 1743 fuere
561 1679 1049 1743 Patriarcharum
1097 1701 1135 1742 a
1165 1681 1388 1743 diluvio
1417 1683 1688 1762 tuguria)
1749 1679 1930 1746 ¹597.
1974 1680 2245 1756 Octobri,
2298 1679 2641 1754 Decembri,
2698 1677 2884 1744 1598.
2920 1679 3094 1742 Mar-

363 1769 472 1845 tio,
520 1768 886 1848 Septembri.
977 1769 1245 1832 Primam
1285 1771 1502 1832 falsam
1531 1770 1720 1832 fuisse
1767 1789 2097 1832 consensus
2134 1769 2511 1849 sequentium
2572 1775 2855 1831 testatur.
2932 1769 3093 1830 Nam
3198 1799 3207 1812 ·

365 1859 418 1924 si
463 1876 584 1940 qua
629 1865 730 1920 est
774 1857 1114 1922 differentia
1160 1857 1498 1920 altitudinis
1544 1859 1794 1922 fixarum
1844 1860 2099 1922 diversis
2148 1857 2291 1920 anni
2328 1857 2717 1938 temporibus,
2765 1857 2875 1919 illa
2900 1857 3095 1919 minor

364 1954 462 2008 est
525 1954 812 2010 sextante
869 1947 1124 2027 gradus3
1191 1967 1331 2008 nam
1397 1947 1732 2027 quadrante
1794 1967 1929 2010 meo
1996 1947 2277 2027 scrupula
2324 1947 2665 2010 consectari
2726 1966 2841 2008 non
2901 1946 3091 2026 potui.

365 2035 500 2116 Ego
546 2054 689 2098 vero
753 2056 828 2098 ex
870 2035 1066 2116 prima
1123 2036 1282 2098 falsa
1341 2037 1765 2099 observatione
1818 2035 2062 2117 putavi,
2128 2035 2526 2098 differentiam
2582 2037 2709 2097 fore
2778 2035 3093 2098 semissem

365 2125 615 2206 gradus.
711 2123 782 2187 Si
822 2123 882 2185 in
929 2125 1140 2204 primis
1187 2133 1252 2187 et
1294 2127 1569 2204 partibus
1614 2125 1790 2207 primi
1837 2125 2165 2206 majoribus
2204 2125 2371 2186 nulla
2409 2131 2507 2186 est
2538 2124 2897 2196 differentia,
2948 2142 3095 2185 sane

367 2221 432 2275 et
478 2231 590 2292 ego
637 2213 957 2294 plurimum
1005 2214 1309 2277 movebor.
1404 2212 1559 2286 Quis
1607 2215 1764 2276 enim
1811 2215 2049 2288 credat,
2114 2220 2351 2276 tantam
2398 2231 2533 2274 esse
2580 2212 2831 2274 fixarum
2880 2211 3095 2274 altitu-

367 2303 588 2365 dinem.
643 2307 876 2374 (Spectat
899 2310 976 2360 his
997 2311 1247 2375 Keplerus
1271 2303 1640 2362 observationes
1663 2312 1841 2363 stellae
1864 2313 2065 2376 polaris,
2090 2324 2220 2376 quae
2244 2311 2477 2376 leguntur
2500 2323 2651 2374 supra
2676 2325 2724 2374 p.
2756 2305 2869 2370 ⁴2.)

545 2391 646 2453 Ad
691 2391 968 2454 Ursum
1025 2391 1240 2471 scripsi
1311 2411 1466 2453 anno
1517 2389 1621 2456 95.
1683 2401 1957 2467 aestate,
2023 2391 2371 2472 priusquam
2420 2391 2757 2470 Tubing'am
2802 2390 3092 2452 venirem.

367 2479 614 2560 Impulit
659 2499 754 2541 me
803 2479 1042 2560 quidam
1091 2499 1166 2541 ex
1212 2481 1560 2559 proceribus
1609 2481 1945 2562 WaganuS,
1986 2481 2083 2562 qui
2133 2498 2264 2542 cum
2312 2480 2581 2542 crebrius
2628 2479 2893 2559 Pragam
2940 2499 3092 2540 ven-

369 2568 533 2641 titet,
595 2567 652 2630 in
701 2568 959 2632 hominis
1024 2569 1305 2630 notitiam
1353 2569 1520 2631 venit
1579 2589 1831 2652 eumque
1892 2570 2132 2652 plurimi
2198 2569 2365 2630 facit.
2460 2570 2905 2648 Argumentum
2968 2567 3093 2630 tale

369 2659 517 2731 fere,
563 2658 742 2738 quale
789 2657 850 2718 in
897 2655 1200 2740 Tychonis
1248 2658 1536 2737 epistola:
1595 2679 1730 2721 cum
1776 2659 1861 2721 sit
1906 2659 1999 2720 vir
2041 2649 2281 2739 publice
2328 2665 2543 2732 notus,
2595 2677 2671 2718 ex
2716 2657 2887 2736 cujus
2935 2657 3092 2719 scri-

367 2746 490 2828 ptis
556 2745 788 2811 discam
853 2747 1171 2827 (quantum
1218 2747 1413 2809 obiter
1475 2747 1771 2812 volvendo
1838 2747 2175 2828 intelligere
2241 2746 2606 2828 potuerim),
2674 2745 2810 2809 ideo
2868 2763 2961 2808 me
3028 2753 3095 2808 ut

370 2836 724 2915 discipulum
771 2844 835 2898 et
872 2836 1160 2915 juvenem
1207 2837 1284 2898 ab
1331 2838 1464 2915 ipso
1512 2838 1742 2918 majore
1801 2844 2009 2901 aetate
2054 2844 2263 2918 petere
2311 2856 2625 2899 censuram
2673 2853 2852 2913 super
2898 2854 3091 2914 nego-

367 2925 452 2989 tio
501 2922 542 2988 5
591 2944 920 3005 corporum,
972 2924 1131 3005 quod
1175 2923 1556 3006 paucissimis
1602 2927 1804 2990 verbis
1851 2934 1917 2989 et
1962 2925 2225 2989 numeris
2274 2925 2595 2987 delineavi.
2690 2924 2759 2987 Si
2808 2923 2949 3004 quid
2997 2922 3095 2984 hic

370 3023 468 3077 est
513 3014 900 3085 adulationis,
947 3014 1074 3093 ejus
1121 3016 1358 3095 culpam
1403 3014 1564 3094 gerit
1609 3016 1895 3096 splendor
1941 3016 2113 3077 aulae
2164 3014 2538 3089 Caesareae,
2588 3021 2655 3075 et
2698 3013 2831 3092 ejus
2884 3018 3091 3075 secta-

370 3111 484 3178 tor,
552 3121 718 3163 meus
775 3102 974 3164 fautor
1017 3102 1354 3182 Waganus.
1446 3104 1597 3164 Post
1660 3103 2089 3185 sesquiannum
2151 3102 2492 3183 respondit,
2561 3103 2931 3181 exemplaria
2976 3100 3093 3163 mei

371 3191 556 3253 libelli
605 3198 843 3269 petens,
889 3190 1166 3271 misitque
1200 3192 1648 3269 chronologiam
1697 3212 1869 3255 suam
1902 3194 1959 3254 in
2002 3194 2192 3255 forma
2224 3192 2479 3274 patenti.
2572 3190 2905 3270 Rescripsi,
2957 3188 3091 3251 misi

371 3279 761 3360 exemplaria.
857 3280 1088 3341 Laudis
1147 3278 1199 3341 si
1247 3280 1386 3359 quid
1426 3281 1635 3343 addidi
1685 3282 1875 3361 (quod
1922 3282 2155 3357 nescio,
2218 3300 2361 3342 nam
2408 3301 2445 3341 a
2490 3288 2551 3341 te
2610 3280 2785 3341 modo
2834 3280 3093 3341 descen-

371 3364 640 3449 deram),
699 3369 760 3431 id
808 3370 1038 3429 factum
1083 3386 1302 3429 censeo
1355 3376 1604 3449 propter
1659 3370 1891 3449 priores
1956 3372 2184 3433 literaS.
2280 3370 2443 3430 Movi
2490 3369 2783 3449 quaedam
2830 3368 3093 3429 chrono-

369 3458 599 3538 logica,
646 3458 890 3537 placere
939 3456 1080 3517 mihi
1130 3456 1280 3531 dixi,
1351 3458 1507 3537 quod
1553 3476 1668 3518 non
1719 3466 2009 3539 sequatur
2052 3457 2301 3520 fictitios
2346 3458 2483 3519 illos
2532 3460 2792 3518 autores.
2885 3454 3093 3517 Mirari

369 3565 461 3608 me
510 3545 633 3608 dixi
678 3545 1068 3624 multiplicem
1116 3546 1244 3625 ejus
1293 3546 1634 3621 lectionem,
1686 3548 1782 3627 qui
1833 3547 2285 3627 chronologiam
2330 3545 2517 3607 talem
2564 3544 2827 3607 scribere
2872 3552 3093 3625 potue-

370 3634 467 3699 rit.
559 3634 722 3697 Petii
768 3634 1042 3696 omnibus
1087 3634 1305 3707 modiS,
1352 3642 1422 3697 ut
1466 3654 1779 3698 censuram
1826 3636 1886 3699 in
1935 3636 2203 3698 libellum
2248 3654 2446 3697 meum
2472 3634 2615 3696 mihi
2644 3633 2870 3695 mittat.
2947 3634 3093 3694 Ideo

371 3724 526 3786 enim
585 3723 928 3785 institutam
991 3722 1488 3803 publicationem,
1555 3734 1626 3799 ut
1672 3744 1804 3788 cum
1872 3743 2066 3787 rerum
2124 3724 2331 3786 harum
2380 3724 2711 3799 scientibus
2770 3722 3091 3801 disputem.
3140 3737 3145 3747 ·

371 3810 594 3887 Oravi,
661 3819 730 3874 ut
776 3812 1047 3894 Tychoni
1102 3812 1310 3875 mittat
1355 3814 1687 3893 exemplar,
1757 3814 2001 3894 ejusque
2062 3832 2273 3895 opera,
2345 3814 2397 3874 si
2445 3831 2563 3892 qua
2630 3812 2883 3886 habeat,
2951 3808 3095 3871 mihi

370 3902 580 3965 mittat
639 3900 790 3964 meis
857 3900 1134 3963 nummis.
1227 3902 1480 3977 Postea,
1549 3910 1692 3965 ante
1742 3922 1963 3965 annum
2010 3903 2248 3983 opinor,
2308 3920 2443 3963 cum
2488 3900 2635 3963 nihil
2677 3899 3088 3979 responderet,

370 3997 436 4053 at
480 4009 682 4053 coram
729 3997 937 4051 nostro
983 3991 1348 4065 monetario,
1395 3991 1496 4071 qui
1541 3992 1780 4073 Pragae
1830 3998 1993 4067 erat,
2043 4011 2135 4054 me
2181 3991 2527 4065 laudasset,
2576 4008 2811 4052 rursum
2856 3987 3093 4069 scripsi,

367 4098 590 4159 urgens
634 4078 892 4157 petitam
939 4098 1272 4142 censuram.
1365 4079 1750 4161 Exprobravi
1805 4080 1924 4161 ipsi
1970 4088 2426 4160 praeposteram
2486 4078 2945 4151 abstinentiam,
2997 4074 3097 4157 qui

369 4186 640 4231 nummos
701 4172 770 4229 a'
806 4165 1074 4229 Caesare
1141 4176 1422 4248 acceptos
1489 4170 1688 4232 soleat
1752 4170 1853 4242 (ut
1912 4169 2010 4231 hic
2058 4168 2339 4248 ajebant)
2404 4168 2709 4230 remittere
2778 4166 2892 4236 illi,
2962 4183 3095 4225 cum

367 4264 580 4337 posset
625 4254 698 4317 iis
743 4255 1102 4319 benefacere
1149 4257 1482 4319 studiorum
1531 4259 1853 4321 eorundem
1882 4258 2212 4321 cultoribus
2252 4267 2315 4320 et
2350 4258 2515 4321 mihi.
2608 4256 2778 4318 Haec
2806 4255 2895 4316 ita
2914 4256 3095 4335 jocu-

367 4344 598 4409 lariter.
693 4342 819 4407 Sed
877 4343 1024 4407 nihil
1079 4346 1410 4425 respondit.
1505 4344 1575 4409 Si
1623 4347 1765 4428 quid
1811 4344 1899 4407 illi
1965 4347 2026 4408 in
2074 4366 2145 4409 os
2192 4366 2323 4408 sum
2382 4347 2651 4409 locutus:
2719 4344 2877 4405 male
2926 4340 3093 4416 facit,

369 4433 468 4514 qui
513 4432 578 4495 id
622 4434 700 4495 ad
747 4452 892 4495 suos
937 4451 1142 4503 mores,
1181 4442 1246 4495 et
1291 4429 1552 4497 animum
1597 4435 1806 4509 trabit,
1858 4436 2017 4516 quod
2056 4454 2169 4514 ego
2218 4434 2455 4515 ingenio
2506 4432 2706 4496 tribui.
2798 4430 2969 4493 Nihil
3018 4430 3095 4491 ad

369 4540 464 4584 me
507 4521 817 4603 pertinuit,
871 4520 1009 4603 quid
1057 4522 1160 4585 ille
1206 4522 1442 4586 furatus
1489 4542 1566 4587 ex
1609 4524 1865 4587 aliorum
1908 4523 2217 4586 laboribus
2264 4531 2448 4598 esset,
2498 4522 2894 4602 exprobrare:
2942 4538 3093 4583 cau-

371 4628 506 4673 sam
566 4628 766 4673 meam
832 4610 948 4693 egi.
1042 4608 1166 4673 Sed
1214 4612 1366 4674 bene
1415 4611 1635 4675 habet:
1705 4612 1803 4693 qui
1859 4610 2213 4692 discipulum
2260 4632 2326 4674 se
2374 4612 2505 4692 ejus
2568 4610 2876 4690 professus
2940 4615 3095 4675 erat.

367 4718 502 4761 eum
540 4700 808 4780 judicem
855 4720 922 4763 se
969 4700 1130 4763 inter
1177 4708 1241 4762 et
1269 4701 1616 4783 Tychonem
1661 4700 1901 4781 publice
1948 4708 2241 4764 ostentat.
2337 4699 2629 4762 Gratulor
2672 4697 2817 4759 mihi
2864 4698 2937 4759 de
2974 4696 3093 4757 ho-

366 4806 512 4859 nore
559 4806 870 4865 concesso,
917 4806 1033 4871 quo
1079 4789 1141 4851 in
1177 4796 1484 4870 posterum
1530 4796 1670 4853 utar
1715 4788 1990 4851 candide.
2082 4788 2459 4869 Discipulum
2490 4788 2699 4857 audiit,
2748 4785 2889 4867 quid
2918 4785 3091 4847 exul-

367 4876 518 4941 tat?
608 4876 679 4941 Si
735 4876 1004 4959 judicem
1061 4896 1154 4941 me
1223 4879 1624 4965 appellasset,
1694 4879 1901 4946 forsan
1958 4878 2120 4941 aliud
2169 4877 2477 4963 quippiam
2532 4875 2847 4941 audiisset.
2943 4870 3095 4939 Cum
