3634 5575
1516 382 1843 435 Ριοοοωὶαιι.
2660 314 2671 327 ·
2940 386 3023 455 63

331 542 518 607 tione.
580 542 838 624 Tempus
883 541 1132 605 editioni
1175 541 1400 605 nullum
1445 543 1672 617 statui,
1657 562 1672 577 ·
1719 542 1989 623 intelligo
2016 543 2193 621 euim,
2236 561 2383 624 opus
2410 545 2557 609 mihi
2590 566 2727 609 esse
2768 548 3031 613 lectione·

333 638 620 693 accurata
663 631 1044 706 Aristotelis,
1089 631 1360 694 Platonis
1407 632 1516 693 διο.
1585 639 1675 705 et,
1731 633 2051 712 praecipue
2095 632 2155 694 in
2203 632 2353 696 libro
2399 635 2612 710 tertio,
2676 654 2877 699 cosmo
2953 658 3025 701 a-

331 721 584 800 phorum
627 720 799 809 hujus
845 720 1088 795 aetatiS,
1135 729 1202 781 ut
1247 729 1311 782 et
1353 718 1755 783 historiarum.
1831 718 1916 782 Et
1961 728 2161 783 tamen
2204 742 2299 784 me
2344 723 2642 804 peculiare
2690 726 2828 805 quid
2916 745 3025 790 ac·-

331 818 510 873 tenus
567 798 832 885 detinet,
901 828 1014 889 quo
1067 809 1260 873 minus
1319 828 1392 871 ne
1455 828 1690 871 manum
1737 809 1973 891 quidem
2018 810 2551 873 admoveam.1d
2594 815 2719 875 tale
2778 823 2915 877 est:
2963 816 3025 878 in

331 898 594 979 antiquis
641 898 1070 980 hypothesibus
1116 916 1223 977 per
1269 896 1596 961 doctrinam
1654 897 1965 978 eclipsium
2014 900 2288 963 docemur
2316 900 2509 963 metiri
2540 900 2702 964 Solis
2732 912 2796 965 et
2821 904 3029 966 Lunae

331 987 622 1067 sphaeras
669 1004 983 1067 eorumque
1029 1004 1314 1067 corpora;
1371 988 1444 1048 de
1491 987 1708 1049 ceteris
1755 987 2099 1067 corporibus
2147 989 2294 1051 nihil
2322 990 2796 1053 demonstrative
2841 992 3027 1059 statui

331 1084 554 1155 potest.
609 1076 682 1139 In
727 1075 1154 1159 hypothesibus
1195 1073 1512 1156 Copernici
1547 1075 1720 1137 novis
1748 1076 2025 1138 docemur
2056 1077 2251 1139 metiri
2297 1080 2493 1141 omnia
2520 1080 2779 1153 mobilia,
2822 1101 3027 1143 omnes

332 1166 707 1245 planetarum
760 1166 1090 1246 sphaeras,
1076 1184 1091 1199 ·
1154 1165 1262 1227 sed
1317 1164 1636 1244 sphaeram
1699 1165 1952 1227 fixarum
2006 1184 2081 1227 ex
2133 1166 2207 1228 iis
2262 1168 2461 1229 metiri
2516 1187 2633 1230 non
2687 1187 3024 1249 possumus.
3043 1193 3054 1204 ³

333 1254 532 1317 Docet
585 1256 740 1317 enim
787 1273 919 1315 cum
965 1253 1380 1333 antiquissimo
1427 1252 1814 1329 Aristarcho,
1868 1252 2069 1315 orbem
2116 1273 2219 1316 seu
2265 1257 2496 1319 coelum
2541 1258 2759 1319 Terrae
2807 1258 3027 1323 habere

333 1362 400 1405 se
445 1342 640 1406 instar
682 1342 888 1424 puncti
934 1342 1042 1404 ad·
1031 1341 1502 1423 amplitudinem
1547 1342 1814 1411 fixarum,
1863 1351 1931 1403 ut
1960 1349 2059 1403 est
2088 1342 2227 1405 fo‘lio
2273 1342 2395 1409 116
2423 1345 2539 1407 mei
2584 1348 2869 1428 opusculi,
2898 1349 3027 1411 sive

329 1432 604 1513 potius„
613 1430 992 1495 Narrationis
1037 1430 1380 1494 Rhaeticist‘
1476 1416 1643 1503 (vide
1690 1430 1849 1492 infra
1890 1450 1948 1510 p.
1997 1426 2134 1505 65.)

507 1521 640 1602 Ego
706 1521 786 1583 ad
838 1520 1328 1601 cosmographiae
1399 1518 1863 1599 descriptionem
1914 1521 2165 1583 multum
2217 1520 2511 1585 interesse
2554 1542 2805 1598 censeo,
2852 1526 3026 1600 scire,

331 1630 414 1671 an
457 1630 597 1671 vere
641 1610 793 1672 haec
837 1607 928 1670 ita
971 1628 1038 1671 se
1083 1609 1366 1671 habeant.
1461 1606 1726 1689 Cumque
1786 1608 1847 1669 in
1904 1607 2237 1688 Copernico
2296 1610 2443 1672 nibil
2495 1612 2732 1674 videam
2786 1624 3027 1693 praeter

331 1694 646 1774 ὖποθεσιν,
691 1699 804 1762 hoc
845 1706 958 1772 est,
1007 1717 1138 1760 cum
1183 1698 1284 1760 ille
1331 1698 1442 1761 hoc
1487 1716 1605 1759 non
1651 1696 1770 1759 alio
1826 1707 2173 1777 argumento
2220 1698 2587 1762 demonstret
2648 1719 2824 1781 quam
2884 1720 3029 1765 sen-

335 1788 500 1851 suali
567 1787 698 1861 (ubi
733 1786 1022 1868 probatur
1068 1786 1339 1867 quidem,
1395 1787 1640 1849 Terram
1695 1786 1774 1847 ad
1822 1804 2087 1848 crassum
2133 1806 2369 1849 sensum
2414 1808 2532 1851 non
2578 1790 2803 1851 distare
2848 1801 3029 1854 nota-

335 1877 542 1940 biliter
585 1897 624 1938 a
669 1875 848 1951 Sole;
895 1875 1038 1947 sed,
1095 1895 1172 1936 an
1220 1875 1522 1955 exquisito
1577 1894 1756 1937 sensu
1811 1884 1875 1936 et
1933 1875 2340 1937 instrumentis
2384 1878 2535 1939 haec
2580 1879 2869 1941 distantia
2912 1900 3029 1943 nen

335 1954 878 2045 animadvertatur,
935 1964 999 2025 id
1061 1983 1174 2026 nou
1221 1964 1568 2044 probatur),
1629 1964 1790 2025 viam
1836 1962 2018 2025 talem
2064 1962 2290 2042 inveni,
2348 1984 2462 2047 qua
2510 1977 2614 2029 aut
2658 1970 3029 2049 suppositum

331 2056 655 2135 probetur,
723 2063 828 2117 aut
872 2054 1092 2114 Terrae
1153 2072 1192 2113 a
1235 2060 1440 2115 centro
1498 2052 1787 2115 distantia
1842 2050 2245 2115 constituatur
2310 2065 2375 2116 et
2428 2057 2803 2137 exploretur,
2849 2068 3029 2141 atque

332 2144 422 2207 sic
469 2144 654 2206 etiam
701 2151 1029 2205 extremum
1067 2142 1294 2203 coelum
1341 2141 1536 2203 metiri
1582 2141 1899 2220 poss-imus.

509 2233 646 2295 Non
693 2241 790 2295 est
833 2241 1050 2305 autem,
1101 2231 1258 2311 quod
1302 2231 1542 2293 credere
1589 2230 1720 2310 quis
1766 2230 1978 2309 possit,
2028 2230 2206 2291 obvia
2243 2230 2451 2295 horum
2494 2234 3031 2314 experimentorum

333 2322 618 2385 occasio:
674 2320 782 2383 sed
825 2320 926 2381 ubi
973 2320 1170 2381 omnia
1217 2319 1534 2399 diligenter
1576 2317 2033 2399 perquisiveris,
2095 2318 2195 2380 vix
2242 2316 2285 2380 2
2328 2330 2435 2382 aut
2480 2318 2519 2383 3
2566 2324 2773 2386 modos
2818 2325 3029 2387 obser-

335 2410 517 2475 vandi
564 2409 908 2490 excogitare
953 2407 1171 2489 possis.
1263 2406 1494 2469 Horum
1539 2414 1738 2469 autem
1782 2407 1983 2470 nullus
2031 2414 2162 2481 est,
2222 2409 2321 2487 qui
2383 2428 2499 2471 non
2556 2412 2781 2492 aliquot
2842 2432 3031 2476 annos

335 2500 414 2562 ad
461 2499 553 2561 sui
599 2498 1084 2561 certificationem
1145 2496 1440 2576 requirat:
1511 2494 1778 2577 quamvis
1840 2514 1959 2560 una
2021 2494 2369 2559 observatio
2427 2498 2683 2563 breviori
2745 2502 3031 2585 temporis

335 2589 552 2669 spatio,
600 2596 750 2669 puta
803 2586 828 2649 1
884 2594 988 2647 aut
1031 2584 1072 2649 2
1119 2586 1260 2648 anui
1305 2583 1736 2666 quadrantibus
1784 2583 2143 2662 perficiatur.

509 2678 746 2741 Primus
811 2694 886 2738 ex
947 2674 1073 2750 his,
1134 2692 1306 2756 quem
1366 2692 1477 2753 ego
1537 2674 1680 2735 mihi
1726 2673 1921 2753 elegi,
1982 2680 2047 2733 et
2090 2672 2189 2753 qui
2235 2672 2717 2739 evidentissimus
2763 2686 2894 2755 est,
2943 2680 3031 2741 sic

333 2768 550 2833 habet.
601 2764 845 2830 Certum
889 2772 1004 2838 est,
1053 2763 1104 2826 si
1151 2764 1338 2826 Terra
1383 2764 1466 2825 sit
1511 2772 1684 2828 extra
1729 2761 1929 2825 muudi
1975 2762 2250 2836 medium,
2278 2761 2581 2829 horizonte
2611 2767 2839 2831 coelum
2874 2789 3031 2832 nun-

337 2876 514 2938 quam
558 2855 834 2919 bifariam
881 2852 1104 2930 secari,
1167 2852 1307 2916 nisi·
1345 2851 1406 2914 in
1464 2861 1598 2914 ortu
1643 2858 1750 2914 aut
1801 2870 2021 2912 occasu
2066 2849 2229 2913 Solis
2279 2852 2761 2936 (praesupposito
2804 2865 3026 2934 tamen,

337 2947 496 3026 quod
551 2953 749 3007 motus
807 2943 1048 3006 diurnus
1097 2941 1318 3004 Terrae
1363 2941 1667 3003 volutione
1715 2940 2005 3014 accidat).
2096 2940 2215 3002 Est
2266 2941 2329 3002 iu
2383 2954 2697 3024 praesente
2752 2947 3029 3010 schema-

337 3034 518 3098 tismo
560 3033 744 3096 KAH
770 3031 1130 3095 meridianus
1172 3030 1232 3092 in
1270 3031 1406 3110 ipsa
1449 3030 1696 3092 fixarum
1743 3030 2018 3109 sphaera,
2048 3028 2195 3090 EID
2238 3029 2413 3093 linea·
2396 3042 2589 3096 ·recta
2616 3044 3032 3114 repraesentet

336 3124 664 3195 zodiacum,
711 3141 886 3202 quem
914 3121 1149 3200 quidem
1179 3120 1516 3181 debuissem
1545 3119 1867 3181 secundum
1894 3117 1981 3180 rei
2024 3117 2343 3182 veritatem
2382 3123 2761 3186 describere'
2744 3145 2803 3188 m
2832 3126 3031 3207 amplo

339 3213 442 3275 illo
489 3212 742 3288 circu10‚
791 3210 898 3274 sed
943 3215 1360 3289 repraesentet
1405 3209 1561 3270 viam
1609 3217 1672 3270 et
1717 3206 1921 3270 orbem
1967 3206 2251 3282 Telluris,
2308 3210 2503 3293 sitque
2551 3213 2771 3276 Terrae
2816 3234 3029 3297 corpus

336 3302 399 3363 in
469 3301 560 3378 E,
643 3301 728 3375 D,
797 3306 858 3362 et
929 3299 1022 3360 bis
1087 3297 1146 3360 iu
1218 3297 1292 3372 J,
1363 3297 1604 3360 ELDM
1673 3305 1772 3358 est
2078 3345 2089 3356 .
2324 3313 2483 3364 ειμι

339 3391 666 3471 amplitudo
712 3389 864 3451 coeli
912 3387 1234 3449 terrestris.
1330 3387 1516 3448 Terra
1559 3385 1762 3465 itaque
2536 3416 2559 3426 --

337 3487 502 3542 motu
547 3496 742 3540 annuo
790 3477 1114 3539 circumeat
1157 3476 1234 3538 ab
1279 3473 1334 3535 E
1379 3493 1486 3555 per
1529 3475 1560 3536 Ι
1595 3474 1655 3535 in
1684 3475 1761 3549 D,

339 3576 406 3630 et
447 3568 584 3630 hinc
621 3585 850 3630 rursum
895 3564 958 3626 in
1005 3565 1196 3628 altero
1243 3563 1612 3625 semicirculo
1657 3580 1764 3643 per

339 3657 370 3718 Ι
415 3657 474 3720 in
518 3656 592 3719 E.
651 3653 802 3719 Cum
845 3671 987 3734 ergo
1034 3654 1248 3734 globus
1295 3653 1516 3714 Terrae
1563 3659 1658 3714 est
1701 3651 1762 3712 in

337 3745 413 3822 E,
447 3753 510 3808 et
553 3753 818 3807 nostrum
862 3745 923 3804 in
970 3763 1039 3804 eo
1070 3741 1424 3806 domicilium
1463 3741 1551 3802 ita
1587 3741 1761 3804 incli-

341 3842 564 3911 natum,
611 3844 678 3897 ut
722 3831 1064 3913 longissime
1109 3833 1297 3894 distet
1342 3831 1420 3893 ab
1463 3830 1494 3891 I
1532 3829 1674 3892 Sole
1702 3829 1763 3891 in

341 3931 573 3997 centro,
621 3923 819 3984 media
863 3940 982 3984 nox
1028 3931 1122 3984 est
1141 3940 1162 3996 ;
1237 3928 1300 3983 et
1351 3930 1474 3983 tum
1522 3918 1763 3980 horizon

339 4013 476 4074 ΚΗ.
530 4011 619 4074 At
645 4012 700 4074 si
728 4013 915 4074 Terra
942 4009 1022 4072 sit
1059 4011 1119 4072 in
1153 4011 1205 4085 I,
1235 4018 1300 4070 et
1334 4018 1600 4070 nostrum
1651 4006 1762 4069 do-

343 4100 624 4164 micilium
653 4120 885 4162 sursum
911 4107 1143 4180 vergat,
1181 4117 1396 4178 vesper
1432 4105 1544 4169 est,
1575 4105 1640 4158 et
1654 4095 1760 4158 Sol

342 4191 594 4265 occidit3
643 4199 852 4271 estque
900 4189 1140 4250 horizon
1179 4187 1456 4260 FLIMB,
1495 4186 1762 4248 incidens

340 4281 402 4342 iu
448 4279 652 4342 Solem
694 4281 746 4343 1.
837 4277 942 4340 Sic
989 4278 1040 4338 si
1087 4278 1273 4338 Terra
1329 4275 1391 4337 in
1434 4275 1492 4336 D
1536 4273 1758 4350 veniat,

343 4377 406 4430 et
449 4369 514 4433 in
552 4388 623 4431 eo
661 4374 929 4430 nostrum
958 4365 1316 4428 domicilium
1353 4382 1585 4427 sursum
1618 4382 1757 4425 ver-

341 4465 468 4539 gat,
517 4457 758 4522 horizon
804 4458 930 4538 ejus
978 4463 1074 4518 est
1121 4452 1254 4530 GC,
1301 4463 1365 4515 et
1409 4452 1706 4516 meridies.

515 4565 668 4628 Esto
707 4566 838 4645 jam
881 4559 1149 4640 Ε4οΤ,
1193 4560 1252 4622 D
1281 4554 2009 4636 4⁰n,14⁰5,4⁰e;
2058 4565 2122 4619 et
2163 4555 2246 4617 sit
2290 4557 2558 4620 stellaA
2601 4559 2845 4638 polariS,
2883 4577 3033 4640 quae
3082 4623 3089 4633 ,

341 4655 582 4732 ponitur
625 4656 854 4717 coelum
898 4651 1160 4714 mediare
1207 4669 1340 4712 cum
1384 4645 1563 4726 4Ὓ.
1655 4649 1850 4728 Igitur
1895 4641 2182 4727 superiori
2229 4665 2429 4708 mense
2476 4645 2853 4727 Septembri,
2896 4665 3034 4710 cum

343 4741 454 4806 Sol
502 4752 670 4808 esset
711 4737 874 4806 circa
919 4736 1142 4813 4⁰2,
1210 4747 1271 4802 et
1325 4738 1574 4819 proinde
1620 4738 1806 4799 Terra
1843 4737 2005 4798 circa
2048 4729 2225 4810 4⁰³st
2287 4734 2599 4797 observavi
2658 4736 3037 4802 altitudinem

343 4833 407 4894 A
451 4834 666 4896 stellae
713 4834 773 4894 in
818 4830 1016 4894 media
1059 4836 1257 4892 nocte.
1313 4829 1585 4892 Necesse
1630 4826 1814 4905 igitur
1860 4832 1974 4899 est,
2022 4823 2329 4904 provenire
2376 4843 2575 4886 arcum
2602 4823 2741 4887 ΑΚ.
2789 4822 3037 4908 Expec-

343 4923 475 4985 tavi
519 4924 722 5004 itaque
767 4941 954 5002 usque
1001 4920 1079 4982 ad
1122 4918 1515 4982 Decembrem
1531 4964 1547 4992 ,
1611 4923 1674 4977 et
1734 4923 1875 4977 tunc
1938 4932 2109 4976 mane
2174 4921 2353 4993 atque
2408 4931 2657 4995 vespere
2722 4915 3035 4978 observavi
