3634 5575
1382 386 1629 439 domam
1658 386 1986 453 neuqua.
2891 380 3046 469 2⁸3¹

328 546 679 627 longissime
730 566 775 607 a
816 547 1081 609 veritate
1126 547 1438 623 aberrare,
1508 554 1573 610 et
1614 549 1858 629 quidem
1915 548 2146 611 soletur
2190 566 2284 609 me
2339 554 2454 611 tua
2501 545 2662 611 acris
2707 542 3050 606 exhortatio

332 638 409 698 ad
456 634 814 699 eliciendum
860 636 1141 697 ¹veritatis
1186 638 1417 715 ignem,
1470 645 1535 698 u't
1580 637 1727 699 mihi
1770 638 2196 717 persuadeam,
2255 654 2372 698 non
2419 644 2482 697 te
2529 634 2676 697 mihi
2731 632 3044 695 succensi-

335 734 567 797 turum,
617 722 671 784 si
691 723 1064 787 -militariter
1106 742 1412 804 pugnans,
1458 726 1807 788 militariter
1853 734 1918 787 et
1954 735 2151 789 tecum
2201 725 2428 805 loquor.
2531 722 2848 802 Oppressa
2883 720 3048 783 enim

334 814 453 874 hac
496 813 779 875 libertate
824 813 1131 893 pugnandi
1176 813 1246 873 fit
1288 814 1533 893 ingrata
1578 815 1847 894 scriptio.

516 900 736 972 Juhes,
782 910 853 963 ut
896 910 1063 963 tuam
1108 902 1475 964 sententiam
1521 922 1655 965 cum
1702 922 1840 965 mea
1883 902 2210 965 conferam.
2305 902 2394 963 Tu
2441 918 2584 980 ergo
2633 899 2798 990 furta
2841 916 3049 961 exem·-

341 989 427 1070 pli
472 989 677 1068 gratia
718 988 783 1049 in
827 990 1288 1053 melancholiam
1336 992 1604 1066 confers;
1650 1010 1886 1054 mecum
1933 1009 2076 1069 ergo
2121 988 2297 1066 facis,
2344 1006 2591 1070 possum
2637 988 2796 1049 enim
2838 986 3052 1048 eadem

346 1096 533 1157 opera
576 1096 697 1156 qua
740 1084 807 1139 tu
852 1079 1311 1143 melancholiam
1359 1079 1677 1143 immunem
1727 1102 1763 1141 a
1808 1079 2138 1141 sceleribus
2191 1086 2256 1139 et
2299 1098 2414 1156 ego
2459 1078 2688 1153 coelum
2735 1093 3048 1137 excusare.

489 1166 863 1217 Fabricius:
916 1166 992 1217 Tu
1042 1173 1703 1231 temperamentorum
1738 1168 2182 1219 conformationem
2215 1167 2432 1231 planetis
2477 1167 2679 1222 tribuis,
2735 1165 2868 1215 siout
2903 1170 3058 1215 antes

336 1237 691 1295 inclinationes
724 1237 821 1289 illis
858 1238 1177 1303 adscripsisti.
1254 1238 1355 1289 Sed
1390 1242 1501 1305 qni.
1558 1254 1741 1309 quaeso
1754 1273 1769 1297 ,
1829 1240 2046 1293 natalitii
2093 1239 2334 1301 planetae
2385 1239 2548 1291 eruin
2587 1236 2783 1287 efficere
2833 1240 3055 1299 possunt,

341 1324 454 1359 cum
492 1323 551 1358 eo
586 1314 867 1369 momento,
907 1324 1002 1374 quo
1039 1309 1146 1373 quis
1182 1312 1431 1365 nascitur,
1470 1313 1625 1360 erasis
1662 1310 1769 1361 fieri
1804 1326 1904 1361 non
1943 1310 2150 1373 incipiat
2185 1310 2418 1371 primum,
2473 1308 2562 1358 sed
2599 1314 2702 1357 toto
2741 1308 3054 1371 impraegna·
3103 1306 3112 1311 '

339 1380 489 1429 tionis
530 1384 751 1441 tempore
790 1378 1122 1429 conformetur
1158 1394 1190 1430 a
1224 1387 1407 1430 natura
1442 1382 1643 1431 seminis
1682 1389 1735 1431 et
1770 1382 2072 1445 nutrimento
2109 1381 2161 1429 in
2199 1387 2360 1430 utero.
2436 1378 2685 1442 Astrologi
2723 1392 2837 1426 vero
2875 1391 2935 1427 ex
2959 1376 3063 1430 fine

337 1450 805 1514 impraegnationis,
856 1451 941 1500 ubi
978 1451 1223 1513 perfectus
1256 1454 1363 1513 jam
1398 1452 1559 1501 foetus
1596 1454 1760 1509 luerit,
1810 1452 2043 1515 judicant
2079 1451 2142 1500 de
2166 1447 2613 1513 'temper-amentis,
2669 1464 2768 1498 non
2807 1463 2867 1499 ex
2902 1448 3060 1506 initio,

337 1522 491 1573 multo
527 1520 687 1575 uhu-⁸
722 1520 885 1573 medio
922 1528 1157 1586 tempore.
1236 1521 1289 1573 Si
1323 1528 1721 1586 temperamenta
1766 1523 2108 1573 conformandi
2141 1527 2448 1585 potestatem
2501 1520 2699 1570 omnino
2733 1520 2951 1583 planetis
2987 1520 3060 1567 vis

340 1592 645 1651 adscribere.
699 1592 887 1645 videbis
921 1594 1056 1656 ipse,
1112 1607 1264 1655 qnam
1300 1593 1447 1656 plane
1484 1595 1724 1645 absonum
1759 1594 1854 1644 hoc
1889 1595 1974 1650 sit.
2011 1593 2178 1643 facere
2217 1608 2278 1643 ex
2311 1592 2542 1644 natalitio
2579 1596 2799 1653 tempore
2837 1590 3060 1639 criticam

342 1664 729 1725 dispositionem.
804 1660 1062 1723 Quomodo
1100 1663 1338 1729 planetae
1377 1666 1539 1715 crasin
1578 1667 1880 1715 constituere
1914 1669 2136 1731 possunt,
2177 1678 2288 1715 cnm
2325 1660 2484 1711 nullos
2518 1660 2746 1710 humores
2782 1660 2959 1715 reales,
2998 1673 3065 1707 ex

342 1734 515 1798 quibus
552 1738 995 1797 temperamentum
1035 1736 1380 1791 constituitur,
1421 1735 1629 1799 desuper
1662 1736 1932 1788 infundant
1968 1732 2187 1797 corpori?
2263 1732 2387 1782 Cum
2427 1747 2543 1796 ergo
2587 1730 2816 1780 humores
2855 1744 2888 1779 a
2923 1728 3060 1779 coelo
3101 1772 3118 1783 ,

340 1820 441 1853 non
478 1804 595 1860 sint,
636 1818 733 1852 nec
770 1818 937 1853 eorum
974 1805 1257 1868 qualitates,
1296 1805 1434 1855 vides
1468 1806 1593 1869 ipse,
1630 1806 1764 1855 nullo
1796 1809 1908 1869 jure
1943 1806 2041 1854 vim
2065 1804 2400 1855 constituendi
2423 1808 2824 1866 temperamenta
2860 1799 3062 1851 attribui

338 1890 501 1939 posse.
542 1874 637 1925 hoe
670 1874 819 1925 nodo
854 1881 909 1926 et
944 1876 1293 1927 inclinationes
1330 1883 1383 1927 et
1416 1882 1817 1941 temperamenta
1851 1882 1944 1927 tua
1977 1876 2264 1939 planetaria
2293 1875 2570 1925 concidere.

516 1946 926 2026 Keplerus:
992 1947 1100 2009 De
1166 1947 1778 2027 temperamentis
1826 1948 2211 2027 peculiariter
2259 1943 2696 2025 argumentaris
2743 1960 2822 2003 ex
2865 1942 3054 2011 coelo,

344 2036 486 2117 quia
528 2054 675 2114 pets
722 2054 761 2098 a
804 2036 1101 2099 matribus
1146 2054 1259 2119 per
1302 2036 1766 2115 imaginationes
1812 2044 1928 2099 eet.
2025 2036 2162 2099 Non
2193 2034 2464 2115 sequitur
2504 2051 2648 2112 pars
2677 2030 2861 2103 illinc,
2910 2028 3056 2092 nihil

344 2142 486 2203 ergo
532 2123 689 2197 hinc,
736 2121 1065 2192 miscentur
1112 2124 1289 2199 enim,
1340 2145 1459 2205 qua
1502 2132 1681 2205 parte
1726 2124 2020 2189 similiora
2061 2131 2234 2197 sunt3
2283 2123 2442 2201 quod
2487 2129 2554 2183 et
2596 2121 2673 2182 de
2710 2118 3058 2181 inclinatio-

344 2212 519 2275 nibus
566 2211 793 2275 dictum
836 2219 992 2272 esto.
1086 2212 1203 2275 Illa
1248 2214 1541 2275 coelestia
1592 2213 1782 2291 pallia
1829 2212 2138 2293 generalia
2185 2218 2352 2283 sunt,
2403 2209 2583 2272 aliter
2627 2215 2954 2287 operantur
3001 2204 3060 2269 in

345 2300 592 2363 cholera
636 2298 875 2373 innata,
944 2299 1122 2361 aliter
1165 2299 1227 2361 in
1273 2300 1705 2364 melancholico
1756 2302 1905 2363 fato.
1999 2301 2070 2360 Id
2121 2308 2321 2361 autem
2386 2299 2606 2361 nedum
2651 2294 3060 2375 conceptionis

346 2386 618 2461 micale,
667 2394 777 2449 aut
804 2386 1007 2459 sideri,
1056 2395 1163 2454 ant
1198 2388 1860 2468 imaginationiqtribuo,
1897 2406 2074 2469 quam
2105 2387 2364 2466 tempori
2394 2384 2773 2466 gestationis,
2815 2391 3064 2463 propter

348 2476 693 2538 continuam
737 2476 1247 2554 imaginationem,
1296 2478 1568 2557 quemvis
1620 2476 1822 2539 anima
1873 2475 2252 2541 divinissima
2298 2477 2358 2537 in
2390 2474 2615 2537 semine
2645 2472 2840 2552 patris
2871 2472 3063 2536 multa

346 2565 535 2629 etiam
582 2565 657 2626 de
700 2563 1169 2643 cogitationibus
1214 2565 1411 2645 patris
1460 2574 1601 2629 aute
1650 2572 2004 2645 conceptum
2049 2565 2288 2627 deferre
2354 2582 2558 2625 secum
2604 2560 2909 2625 credenda
2952 2560 3056 2623 sit.

352 2653 499 2715 Vita
546 2651 889 2733 embryonis
936 2653 1129 2717 fumus
1176 2660 1291 2727 est,
1342 2654 1471 2715 nati
1520 2656 1763 2717 fianuna
1794 2653 2166 2726 (Femelium
2195 2644 2536 2732 sequor).²)
2627 2649 2833 2729 Magis
2875 2648 3061 2728 igitur

350 2739 545 2809 fusilis
602 2750 669 2804 et
732 2740 957 2805 formae
1012 2741 1381 2822 receptibilis
1436 2743 1495 2806 in
1554 2763 1699 2806 suae
1756 2742 2012 2809 fusionis
2069 2761 2180 2804 seu
2226 2736 2716 2804 inflammationis
2784 2737 3055 2804 articulo.

348 2831 583 2905 Deinde
632 2829 851 2906 sidera,
899 2830 1119 2910 inquiS,
1164 2831 1446 2894 humores
1492 2852 1608 2894 non
1655 2831 1912 2906 habent,
1961 2851 2071 2894 nec
2115 2830 2300 2908 igitur
2345 2829 2494 2893 dant
2539 2827 2760 2892 crasiu.
2842 2827 3059 2891 Usita-

350 2919 653 2982 tissimam
699 2937 893 2980 meam
941 2919 1391 2998 responsionem
1437 2939 1513 2982 ex
1556 2920 1707 2982 meis
1753 2920 2065 3000 principiis
2113 2920 2297 2999 (quae
2345 2918 2396 2980 si
2443 2935 2560 2980 non
2607 2914 2910 2988 admittis,
2961 2933 3064 2976 cur

350 3025 467 3068 uon
514 3008 651 3086 ipsa
694 3007 1058 3084 generaliter
1122 3008 1353 3070 refutas
1374 3009 1433 3080 ?)
1492 3009 1771 3089 ignorare
1825 3029 1946 3070 non
2000 3015 2207 3087 potes,
2269 3015 2337 3070 ut
2381 3005 2609 3068 musica
2665 3003 2956 3067 laetificat
3003 3009 3066 3062 et

352 3103 574 3172 movet,
632 3102 701 3155 ut
748 3097 1082 3174 exemplum
1128 3105 1238 3158 aut
1296 3097 1660 3178 archetypus
1716 3097 2000 3166 aedificat
2049 3097 2288 3158 domum
2335 3096 2476 3168 δια,
2535 3093 2620 3156 sic
2667 3092 2900 3158 coelum
2957 3091 3066 3152 dat

354 3183 575 3257 cresin,
622 3181 761 3244 dum
792 3183 1023 3244 animus
1052 3184 1361 3247 humorum
1409 3193 1471 3245 et
1518 3185 1763 3248 seminis
1791 3185 1852 3246 in
1885 3185 2134 3246 formam
2163 3182 2428 3257 (Model)
2468 3181 2792 3246 schematis
2823 3177 3060 3242 transit.

496 3287 751 3340 Fabric
770 3288 787 3336 i
806 3301 839 3336 u
859 3302 917 3338 s:
972 3287 1053 3338 De
1088 3289 1267 3340 morbis
1315 3295 1371 3339 et
1405 3291 1569 3339 causis
1606 3305 1774 3340 eorum
1817 3291 1968 3340 miras
2004 3289 2387 3354 imaginationes
2431 3287 2604 3337 babes.
2677 3285 2902 3358 Ex‘t’orti
2933 3283 3060 3333 ima·

350 3360 607 3428 ginatione
643 3358 803 3408 multa
834 3359 1026 3422 prodire
1062 3374 1207 3422 posse
1264 3375 1365 3413 non
1402 3375 1549 3424 nego.
1624 3359 1727 3410 Sed
1762 3372 1861 3410 non
1896 3361 2190 3424 imaginatio
2227 3361 2338 3421 ipsa
2358 3359 2487 3408 haec
2511 3357 2690 3414 infert,
2729 3355 2820 3406 sed
2856 3355 3065 3410 affectu

238 3475 248 3491 ,
356 3445 417 3488 ex
452 3430 811 3494 imaginatione
848 3431 1195 3494 provenientes
1236 3427 1303 3491 (v.
1346 3445 1389 3480 c.
1430 3432 1480 3480 in
1518 3430 1749 3498 gravidis,
1787 3432 1839 3479 in
1876 3436 2017 3494 peste
2043 3425 2189 3492 δια),
2227 3429 2372 3494 idque
2397 3433 2596 3477 tantum
2631 3428 2682 3476 in
2719 3425 2932 3482 feminis,
2969 3439 3062 3474 na-

354 3501 475 3549 turis
514 3499 780 3557 debilibus,
843 3501 954 3549 viris
996 3500 1293 3550 effeminatis
1340 3501 1625 3566 contingere
1660 3506 1840 3566 potest.
1916 3503 1986 3550 At
2019 3500 2123 3550 tale
2159 3499 2276 3563 quid
2311 3501 2360 3548 in
2397 3499 2577 3548 morbis
2614 3509 2675 3546 ex
2709 3497 3066 3562 imaginatione

352 3572 541 3621 ruboris
580 3577 669 3620 ant
704 3570 899 3634 palloris
937 3570 989 3631 ὅ
1029 3578 1081 3622 et
1116 3571 1147 3632 ἦ
1184 3575 1427 3628 statuere.
1469 3573 1649 3621 rationi
1684 3575 1935 3636 repugnat
1959 3569 2035 3632 (K
2052 3571 2338 3634 epletus:
2373 3569 2460 3618 ubi
2483 3567 2608 3618 ratio
2623 3565 2687 3628 2).
2763 3565 2894 3628 Quid
2917 3567 3067 3616 rusti-

354 3655 443 3692 cus
480 3647 571 3692 aut
608 3641 721 3700 alii,
774 3642 855 3705 qni
894 3641 945 3702 d*
982 3643 1207 3692 ruborem
1240 3656 1495 3706 nunqnam
1539 3643 1932 3699 considerarunt,
1971 3642 2034 3691 de
2069 3647 2254 3690 natura
2289 3639 2338 3700 ο*
2379 3637 2635 3704 cogitant?
2692 3635 3065 3702 (Keplerusz

354 3726 475 3764 sane
512 3727 611 3762 non
649 3719 727 3762 est
761 3713 1053 3776 imaginatio
1089 3728 1178 3776 per
1214 3710 1509 3775 discursum)
1548 3720 1637 3763 aut
1691 3728 1841 3778 quam
1896 3713 1958 3764 de
1997 3715 2102 3776 eius
2135 3713 2376 3777 incogniti
2429 3709 2592 3762 colore
2653 3709 3062 3773 imaginationem

355 3783 612 3846 concipere
648 3782 896 3846 possunt?
968 3783 1025 3834 Si
1062 3784 1195 3834 dices
1234 3781 1635 3848 (Keplernsz
1675 3800 1773 3835 non
1809 3783 1904 3833 hoc
1943 3781 2080 3844 dico)
2123 3781 2172 3844 d
2217 3786 2363 3844 Juxta
2399 3783 2548 3830 situm
2584 3794 2728 3830 sunm
2765 3785 2900 3830 certo
2937 3785 3064 3828 tem-

353 3868 470 3918 pore
506 3869 593 3918 per
627 3854 874 3903 occultam
910 3869 1052 3904 snam
1103 3856 1351 3905 actionem
1396 3857 1449 3904 in
1488 3856 1663 3906 animis
1716 3855 1933 3905 excitare
1968 3855 2377 3918 imaginationem
2431 3851 2597 3908 illam,
2655 3851 2772 3914 quid
2828 3849 2963 3899 alind
3017 3849 3064 3897 id

356 3927 465 3982 erit,
503 3939 651 3988 qnam
686 3923 966 3974 maleficam
1002 3926 1213 3975 nocendi
1249 3927 1347 3974 vim
1383 3933 1554 3989 aperte
1588 3925 1659 3974 illi
1696 3924 2019 3975 adscribere?

497 3995 605 4060 Ego
645 4001 812 4047 statuo
850 3995 1224 4059 (Keplernsz
1274 3995 1347 4046 Ut
1380 4003 1434 4046 et
1470 4010 1591 4062 ego,
1638 3996 1730 4046 sed
1765 4003 1938 4046 tamen
1976 3995 2134 4048 aliter.
2209 3993 2425 4056 Obiecta
2460 3997 2580 4042 sunt
2613 3991 2840 4056 exempla
2877 4003 3066 4044 eornm.

354 4079 483 4132 qm
520 4067 645 4116 facit
681 4067 850 4119 anima
883 4067 945 4116 iis
980 4064 1189 4126 mom),
1226 4067 1457 4130 pianetas
1492 4083 1593 4118 non
1631 4081 1811 4118 causas
1849 4073 2060 4132 agentes
2096 4065 2372 4119 morborum
2409 4061 2498 4114 ao.
2514 4096 2532 4126 ‚
2569 4063 2660 4115 sed
2693 4076 2838 4114 mera
2871 4067 3088 4146 tantam

350 4137 1064 4264 :ffiztfflz’ff‘zss‘ssedssi‘z
1084 4144 1343 4266 ‚²5:2⁸3
1359 4137 1626 4259 almi„
1648 4135 2532 4258 ⁸²12¹1¹1¹303333¹²2¹1132m⁸3ss¹10332¹223,
2550 4133 3072 4270 ”pssiguffssisilissdffi

356 4277 558 4338 aliunde
594 4279 865 4335 aecer-slas.
904 4278 993 4328 sed
1028 4280 1242 4329 materia
1276 4280 1426 4328 noxia
1461 4279 1719 4328 humorum
1754 4279 2076 4335 internorum,
2121 4278 2200 4327 vel
2237 4277 2300 4326 ab
2337 4279 2480 4326 extra
2511 4275 2835 4338 periculorum
2874 4273 3067 4323 allatio-

356 4347 587 4406 tionibus,
624 4350 799 4413 quibus
820 4362 879 4399 se
904 4349 1126 4400 diabolus
1151 4363 1303 4412 saepe
1327 4351 1519 4407 miscet,
1556 4365 1653 4414 quo
1674 4351 1749 4400 sic
1774 4363 1807 4398 a
1833 4349 1970 4400 coelo
1993 4348 2358 4413 praefiguratas
2390 4359 2580 4412 poenas
2601 4345 2699 4394 Dei
2727 4346 2970 4409 permissu
2991 4347 3068 4394 in·-

354 4417 597 4482 9idamus.
674 4417 841 4478 Quare
874 4421 927 4468 in
963 4421 1189 4474 omnibus
1222 4420 1301 4470 his
1338 4421 1615 4479 actionibus
1654 4426 1705 4471 ct
1738 4420 2184 4485 significationibus
2219 4417 2344 4470 velle
2375 4417 2606 4480 physicas
2631 4423 2722 4470 aut
2745 4415 3071 4481 astrologica

358 4503 541 4538 causas
578 4489 735 4540 solum
772 4489 1015 4554 inquirere
1054 4496 1106 4542 et
1126 4490 1465 4548 considerare,
1507 4491 1650 4540 nimis
1676 4490 1948 4554 physicum,
1989 4503 2206 4538 crassum
2247 4494 2297 4537 et
2332 4488 2533 4538 carnale
2575 4492 2668 4537 est.
2708 4484 2861 4550 (Kep
2876 4487 3073 4540 lerna»

354 4557 562 4678 iPossum
577 4565 652 4682 tiet
686 4561 737 4608 in
758 4563 890 4690 Jxne‘a
925 4561 1235 4628 philosophia
1272 4561 1561 4628 theologum
1601 4576 1773 4632 agere.
1848 4559 1974 4609 Cum
1999 4557 2137 4609 Dens
2162 4560 2422 4632 irascitur,-
2453 4557 2693 4622 permittit
2727 4562 3072 4624 praeposteras

373 4643 577 4696 magma
620 4643 753 4679 ones.

496 4718 814 4787 Keplerus
850 4719 903 4768 in
937 4717 1229 4778 litorium
1265 4720 1454 4784 pergit:
2885 4751 2890 4756 -

534 4789 805 4854 Tandem
850 4789 1005 4855 hanc
1050 4789 1477 4873 principiorum
1524 4787 1822 4858 rationem
1879 4787 2224 4868 generalem
2281 4787 2340 4856 i·
2386 4785 2663 4865 exemplo
2725 4785 2799 4848 de
2843 4785 3070 4851 morbis

356 4877 693 4968 impugnas.
750 4877 969 4946 .Dixit
1024 4877 1345 4948 animalem
1390 4879 1591 4950 foetus
1639 4877 1994 4944 facultatem
2039 4878 2348 4942 incensam
2387 4882 2592 4938 mente
2639 4874 2887 4948 oriente,
2935 4893 3068 4936 cum
