3634 5575
1558 397 1884 448 Proonnium.
2997 393 3084 460 79

362 555 423 617 iu
471 556 809 618 mercedem
854 561 1135 636 erogetur
1190 573 1345 618 nevo
1392 557 1609 620 artifici
1628 604 1645 632 ,
1704 558 1805 637 qui
1849 574 1928 618 ex
1973 573 2114 618 aere
2171 570 2319 635 opus
2387 555 2694 629 conficiatis
2751 553 3084 632 cujusmodi

362 645 661 706 hominem
706 645 1235 724 horologiopaeum
1282 646 1397 708 hae
1443 646 1501 706 in
1548 646 1695 708 urbe
1741 653 2128 724 praesentem
2172 645 2396 716 habeo,
2425 645 2614 723 cujus
2651 642 2796 704 mihi
2839 641 3088 722 placent
3148 665 3156 670 ·

360 751 563 812 opera.
660 731 861 796 Globo
907 753 1050 796 vero
1099 734 1239 814 quid
1288 733 1523 814 sculpto
1564 753 1713 814 opus
1762 735 1900 795 est?
1991 733 2313 813 Pingatur,
2361 738 2431 795 ut
2467 733 2569 794 ille
2592 781 2608 806 ‚
2659 744 2833 812 quem
2863 730 3086 792 Mona-
3123 781 3131 787 .

360 821 477 882 chii
524 821 685 895 vidi,
754 825 927 890 (Junio
964 845 1013 880 a.
1058 827 1219 888 ¹596,
1268 830 1583 897 Stuttgardia
1618 831 1846 882 Gratiam
1895 831 2168 895 profectus,
2215 829 2536 882 Monachium
2581 833 2762 882 traam
2795 826 3086 892 Keplerus.)

360 910 639 988 Apiani
682 929 833 994 opus
852 959 869 986 ,
920 911 1021 992 qui
1066 911 1301 991 quidem
1348 914 1533 975 etiam
1578 914 1793 975 stelias
1818 913 1988 974 'fecit
2031 912 2350 973 exemtiles
2399 920 2652 992 propter
2697 911 3084 991 praecessio-

358 1017 497 1061 nem
546 999 1073 1080 aequinoctiorum.

500 1157 647 1206 Hanc
684 1157 887 1222 Kepleri
925 1159 1229 1208 seutentiam
1268 1158 1328 1207 de
1364 1159 1650 1208 innovanda
1687 1159 1886 1222 penitus
1923 1173 2012 1208 seu
2049 1158 2362 1208 dissolvenda
2397 1157 2634 1208 machina
2657 1158 2876 1216 coelesti,
2916 1173 3083 1222 quam,

358 1233 415 1277 ut
452 1243 479 1277 e
516 1227 771 1278 Maestlini
804 1229 992 1291 judicio
1030 1243 1181 1292 supra
1216 1231 1461 1292 proposito
1501 1237 1553 1277 et
1590 1244 1615 1278 e
1654 1229 1971 1294 sequentibus
2009 1230 2218 1293 patebit,
2253 1229 2400 1293 plane
2438 1229 2679 1278 diversam
2720 1231 2782 1279 ab
2821 1243 2898 1285 ea,
2937 1241 3084 1296 quam

356 1313 510 1362 supra
542 1301 752 1364 principi
788 1301 1081 1363 scripserat,
1135 1300 1491 1349 conficiendam
1529 1307 1807 1358 statuerat,
1859 1299 2154 1349 Maestlinus
2193 1313 2343 1365 aegre
2377 1300 2600 1356 ferebat,
2653 1301 2921 1364 anxiusque
2957 1299 3084 1350 haec

296 1409 307 1416 .
354 1372 607 1434 rescripsit
642 1369 715 1432 (d.
758 1367 841 1418 80.
870 1371 984 1420 Oct.
1008 1367 1085 1432 (9.
1113 1369 1267 1432 Nov)
1304 1367 1495 1432 1597):
1542 1371 1619 1420 De
1652 1387 1798 1434 opere
1838 1377 2075 1438 argenteo
2113 1371 2228 1436 quid
2265 1371 2476 1420 scribam
2513 1372 2861 1434 propemodum
2897 1373 3082 1426 nescio,

357 1454 657 1506 quamquam
692 1442 956 1492 scribenda
989 1443 1149 1491 multa
1184 1442 1433 1491 haberem.
1509 1441 1654 1503 Quae
1700 1444 1840 1491 initio
1884 1443 2170 1492 metuebam
2216 1448 2268 1492 et
2311 1443 2496 1492 tacitus
2545 1456 2738 1492 mecum
2785 1442 3084 1508 cogitabam,

360 1511 628 1562 edisserere
666 1519 839 1562 autem
880 1527 1031 1562 ausus
1066 1527 1167 1562 non
1204 1513 1293 1570 fui,
1332 1526 1394 1562 ea
1422 1517 1533 1576 jam
1569 1515 1819 1564 eveniunt.
1895 1512 2054 1564 Metui
2075 1549 2090 1570 ‚
2130 1513 2322 1576 oblique
2359 1515 2510 1564 etiam
2548 1512 2673 1570 dixi,
2712 1515 2952 1563 immanes
2991 1527 3082 1562 nec

358 1583 641 1632 tolerabiles
678 1583 798 1632 illud
834 1591 1021 1632 sumtus
1059 1585 1416 1646 requisiturum.
1494 1583 1797 1634 Dissuadere
1835 1599 1984 1634 ausus
2021 1600 2119 1633 non
2157 1583 2253 1642 fui,
2302 1598 2366 1633 ne
2403 1583 2538 1633 aliud
2573 1598 2652 1633 me
2689 1597 2924 1648 quaerere
2961 1586 3083 1632 tuis-

356 1667 452 1716 que
488 1653 751 1703 honoribus
789 1655 903 1718 quid
942 1655 1201 1703 detrahere
1236 1655 1361 1703 velle
1396 1655 1614 1712 viderer,
1660 1658 1952 1718 praesertim
2003 1669 2114 1704 cum
2165 1669 2242 1703 res
2289 1655 2398 1718 ipsa
2443 1653 2562 1702 mihi
2601 1655 2799 1720 egregie
2834 1654 3081 1716 probetur,

358 1733 412 1774 et
448 1727 701 1774 inventum
750 1726 983 1776 videlicet
1026 1725 1087 1774 de
1138 1726 1233 1774 hac
1284 1727 1576 1775 admiranda
1624 1729 1811 1776 orbium
1859 1726 2030 1775 mundi
2081 1727 2390 1789 proportione
2435 1725 2640 1774 mirifice
2689 1725 2810 1774 mihi
2861 1723 3080 1788 placeat.

358 1795 505 1845 Unde
543 1811 635 1861 ego
673 1796 737 1846 de
773 1811 892 1846 mea
926 1799 1179 1846 sententia
1198 1841 1205 1848 .
1223 1799 1485 1861 requisitus
1534 1799 1870 1861 maximopere
1918 1795 2036 1858 (nec
2075 1793 2344 1856 immerito)
2381 1795 2474 1846 hoc
2509 1802 2650 1844 tuum
2685 1797 2941 1844 inventum
2979 1795 3080 1846 col-

354 1867 571 1918 landavi.
636 1867 735 1932 Spe
772 1875 943 1918 autem
978 1881 1041 1918 ea
1076 1868 1289 1928 fruebar,
1330 1884 1449 1932 opus
1486 1868 1603 1919 illud
1643 1869 1926 1920 confectum
1961 1869 2022 1918 iri
2057 1874 2108 1918 te
2145 1870 2250 1932 ipso
2293 1867 2517 1916 dictante
2555 1874 2606 1917 et
2641 1873 2921 1932 praesente,
2961 1868 3079 1930 quia

357 1939 525 1987 omnia
576 1940 725 1988 etiam
776 1940 1106 1988 minutissima
1154 1953 1186 1987 a
1236 1945 1288 1988 te
1339 1940 1466 1987 bene
1518 1940 1884 2004 praemeditata
1933 1953 2042 1988 esse
2081 1939 2240 1987 allata
2275 1945 2438 1987 certus
2477 1953 2628 1986 eram.
2701 1937 2850 1988 Nunc
2889 1944 3078 1994 autem,

357 2025 469 2058 cum
508 2009 573 2058 ad
608 2023 689 2058 me
728 2009 1005 2059 devolutum
1044 2011 1136 2068 sit,
1186 2017 1238 2058 et
1275 2025 1367 2074 ego
1404 2025 1483 2058 me
1519 2011 1756 2073 imparem
1808 2011 2036 2068 videam,
2091 2015 2148 2058 ut
2193 2009 2308 2058 huic
2345 2007 2555 2058 Veneris
2607 2009 2760 2073 capiti
2807 2007 2868 2057 ab
2912 2006 3082 2072 Apelle

282 2078 293 2084 '
357 2087 531 2144 coepto
568 2081 808 2144 reliquum
846 2095 1021 2143 corpus
1058 2082 1353 2146 appingam,
1402 2081 1531 2145 quod
1566 2087 1828 2132 venustate
1867 2087 1920 2130 et
1955 2081 2164 2130 artificio
2203 2080 2614 2142 correspondeat,
2652 2079 2828 2129 dubius
2862 2080 3082 2143 profecto

354 2167 465 2202 sum
482 2185 496 2208 .
540 2153 832 2216 praesertim
878 2165 991 2202 cum
1028 2153 1229 2202 artificis
1264 2166 1441 2202 manus
1478 2154 1529 2202 in
1566 2153 1723 2202 stellis
1759 2151 2041 2216 sculpendis
2077 2167 2283 2216 segnem
2320 2166 2374 2201 se
2409 2151 2693 2214 prodiderit.
2769 2151 2968 2200 Etenim
3003 2149 3080 2200 111.

354 2224 628 2288 principem
667 2223 907 2273 offensum
944 2223 999 2270 iri
1039 2222 1356 2272 vehementer
1390 2230 1587 2280 metuo;
1636 2225 1677 2272 si
1716 2224 1846 2273 euim
1882 2225 1932 2271 in
1972 2225 2229 2287 spongiam
2269 2222 2447 2277 abeat,
2484 2223 2599 2286 quid
2635 2221 2878 2292 dicturum
2913 2228 3080 2286 putas,

354 2302 469 2360 post
504 2301 671 2344 tantos
702 2296 808 2356 jam
845 2295 1005 2343 factos
1040 2301 1231 2342 sumtus
1267 2295 1319 2342 in
1355 2296 1581 2350 invento,
1634 2301 1739 2343 tam
1777 2309 1811 2343 a
1861 2301 1912 2342 te
1931 2329 1945 2350 ,
1999 2308 2147 2358 quam
2186 2308 2218 2343 a
2253 2307 2332 2342 me
2370 2305 2519 2356 supra
2554 2292 2754 2342 modum
2790 2289 3080 2342 celebrato?

358 2363 413 2414 Si
448 2379 570 2430 opus
606 2366 935 2429 producatur,
976 2371 1026 2414 et
1063 2365 1191 2414 sicut
1228 2371 1455 2427 coeptum
1491 2371 1598 2422 est,
1638 2365 1983 2423 continuetur,
2022 2379 2116 2413 nec
2156 2363 2393 2412 sumtibus
2432 2368 2522 2412 aut
2558 2363 2766 2413 artificio
2803 2363 2956 2414 etiam
2994 2377 3078 2412 ex-

352 2437 629 2500 pectationi
654 2435 968 2499 respondeat.
1006 2435 1121 2498 quid
1144 2435 1360 2484 futuram
1382 2435 1703 2498 putabimus?
1760 2435 1849 2486 Sin
1885 2435 1936 2484 in
1979 2434 2194 2493 „chaos“
2233 2434 2506 2499 redigatur,
2545 2440 2604 2484 ut
2636 2449 2814 2482 novum
2852 2439 3078 2498 exurgat,

356 2509 467 2571 quis
501 2515 693 2556 sumtus
724 2509 833 2570 jain
868 2507 1031 2556 factos
1062 2505 1230 2556 feret?
1269 2535 1335 2544 —
1388 2505 1534 2556 Nunc
1568 2514 1741 2558 autem
1774 2505 1894 2556 mihi
1911 2541 1926 2562 ,
1963 2506 2080 2570 quid
2117 2504 2368 2570 agendum
2403 2506 2497 2562 sit,
2537 2504 2930 2568 respondendum
2968 2512 3075 2560 σεῦε

354 2593 473 2628 nam
510 2579 575 2628 ab
612 2578 945 2628 lunstrissimo
983 2579 1261 2641 nuperrime
1299 2577 1359 2626 de
1398 2592 1629 2642 responso
1667 2577 1947 2626 admonitus
1983 2591 2108 2626 sum.
2185 2575 2430 2625 Constitui
2463 2577 2614 2641 igitur
2657 2591 2736 2625 me
2783 2575 2850 2626 ad
2883 2583 3078 2640 partem

354 2648 567 2698 Domino
594 2649 660 2699 D.
692 2649 1032 2717 Eisengreinio
1058 2649 1351 2711 respondere
1389 2649 1531 2706 velle,
1573 2655 1623 2698 et
1658 2654 1815 2704 tuum,
1854 2647 1985 2712 quod
2021 2648 2147 2696 binis
2183 2647 2336 2696 literis
2372 2646 2492 2696 mihi
2529 2649 2781 2710 scripsisti,
2819 2647 3076 2698 consilium

356 2721 601 2784 explicare
624 2756 637 2778 ,
691 2733 898 2784 eumque
920 2755 934 2776 ‚
986 2719 1101 2782 quid
1136 2735 1277 2784 porro
1314 2719 1597 2770 faciendum
1634 2726 1776 2784 putet
1796 2755 1809 2776 ,
1861 2731 2038 2784 rogare
2059 2755 2072 2776 ,
2125 2719 2199 2768 ita.
2240 2725 2301 2767 ut
2345 2717 2587 2768 offensam
2622 2719 2852 2782 principis
2890 2719 3075 2769 evitare

352 2795 609 2856 possimus.

502 2866 611 2929 Age
647 2862 787 2913 Dens
826 2862 958 2911 adsit
994 2863 1215 2925 coeptis!
1289 2862 1432 2912 Haec
1482 2862 1890 2913 festinantissime
1941 2862 2167 2920 calamo,
2223 2862 2352 2911 sicut
2395 2866 2503 2910 tute
2529 2860 2754 2910 ‘videbis
2827 2859 3071 2919 Proxime,

354 2935 549 2985 volente
587 2933 723 2991 Deo,
762 2934 921 2997 plura..
996 2931 1127 2982 Vale
1163 2947 1276 2983 cum
1313 2936 1525 2999 conjuge
1560 2933 1856 2984 felicissime.

496 3111 578 3162 Ad
611 3111 737 3163 haee
774 3111 1028 3197 respondit
1062 3110 1308 3175 Keplerus
1346 3110 1393 3160 d.
1438 3108 1518 3159 15.
1557 3108 1729 3159 Martii
1773 3104 1909 3157 1598
1943 3108 2118 3172 paucis
2153 3106 2288 3157 hunc
2323 3108 2376 3157 in
2412 3106 2645 3157 modum:

532 3235 799 3296 Transeo
848 3235 926 3295 ad
956 3234 1299 3313 Penelopes·
1342 3234 1548 3295 telam.
1624 3231 1710 3293 Et
1746 3251 1962 3293 maneo
2012 3230 2068 3293 in
2111 3230 2372 3311 pristina
2409 3232 2732 3293 sententia.
2826 3229 2894 3293 Si
2927 3231 3072 3293 mihi

352 3324 461 3385 illa
504 3342 711 3385 massa
756 3322 995 3402 argenti
1042 3323 1313 3398 daretur,
1380 3322 1539 3384 unde
1586 3320 2008 3383 automatariis
2058 3320 2446 3401 suppeditare
2489 3336 2759 3399 possem,
2807 3320 3072 3383 instrue-

353 3432 477 3474 rem
526 3414 899 3492 horologium
947 3412 1243 3486 coeleste3
1300 3422 1515 3490 postea
1562 3418 1797 3472 tantum
1843 3412 2033 3484 filum,
2094 3410 2172 3471 ad
2228 3410 2746 3489 repraesentanda
2800 3424 3072 3489 corpora,

354 3502 877 3564 circumducerem.
970 3500 1158 3563 Esset
1204 3508 1405 3561 autern
1450 3500 1596 3561 illud
1638 3500 1793 3574 tale,
1859 3506 1958 3573 nt,
2025 3498 2076 3559 si
2125 3516 2200 3559 ex
2245 3499 2384 3579 polo
2432 3498 2749 3579 eclipticae
2797 3498 2929 3578 quis
2975 3498 3072 3559 in-

354 3592 650 3671 spiceret,
700 3591 933 3653 videret
970 3591 1251 3669 planetas
1299 3590 1357 3651 in
1405 3589 1531 3651 suis
1579 3588 1789 3666 signis,

532 3678 708 3751 Quod
768 3688 971 3741 autem
1032 3679 1243 3742 literas
1302 3678 1394 3740 ita
1438 3677 1699 3758 scriptas
1748 3676 1869 3749 ais,
1931 3682 2000 3736 ut
2043 3692 2160 3735 non
2217 3674 2458 3754 possint
2502 3674 2834 3753 isengrinio
2893 3676 3072 3749 tradi,

357 3788 501 3848 age,
571 3770 829 3830 oblitera
876 3769 1006 3841 illa,
1072 3788 1225 3849 qnae
1272 3784 1590 3847 personam
1640 3766 1769 3846 ejus
1819 3764 2118 3835 attinent,
2165 3771 2484 3842 praetextu
2533 3760 2712 3823 facile
2747 3764 2836 3826 nti
2873 3772 3070 3843 potes.

354 3856 515 3939 Ego,
566 3859 679 3919 nisi
730 3868 832 3918 tuo
872 3858 1121 3919 consilio
1169 3857 1256 3918 uti
1302 3856 1664 3928 voluissem,
1712 3872 1860 3915 sane
1905 3851 1982 3913 ad
2009 3853 2204 3931 ipsum
2242 3852 2622 3931 scripsissem
2657 3852 3069 3933 isengrinium.

352 3946 492 4007 Jam
558 3954 699 4033 post
760 3948 979 4007 festum
1046 3946 1309 4007 scribere
1367 3963 1483 4005 non
1550 3962 1816 4024 possum.
1911 3942 2114 4003 Nolim
2174 3948 2401 4014 tamen,
2471 3958 2662 4020 neque
2728 3940 2820 4002 his
2881 3960 3070 4021 neque

358 4036 766 4115 superioribus
816 4044 1045 4109 motus,
1106 4034 1418 4096 abstineas
1466 4035 1545 4095 ab
1600 4053 1699 4107 eo,
1766 4031 1924 4113 qnod
1981 4029 2089 4092 tibi
2140 4030 2362 4090 factum
2424 4031 2730 4111 optimum*
2755 4030 3072 4090 videbitur.

354 4125 540 4201 Nam,
590 4126 689 4205 qni
737 4126 809 4185 de
856 4134 961 4185 tua
1008 4123 1429 4186 benevolentia
1474 4124 1781 4184 minimum
1827 4140 1942 4181 non
1991 4119 2227 4189 dubito,
2275 4136 2390 4179 non
2429 4136 2672 4199 possum
2719 4136 2836 4179 non
2883 4118 3072 4180 vehe-

352 4222 589 4276 menter
630 4214 917 4293 probare,
966 4212 1249 4293 quidquid
1300 4214 1545 4273 tandem
1592 4210 1906 4273 statueriS.
1999 4210 2210 4289 Neque
2258 4208 2474 4286 exiguo
2511 4208 2704 4285 majus
2743 4214 2864 4283 est,
2917 4206 3074 4287 quod

354 4303 429 4362 de
476 4310 538 4364 te
596 4322 804 4383 spem,
865 4320 1041 4383 quam
1099 4303 1173 4364 de
1220 4302 1586 4381 Isengrinio,
1653 4298 1928 4381 quamvis
1989 4296 2156 4359 illum
2222 4297 2366 4357 mihi
2415 4296 2621 4358 favere
2669 4296 2848 4369 dicis,
2915 4296 3074 4377 quod

352 4398 481 4452 tute
532 4394 753 4472 optime
802 4410 982 4453 nosse
1028 4391 1277 4471 poteris

493 4553 627 4605 Huic
648 4551 855 4617 Kepleri
880 4550 1119 4615 epistolae
1152 4549 1485 4614 praecessisse
1518 4546 1710 4597 videtur
1744 4544 1850 4595 alia
1885 4542 2146 4607 explicatio
2179 4542 2446 4593 macis'nae
2481 4556 2605 4593 suae
2641 4542 2888 4599 eoelestis,
2921 4556 3074 4607 quam

350 4640 511 4691 neque
546 4625 600 4673 in
632 4622 888 4672 Hanschio
910 4656 925 4679 ‚
963 4637 1125 4686 neque
1160 4622 1291 4673 inter
1324 4620 1661 4683 manuscripta
1698 4614 2072 4680 Stuttgartiana
2105 4614 2515 4679 deprehendimus
2537 4650 2554 4672 ,
2592 4627 2836 4679 quamque
2873 4621 3072 4664 secutus

350 4695 646 4747 Maestlinus
697 4692 939 4757 judicium
993 4709 1135 4743 suum
1190 4706 1340 4757 supra
1391 4690 1691 4754 propositum
1744 4682 1815 4747 (d.
1857 4686 1904 4735 d.
1946 4682 2030 4734 22.
2071 4684 2212 4735 Febr.
2254 4682 2337 4735 98.
2389 4692 2486 4734 vet.
2540 4680 2678 4748 styli)
2731 4684 3068 4736 conformavit.

353 4766 581 4818 Ceterum
619 4764 885 4829 Keplerus‚
922 4778 1049 4813 novo
1086 4770 1232 4829 capto
1268 4765 1455 4827 impetu
1472 4797 1485 4816 .
1522 4776 1626 4811 rem
1664 4758 1878 4809 alacrius
1914 4758 2062 4821 paulo
2098 4758 2232 4821 post'
2249 4765 2512 4822 aggressus
2549 4762 2642 4813 eat,
2669 4756 2895 4819 pluribus
2931 4772 3072 4807 meu-

348 4848 451 4889 tem
488 4852 631 4888 suam
667 4836 919 4901 explicans
954 4836 1109 4886 literis
1146 4836 1195 4885 d.
1222 4835 1269 4886 d.
1312 4833 1395 4883 11.
1420 4832 1557 4883 Junii
1598 4827 1753 4886 1598,
1788 4843 1930 4893 quas,
1966 4828 2142 4895 lingua
2175 4828 2480 4878 Gemanica
2509 4828 2644 4879 hunc
2679 4828 2732 4877 in
2765 4827 2916 4878 fluam
2945 4842 3070 4878 eon·

350 4912 563 4975 scripta,
600 4917 659 4964 ut
694 4906 825 4959 Duc-i
862 4906 1109 4962 Friderico
1146 4907 1225 4959 vel
1259 4906 1580 4971 Eisengrenio
1617 4900 1960 4959 traderentur,
1995 4898 2088 4951 has
2121 4898 2314 4949 habes:
