<?xml version="1.0" encoding="UTF-8"?>
<!DOCTYPE html PUBLIC "-//W3C//DTD XHTML 1.0 Transitional//EN"
    "http://www.w3.org/TR/xhtml1/DTD/xhtml1-transitional.dtd">
<html xmlns="http://www.w3.org/1999/xhtml" xml:lang="en" lang="en">
 <head>
  <title>
</title>
<meta http-equiv="Content-Type" content="text/html;charset=utf-8" />
  <meta name='ocr-system' content='tesseract 3.04.00' />
  <meta name='ocr-capabilities' content='ocr_page ocr_carea ocr_par ocr_line ocrx_word'/>
</head>
<body>
  <div class='ocr_page' id='page_1' title='image "./joanniskepleria30frisgoog_0242.png"; bbox 0 0 3634 5575; ppageno 0'>
   <div class='ocr_carea' id='block_1_1' title="bbox 1571 396 3097 465">
    <p class='ocr_par' dir='ltr' id='par_1_1' title="bbox 1571 396 3097 465">
     <span class='ocr_line' id='line_1_1' title="bbox 1571 396 3097 465; baseline 0.012 -18"><span class='ocrx_word' id='word_1_1' title='bbox 1571 398 1899 449; x_wconf 70' lang='lat' dir='ltr'><strong>Prooemium.</strong></span> <span class='ocrx_word' id='word_1_2' title='bbox 2882 416 2898 427; x_wconf 95' lang='lat'><strong>·</strong></span> <span class='ocrx_word' id='word_1_3' title='bbox 2966 396 3097 465; x_wconf 80' lang='lat'>223</span> 
     </span>
    </p>
   </div>
   <div class='ocr_carea' id='block_1_2' title="bbox 366 554 3181 1884">
    <p class='ocr_par' dir='ltr' id='par_1_2' title="bbox 366 554 3181 1884">
     <span class='ocr_line' id='line_1_2' title="bbox 371 554 3099 642; baseline 0 -21"><span class='ocrx_word' id='word_1_4' title='bbox 371 560 562 640; x_wconf 87' lang='lat' dir='ltr'>piunt.</span> <span class='ocrx_word' id='word_1_5' title='bbox 657 554 884 618; x_wconf 85' lang='lat' dir='ltr'>Cetera</span> <span class='ocrx_word' id='word_1_6' title='bbox 928 573 1084 637; x_wconf 87' lang='lat' dir='ltr'>quae</span> <span class='ocrx_word' id='word_1_7' title='bbox 1140 556 1406 635; x_wconf 75' lang='lat' dir='ltr'><strong>allegas,</strong></span> <span class='ocrx_word' id='word_1_8' title='bbox 1467 557 1626 617; x_wconf 86' lang='lat' dir='ltr'>levia</span> <span class='ocrx_word' id='word_1_9' title='bbox 1681 564 1857 619; x_wconf 83' lang='lat' dir='ltr'>sunt:</span> <span class='ocrx_word' id='word_1_10' title='bbox 1926 564 2383 638; x_wconf 74' lang='lat' dir='ltr'>praeceptorem</span> <span class='ocrx_word' id='word_1_11' title='bbox 2430 560 2583 635; x_wconf 82' lang='lat' dir='ltr'><strong>dixi,</strong></span> <span class='ocrx_word' id='word_1_12' title='bbox 2642 558 2783 639; x_wconf 89' lang='lat' dir='ltr'>quia</span> <span class='ocrx_word' id='word_1_13' title='bbox 2836 578 2911 621; x_wconf 88' lang='lat' dir='ltr'>ex</span> <span class='ocrx_word' id='word_1_14' title='bbox 2966 561 3099 642; x_wconf 84' lang='lat' dir='ltr'>ejus</span> 
     </span>
     <span class='ocr_line' id='line_1_3' title="bbox 373 644 3100 728; baseline 0 -17"><span class='ocrx_word' id='word_1_15' title='bbox 373 649 526 711; x_wconf 88' lang='lat' dir='ltr'>libro</span> <span class='ocrx_word' id='word_1_16' title='bbox 590 645 794 728; x_wconf 87' lang='lat' dir='ltr'>aliqua</span> <span class='ocrx_word' id='word_1_17' title='bbox 855 646 1176 707; x_wconf 82' lang='lat' dir='ltr'>hauseram</span> <span class='ocrx_word' id='word_1_18' title='bbox 1237 644 1446 707; x_wconf 86' lang='lat' dir='ltr'>utilia:</span> <span class='ocrx_word' id='word_1_19' title='bbox 1515 644 1953 708; x_wconf 88' lang='lat' dir='ltr'>nobilissimum</span> <span class='ocrx_word' id='word_1_20' title='bbox 2012 665 2189 722; x_wconf 83' lang='lat' dir='ltr'>vere,</span> <span class='ocrx_word' id='word_1_21' title='bbox 2276 647 2417 728; x_wconf 88' lang='lat' dir='ltr'>quia</span> <span class='ocrx_word' id='word_1_22' title='bbox 2475 648 2569 709; x_wconf 88' lang='lat' dir='ltr'>his</span> <span class='ocrx_word' id='word_1_23' title='bbox 2643 648 2702 709; x_wconf 88' lang='lat' dir='ltr'>in</span> <span class='ocrx_word' id='word_1_24' title='bbox 2773 648 3100 727; x_wconf 83' lang='lat' dir='ltr'>provinciis</span> 
     </span>
     <span class='ocr_line' id='line_1_4' title="bbox 373 734 3181 820; baseline 0 -20"><span class='ocrx_word' id='word_1_25' title='bbox 373 737 837 800; x_wconf 84' lang='lat' dir='ltr'>Austriacorum</span> <span class='ocrx_word' id='word_1_26' title='bbox 884 734 1194 796; x_wconf 87' lang='lat' dir='ltr'>nobilitati</span> <span class='ocrx_word' id='word_1_27' title='bbox 1243 734 1422 795; x_wconf 84' lang='lat' dir='ltr'>datur</span> <span class='ocrx_word' id='word_1_28' title='bbox 1468 734 1721 797; x_wconf 87' lang='lat' dir='ltr'>eruditio</span> <span class='ocrx_word' id='word_1_29' title='bbox 1779 742 1844 796; x_wconf 86' lang='lat' dir='ltr'>et</span> <span class='ocrx_word' id='word_1_30' title='bbox 1886 754 2099 797; x_wconf 90' lang='lat' dir='ltr'>munus</span> <span class='ocrx_word' id='word_1_31' title='bbox 2147 735 2422 799; x_wconf 88' lang='lat' dir='ltr'>aulicum.</span> <span class='ocrx_word' id='word_1_32' title='bbox 2498 736 2903 820; x_wconf 73' lang='lat' dir='ltr'>Hypotheses</span> <span class='ocrx_word' id='word_1_33' title='bbox 2956 757 3099 801; x_wconf 91' lang='lat' dir='ltr'>vero</span> <span class='ocrx_word' id='word_1_34' title='bbox 3176 748 3181 757; x_wconf 90' lang='lat'><em>&#39;</em></span> 
     </span>
     <span class='ocr_line' id='line_1_5' title="bbox 373 822 3099 907; baseline 0.001 -20"><span class='ocrx_word' id='word_1_35' title='bbox 373 828 502 906; x_wconf 87' lang='lat' dir='ltr'>ejus</span> <span class='ocrx_word' id='word_1_36' title='bbox 549 824 683 898; x_wconf 84' lang='lat' dir='ltr'>feci,</span> <span class='ocrx_word' id='word_1_37' title='bbox 733 824 793 885; x_wconf 92' lang='lat' dir='ltr'>in</span> <span class='ocrx_word' id='word_1_38' title='bbox 843 822 1055 904; x_wconf 89' lang='lat' dir='ltr'>quibus</span> <span class='ocrx_word' id='word_1_39' title='bbox 1105 822 1332 902; x_wconf 89' lang='lat' dir='ltr'>aliquid</span> <span class='ocrx_word' id='word_1_40' title='bbox 1375 824 1655 886; x_wconf 83' lang='lat' dir='ltr'>mutavit.</span> <span class='ocrx_word' id='word_1_41' title='bbox 1749 825 1913 887; x_wconf 90' lang='lat' dir='ltr'>Nam</span> <span class='ocrx_word' id='word_1_42' title='bbox 1959 826 2013 887; x_wconf 88' lang='lat' dir='ltr'>si</span> <span class='ocrx_word' id='word_1_43' title='bbox 2063 825 2215 887; x_wconf 91' lang='lat' dir='ltr'>bene</span> <span class='ocrx_word' id='word_1_44' title='bbox 2256 826 2519 899; x_wconf 89' lang='lat' dir='ltr'>memini,</span> <span class='ocrx_word' id='word_1_45' title='bbox 2566 828 2814 888; x_wconf 80' lang='lat' dir='ltr'>Terram</span> <span class='ocrx_word' id='word_1_46' title='bbox 2860 835 2925 889; x_wconf 92' lang='lat' dir='ltr'>et</span> <span class='ocrx_word' id='word_1_47' title='bbox 2970 827 3099 907; x_wconf 89' lang='lat' dir='ltr'>ipse</span> 
     </span>
     <span class='ocr_line' id='line_1_6' title="bbox 373 912 3101 992; baseline 0.001 -19"><span class='ocrx_word' id='word_1_48' title='bbox 373 916 587 988; x_wconf 80' lang='lat' dir='ltr'>volvit,</span> <span class='ocrx_word' id='word_1_49' title='bbox 649 922 714 974; x_wconf 90' lang='lat' dir='ltr'>et</span> <span class='ocrx_word' id='word_1_50' title='bbox 755 913 818 973; x_wconf 90' lang='lat' dir='ltr'>in</span> <span class='ocrx_word' id='word_1_51' title='bbox 865 912 1088 977; x_wconf 81' lang='lat' dir='ltr'>Martis</span> <span class='ocrx_word' id='word_1_52' title='bbox 1135 912 1358 975; x_wconf 85' lang='lat' dir='ltr'>circulo</span> <span class='ocrx_word' id='word_1_53' title='bbox 1405 912 1740 992; x_wconf 81' lang='lat' dir='ltr'>discrepat,</span> <span class='ocrx_word' id='word_1_54' title='bbox 1811 914 1971 988; x_wconf 87' lang='lat' dir='ltr'>sive,</span> <span class='ocrx_word' id='word_1_55' title='bbox 2020 920 2091 974; x_wconf 92' lang='lat' dir='ltr'>ut</span> <span class='ocrx_word' id='word_1_56' title='bbox 2134 914 2313 986; x_wconf 91' lang='lat' dir='ltr'>dicis,</span> <span class='ocrx_word' id='word_1_57' title='bbox 2374 924 2558 977; x_wconf 89' lang='lat' dir='ltr'>errat.</span> <span class='ocrx_word' id='word_1_58' title='bbox 2652 915 2811 977; x_wconf 91' lang='lat' dir='ltr'>Nam</span> <span class='ocrx_word' id='word_1_59' title='bbox 2858 917 2975 977; x_wconf 87' lang='lat' dir='ltr'>etsi</span> <span class='ocrx_word' id='word_1_60' title='bbox 3022 934 3101 977; x_wconf 88' lang='lat' dir='ltr'>ex</span> 
     </span>
     <span class='ocr_line' id='line_1_7' title="bbox 369 996 3097 1079; baseline -0 -13"><span class='ocrx_word' id='word_1_61' title='bbox 369 1004 700 1066; x_wconf 83' lang='lat' dir='ltr'>Maestlino</span> <span class='ocrx_word' id='word_1_62' title='bbox 750 1001 822 1062; x_wconf 90' lang='lat' dir='ltr'>de</span> <span class='ocrx_word' id='word_1_63' title='bbox 869 1002 984 1063; x_wconf 85' lang='lat' dir='ltr'>hac</span> <span class='ocrx_word' id='word_1_64' title='bbox 1031 1008 1094 1062; x_wconf 89' lang='lat' dir='ltr'>te</span> <span class='ocrx_word' id='word_1_65' title='bbox 1139 1001 1298 1064; x_wconf 88' lang='lat' dir='ltr'>inter</span> <span class='ocrx_word' id='word_1_66' title='bbox 1345 1010 1410 1063; x_wconf 90' lang='lat' dir='ltr'>et</span> <span class='ocrx_word' id='word_1_67' title='bbox 1453 1002 1676 1064; x_wconf 86' lang='lat' dir='ltr'>Ursum</span> <span class='ocrx_word' id='word_1_68' title='bbox 1727 996 2141 1064; x_wconf 80' lang='lat' dir='ltr'>controversia</span> <span class='ocrx_word' id='word_1_69' title='bbox 2196 1003 2338 1065; x_wconf 92' lang='lat' dir='ltr'>olim</span> <span class='ocrx_word' id='word_1_70' title='bbox 2384 1003 2827 1079; x_wconf 87' lang='lat' dir='ltr'>inaudiveram,</span> <span class='ocrx_word' id='word_1_71' title='bbox 2893 1012 3097 1065; x_wconf 85' lang='lat' dir='ltr'>tamen</span> 
     </span>
     <span class='ocr_line' id='line_1_8' title="bbox 369 1090 3098 1173; baseline -0 -18"><span class='ocrx_word' id='word_1_72' title='bbox 369 1113 504 1157; x_wconf 91' lang='lat' dir='ltr'>cum</span> <span class='ocrx_word' id='word_1_73' title='bbox 569 1100 634 1153; x_wconf 90' lang='lat' dir='ltr'>et</span> <span class='ocrx_word' id='word_1_74' title='bbox 689 1090 974 1170; x_wconf 87' lang='lat' dir='ltr'>Maginus</span> <span class='ocrx_word' id='word_1_75' title='bbox 1029 1090 1090 1151; x_wconf 90' lang='lat' dir='ltr'>in</span> <span class='ocrx_word' id='word_1_76' title='bbox 1137 1090 1321 1153; x_wconf 88' lang='lat' dir='ltr'>Italia</span> <span class='ocrx_word' id='word_1_77' title='bbox 1369 1098 1432 1153; x_wconf 93' lang='lat' dir='ltr'>et</span> <span class='ocrx_word' id='word_1_78' title='bbox 1491 1090 1815 1153; x_wconf 88' lang='lat' dir='ltr'>Roeslinus</span> <span class='ocrx_word' id='word_1_79' title='bbox 1882 1092 1941 1153; x_wconf 91' lang='lat' dir='ltr'>in</span> <span class='ocrx_word' id='word_1_80' title='bbox 2008 1091 2259 1153; x_wconf 86' lang='lat' dir='ltr'>Alsatia</span> <span class='ocrx_word' id='word_1_81' title='bbox 2322 1093 2547 1171; x_wconf 82' lang='lat' dir='ltr'>singuli</span> <span class='ocrx_word' id='word_1_82' title='bbox 2610 1112 2717 1173; x_wconf 92' lang='lat' dir='ltr'>pro</span> <span class='ocrx_word' id='word_1_83' title='bbox 2780 1113 2845 1153; x_wconf 88' lang='lat' dir='ltr'>se</span> <span class='ocrx_word' id='word_1_84' title='bbox 2904 1092 3098 1155; x_wconf 87' lang='lat' dir='ltr'>simile</span> 
     </span>
     <span class='ocr_line' id='line_1_9' title="bbox 369 1177 3097 1263; baseline -0 -19"><span class='ocrx_word' id='word_1_85' title='bbox 369 1182 672 1263; x_wconf 80' lang='lat' dir='ltr'>quippiam</span> <span class='ocrx_word' id='word_1_86' title='bbox 723 1198 798 1241; x_wconf 86' lang='lat' dir='ltr'>ex</span> <span class='ocrx_word' id='word_1_87' title='bbox 846 1178 1280 1261; x_wconf 81' lang='lat' dir='ltr'>hypothesibus</span> <span class='ocrx_word' id='word_1_88' title='bbox 1329 1177 1646 1259; x_wconf 88' lang='lat' dir='ltr'>Oopernici</span> <span class='ocrx_word' id='word_1_89' title='bbox 1695 1181 2095 1255; x_wconf 85' lang='lat' dir='ltr'>derivassent,</span> <span class='ocrx_word' id='word_1_90' title='bbox 2148 1180 2575 1243; x_wconf 81' lang='lat' dir='ltr'>existimabam</span> <span class='ocrx_word' id='word_1_91' title='bbox 2623 1182 2785 1243; x_wconf 89' lang='lat' dir='ltr'>idem</span> <span class='ocrx_word' id='word_1_92' title='bbox 2829 1190 2893 1243; x_wconf 87' lang='lat' dir='ltr'>et</span> <span class='ocrx_word' id='word_1_93' title='bbox 2938 1183 3097 1245; x_wconf 91' lang='lat' dir='ltr'>Urso</span> 
     </span>
     <span class='ocr_line' id='line_1_10' title="bbox 367 1263 3097 1351; baseline 0 -20"><span class='ocrx_word' id='word_1_94' title='bbox 367 1271 716 1351; x_wconf 80' lang='lat' dir='ltr'>excogitata</span> <span class='ocrx_word' id='word_1_95' title='bbox 744 1268 1012 1347; x_wconf 81' lang='lat' dir='ltr'>proclive</span> <span class='ocrx_word' id='word_1_96' title='bbox 1041 1268 1252 1331; x_wconf 86' lang='lat' dir='ltr'>fuisse.</span> <span class='ocrx_word' id='word_1_97' title='bbox 1283 1263 1334 1342; x_wconf 84' lang='lat'>²)</span> <span class='ocrx_word' id='word_1_98' title='bbox 1426 1269 1698 1350; x_wconf 88' lang='lat' dir='ltr'>Denique</span> <span class='ocrx_word' id='word_1_99' title='bbox 1731 1270 1889 1349; x_wconf 89' lang='lat' dir='ltr'>quod</span> <span class='ocrx_word' id='word_1_100' title='bbox 1918 1270 2051 1331; x_wconf 86' lang='lat' dir='ltr'>finis</span> <span class='ocrx_word' id='word_1_101' title='bbox 2078 1269 2375 1349; x_wconf 87' lang='lat' dir='ltr'>principio</span> <span class='ocrx_word' id='word_1_102' title='bbox 2426 1270 2759 1349; x_wconf 85' lang='lat' dir='ltr'>respondet</span> <span class='ocrx_word' id='word_1_103' title='bbox 2802 1270 2947 1331; x_wconf 87' lang='lat' dir='ltr'>nihil</span> <span class='ocrx_word' id='word_1_104' title='bbox 2980 1270 3097 1332; x_wconf 89' lang='lat' dir='ltr'>mi-</span> 
     </span>
     <span class='ocr_line' id='line_1_11' title="bbox 369 1356 3095 1439; baseline -0.001 -16"><span class='ocrx_word' id='word_1_105' title='bbox 369 1377 517 1435; x_wconf 90' lang='lat' dir='ltr'>rum,</span> <span class='ocrx_word' id='word_1_106' title='bbox 569 1378 677 1421; x_wconf 91' lang='lat' dir='ltr'>nec</span> <span class='ocrx_word' id='word_1_107' title='bbox 709 1358 834 1418; x_wconf 90' lang='lat' dir='ltr'>ulla</span> <span class='ocrx_word' id='word_1_108' title='bbox 861 1356 921 1418; x_wconf 90' lang='lat' dir='ltr'>in</span> <span class='ocrx_word' id='word_1_109' title='bbox 951 1364 1094 1418; x_wconf 90' lang='lat' dir='ltr'>voto</span> <span class='ocrx_word' id='word_1_110' title='bbox 1123 1356 1501 1437; x_wconf 74' lang='lat' dir='ltr'>improbitaS,</span> <span class='ocrx_word' id='word_1_111' title='bbox 1547 1364 1617 1419; x_wconf 92' lang='lat' dir='ltr'>ut</span> <span class='ocrx_word' id='word_1_112' title='bbox 1644 1357 1893 1431; x_wconf 86' lang='lat' dir='ltr'>„valeat</span> <span class='ocrx_word' id='word_1_113' title='bbox 1940 1358 2239 1421; x_wconf 86' lang='lat' dir='ltr'>sideribus</span> <span class='ocrx_word' id='word_1_114' title='bbox 2271 1367 2334 1420; x_wconf 89' lang='lat' dir='ltr'>et</span> <span class='ocrx_word' id='word_1_115' title='bbox 2370 1358 2727 1420; x_wconf 86' lang='lat' dir='ltr'>scientiae“.</span> <span class='ocrx_word' id='word_1_116' title='bbox 2821 1360 2893 1421; x_wconf 91' lang='lat' dir='ltr'>Id</span> <span class='ocrx_word' id='word_1_117' title='bbox 2924 1358 3095 1439; x_wconf 87' lang='lat' dir='ltr'>equi-</span> 
     </span>
     <span class='ocr_line' id='line_1_12' title="bbox 368 1445 3095 1529; baseline -0.001 -17"><span class='ocrx_word' id='word_1_118' title='bbox 368 1450 504 1512; x_wconf 88' lang='lat' dir='ltr'>dem</span> <span class='ocrx_word' id='word_1_119' title='bbox 552 1448 825 1521; x_wconf 82' lang='lat' dir='ltr'>studeat,</span> <span class='ocrx_word' id='word_1_120' title='bbox 873 1445 1216 1509; x_wconf 89' lang='lat' dir='ltr'>maledictis</span> <span class='ocrx_word' id='word_1_121' title='bbox 1265 1445 1505 1507; x_wconf 90' lang='lat' dir='ltr'>omissis</span> <span class='ocrx_word' id='word_1_122' title='bbox 1553 1454 1617 1507; x_wconf 90' lang='lat' dir='ltr'>et</span> <span class='ocrx_word' id='word_1_123' title='bbox 1669 1466 1831 1509; x_wconf 84' lang='lat' dir='ltr'>vana</span> <span class='ocrx_word' id='word_1_124' title='bbox 1877 1446 2310 1529; x_wconf 81' lang='lat' dir='ltr'>ostentatione.</span> <span class='ocrx_word' id='word_1_125' title='bbox 2402 1447 2649 1521; x_wconf 85' lang='lat' dir='ltr'>„Decus</span> <span class='ocrx_word' id='word_1_126' title='bbox 2697 1452 2901 1509; x_wconf 89' lang='lat' dir='ltr'>autem</span> <span class='ocrx_word' id='word_1_127' title='bbox 2932 1445 3095 1509; x_wconf 88' lang='lat' dir='ltr'>Ger-</span> 
     </span>
     <span class='ocr_line' id='line_1_13' title="bbox 367 1534 3103 1617; baseline -0 -17"><span class='ocrx_word' id='word_1_128' title='bbox 367 1536 654 1603; x_wconf 88' lang='lat' dir='ltr'>maniae“</span> <span class='ocrx_word' id='word_1_129' title='bbox 700 1535 848 1597; x_wconf 87' lang='lat' dir='ltr'>mihi</span> <span class='ocrx_word' id='word_1_130' title='bbox 902 1534 1156 1615; x_wconf 88' lang='lat' dir='ltr'>quilibet</span> <span class='ocrx_word' id='word_1_131' title='bbox 1203 1542 1328 1609; x_wconf 85' lang='lat' dir='ltr'>est,</span> <span class='ocrx_word' id='word_1_132' title='bbox 1389 1535 1487 1597; x_wconf 92' lang='lat' dir='ltr'>cui</span> <span class='ocrx_word' id='word_1_133' title='bbox 1533 1542 1768 1598; x_wconf 86' lang='lat' dir='ltr'>tantum</span> <span class='ocrx_word' id='word_1_134' title='bbox 1815 1536 2041 1611; x_wconf 86' lang='lat' dir='ltr'>tribuo,</span> <span class='ocrx_word' id='word_1_135' title='bbox 2092 1544 2375 1616; x_wconf 86' lang='lat' dir='ltr'>quantum</span> <span class='ocrx_word' id='word_1_136' title='bbox 2406 1536 2495 1599; x_wconf 91' lang='lat' dir='ltr'>illi</span> <span class='ocrx_word' id='word_1_137' title='bbox 2538 1536 2902 1611; x_wconf 86' lang='lat' dir='ltr'>tribuebam,</span> <span class='ocrx_word' id='word_1_138' title='bbox 2960 1537 3103 1617; x_wconf 85' lang='lat' dir='ltr'>quia</span> 
     </span>
     <span class='ocr_line' id='line_1_14' title="bbox 366 1623 3097 1709; baseline -0.002 -19"><span class='ocrx_word' id='word_1_139' title='bbox 366 1646 581 1709; x_wconf 82' lang='lat' dir='ltr'>nempe</span> <span class='ocrx_word' id='word_1_140' title='bbox 649 1624 1102 1687; x_wconf 86' lang='lat' dir='ltr'>mathemata</span> <span class='ocrx_word' id='word_1_141' title='bbox 1165 1642 1408 1687; x_wconf 89' lang='lat' dir='ltr'>verum</span> <span class='ocrx_word' id='word_1_142' title='bbox 1473 1623 1694 1685; x_wconf 89' lang='lat' dir='ltr'>decus</span> <span class='ocrx_word' id='word_1_143' title='bbox 1760 1632 1932 1686; x_wconf 88' lang='lat' dir='ltr'>sunt</span> <span class='ocrx_word' id='word_1_144' title='bbox 1990 1624 2207 1687; x_wconf 88' lang='lat' dir='ltr'>unius</span> <span class='ocrx_word' id='word_1_145' title='bbox 2264 1623 2724 1687; x_wconf 84' lang='lat' dir='ltr'>Germaniae.</span> <span class='ocrx_word' id='word_1_146' title='bbox 2784 1654 2867 1667; x_wconf 90' lang='lat'><em>-</em></span> <span class='ocrx_word' id='word_1_147' title='bbox 2928 1626 3097 1687; x_wconf 88' lang='lat' dir='ltr'>Haec</span> 
     </span>
     <span class='ocr_line' id='line_1_15' title="bbox 368 1713 3092 1797; baseline -0.001 -18"><span class='ocrx_word' id='word_1_148' title='bbox 368 1718 517 1780; x_wconf 90' lang='lat' dir='ltr'>adeo</span> <span class='ocrx_word' id='word_1_149' title='bbox 545 1714 798 1797; x_wconf 81' lang='lat' dir='ltr'>prolixe,</span> <span class='ocrx_word' id='word_1_150' title='bbox 847 1730 980 1773; x_wconf 88' lang='lat' dir='ltr'>cum</span> <span class='ocrx_word' id='word_1_151' title='bbox 1009 1718 1078 1775; x_wconf 87' lang='lat' dir='ltr'>ut</span> <span class='ocrx_word' id='word_1_152' title='bbox 1107 1713 1374 1774; x_wconf 90' lang='lat' dir='ltr'>dolorem</span> <span class='ocrx_word' id='word_1_153' title='bbox 1401 1730 1598 1773; x_wconf 89' lang='lat' dir='ltr'>meum</span> <span class='ocrx_word' id='word_1_154' title='bbox 1646 1721 1912 1775; x_wconf 86' lang='lat' dir='ltr'>testarer</span> <span class='ocrx_word' id='word_1_155' title='bbox 1949 1714 2119 1793; x_wconf 85' lang='lat' dir='ltr'>justa</span> <span class='ocrx_word' id='word_1_156' title='bbox 2158 1714 2419 1795; x_wconf 87' lang='lat' dir='ltr'>querela,</span> <span class='ocrx_word' id='word_1_157' title='bbox 2468 1722 2593 1775; x_wconf 87' lang='lat' dir='ltr'>tum</span> <span class='ocrx_word' id='word_1_158' title='bbox 2640 1722 2708 1775; x_wconf 91' lang='lat' dir='ltr'>ut</span> <span class='ocrx_word' id='word_1_159' title='bbox 2754 1721 3092 1795; x_wconf 87' lang='lat' dir='ltr'>appareret,</span> 
     </span>
     <span class='ocr_line' id='line_1_16' title="bbox 367 1800 3094 1884; baseline -0.003 -14"><span class='ocrx_word' id='word_1_160' title='bbox 367 1805 652 1869; x_wconf 84' lang='lat' dir='ltr'>arbitrari</span> <span class='ocrx_word' id='word_1_161' title='bbox 695 1820 790 1863; x_wconf 90' lang='lat' dir='ltr'>me</span> <span class='ocrx_word' id='word_1_162' title='bbox 839 1821 954 1862; x_wconf 91' lang='lat' dir='ltr'>non</span> <span class='ocrx_word' id='word_1_163' title='bbox 1003 1804 1242 1863; x_wconf 91' lang='lat' dir='ltr'>omnino</span> <span class='ocrx_word' id='word_1_164' title='bbox 1287 1800 1434 1864; x_wconf 89' lang='lat' dir='ltr'>nihil</span> <span class='ocrx_word' id='word_1_165' title='bbox 1485 1802 1562 1863; x_wconf 86' lang='lat' dir='ltr'>ad</span> <span class='ocrx_word' id='word_1_166' title='bbox 1609 1820 1807 1865; x_wconf 90' lang='lat' dir='ltr'>meam</span> <span class='ocrx_word' id='word_1_167' title='bbox 1854 1802 2371 1866; x_wconf 82' lang='lat' dir='ltr'>existimationem</span> <span class='ocrx_word' id='word_1_168' title='bbox 2430 1801 2763 1882; x_wconf 89' lang='lat' dir='ltr'>pertinere,</span> <span class='ocrx_word' id='word_1_169' title='bbox 2827 1803 2983 1884; x_wconf 89' lang='lat' dir='ltr'>quod</span> <span class='ocrx_word' id='word_1_170' title='bbox 3030 1810 3094 1863; x_wconf 89' lang='lat' dir='ltr'>tu</span> 
     </span>
    </p>
   </div>
   <div class='ocr_carea' id='block_1_3' title="bbox 366 1890 3093 2053">
    <p class='ocr_par' dir='ltr' id='par_1_3' title="bbox 366 1890 3093 2053">
     <span class='ocr_line' id='line_1_17' title="bbox 632 1890 883 1954; baseline -0.012 0"><span class='ocrx_word' id='word_1_171' title='bbox 632 1915 661 1954; x_wconf 88' lang='lat' dir='ltr'>s</span> <span class='ocrx_word' id='word_1_172' title='bbox 699 1890 883 1953; x_wconf 88' lang='lat' dir='ltr'>ntias.</span> 
     </span>
     <span class='ocr_line' id='line_1_18' title="bbox 366 1898 3093 2053; baseline -0.001 -8"><span class='ocrx_word' id='word_1_173' title='bbox 366 1898 440 1957; x_wconf 67' lang='lat' dir='ltr'>de</span> <span class='ocrx_word' id='word_1_174' title='bbox 488 1914 644 2045; x_wconf 53' lang='lat' dir='ltr'>mgd</span> <span class='ocrx_word' id='word_1_175' title='bbox 665 1912 1041 2053; x_wconf 63' lang='lat' dir='ltr'>eextremum,</span> <span class='ocrx_word' id='word_1_176' title='bbox 1091 1986 1344 2036; x_wconf 76' lang='lat' dir='ltr'>concludit</span> <span class='ocrx_word' id='word_1_177' title='bbox 1379 1986 1652 2050; x_wconf 85' lang='lat' dir='ltr'>Keplerus‚</span> <span class='ocrx_word' id='word_1_178' title='bbox 1693 1987 1758 2036; x_wconf 88' lang='lat' dir='ltr'>ad</span> <span class='ocrx_word' id='word_1_179' title='bbox 1794 1986 2121 2036; x_wconf 78' lang='lat' dir='ltr'>Maestlinum</span> <span class='ocrx_word' id='word_1_180' title='bbox 2156 1988 2363 2051; x_wconf 85' lang='lat' dir='ltr'>loquens</span> <span class='ocrx_word' id='word_1_181' title='bbox 2382 2022 2396 2047; x_wconf 89' lang='lat'>,</span> <span class='ocrx_word' id='word_1_182' title='bbox 2454 1978 2690 2052; x_wconf 77' lang='lat' dir='ltr'>addidi,</span> <span class='ocrx_word' id='word_1_183' title='bbox 2740 1997 2853 2040; x_wconf 88' lang='lat' dir='ltr'>non</span> <span class='ocrx_word' id='word_1_184' title='bbox 2902 1979 3093 2041; x_wconf 69' lang='lat' dir='ltr'>videri</span> 
     </span>
    </p>
   </div>
   <div class='ocr_carea' id='block_1_4' title="bbox 363 2066 3094 2237">
    <p class='ocr_par' dir='ltr' id='par_1_4' title="bbox 363 2066 3094 2237">
     <span class='ocr_line' id='line_1_19' title="bbox 365 2066 3092 2155; baseline -0.003 -19"><span class='ocrx_word' id='word_1_185' title='bbox 365 2076 610 2155; x_wconf 88' lang='lat' dir='ltr'>dignum</span> <span class='ocrx_word' id='word_1_186' title='bbox 659 2069 958 2152; x_wconf 86' lang='lat' dir='ltr'>Tychonis</span> <span class='ocrx_word' id='word_1_187' title='bbox 1005 2067 1452 2147; x_wconf 86' lang='lat' dir='ltr'>magnitudine,</span> <span class='ocrx_word' id='word_1_188' title='bbox 1519 2075 1588 2128; x_wconf 86' lang='lat' dir='ltr'>ut</span> <span class='ocrx_word' id='word_1_189' title='bbox 1636 2075 1759 2128; x_wconf 88' lang='lat' dir='ltr'>tam</span> <span class='ocrx_word' id='word_1_190' title='bbox 1807 2068 2207 2129; x_wconf 88' lang='lat' dir='ltr'>vehementer</span> <span class='ocrx_word' id='word_1_191' title='bbox 2252 2067 2328 2128; x_wconf 93' lang='lat' dir='ltr'>ob</span> <span class='ocrx_word' id='word_1_192' title='bbox 2384 2067 2539 2127; x_wconf 87' lang='lat' dir='ltr'>hanc</span> <span class='ocrx_word' id='word_1_193' title='bbox 2595 2066 3092 2129; x_wconf 86' lang='lat' dir='ltr'>obtrectationem</span> 
     </span>
     <span class='ocr_line' id='line_1_20' title="bbox 363 2156 3094 2237; baseline -0.004 -10"><span class='ocrx_word' id='word_1_194' title='bbox 363 2167 828 2227; x_wconf 85' lang='lat' dir='ltr'>commoveatur.</span> <span class='ocrx_word' id='word_1_195' title='bbox 926 2157 1200 2219; x_wconf 81' lang='lat' dir='ltr'>Patiatur</span> <span class='ocrx_word' id='word_1_196' title='bbox 1247 2156 1450 2236; x_wconf 90' lang='lat' dir='ltr'>potius</span> <span class='ocrx_word' id='word_1_197' title='bbox 1497 2174 1683 2235; x_wconf 87' lang='lat' dir='ltr'>opera</span> <span class='ocrx_word' id='word_1_198' title='bbox 1730 2176 1837 2235; x_wconf 90' lang='lat' dir='ltr'>pro</span> <span class='ocrx_word' id='word_1_199' title='bbox 1888 2164 2147 2236; x_wconf 89' lang='lat' dir='ltr'>utroque</span> <span class='ocrx_word' id='word_1_200' title='bbox 2196 2156 2379 2236; x_wconf 90' lang='lat' dir='ltr'>loqui,</span> <span class='ocrx_word' id='word_1_201' title='bbox 2426 2175 2697 2231; x_wconf 77' lang='lat' dir='ltr'>securUS,</span> <span class='ocrx_word' id='word_1_202' title='bbox 2747 2156 2888 2237; x_wconf 89' lang='lat' dir='ltr'>quid</span> <span class='ocrx_word' id='word_1_203' title='bbox 2932 2156 3094 2217; x_wconf 89' lang='lat' dir='ltr'>docti</span> 
     </span>
    </p>
   </div>
   <div class='ocr_carea' id='block_1_5' title="bbox 365 2251 788 2315">
    <p class='ocr_par' dir='ltr' id='par_1_5' title="bbox 365 2251 788 2315">
     <span class='ocr_line' id='line_1_21' title="bbox 365 2251 788 2315; baseline -0.019 0"><span class='ocrx_word' id='word_1_204' title='bbox 365 2252 600 2315; x_wconf 88' lang='lat' dir='ltr'>sensuri</span> <span class='ocrx_word' id='word_1_205' title='bbox 647 2251 788 2313; x_wconf 90' lang='lat' dir='ltr'>sint.</span> 
     </span>
    </p>
   </div>
   <div class='ocr_carea' id='block_1_6' title="bbox 338 2414 3093 4998">
    <p class='ocr_par' dir='ltr' id='par_1_6' title="bbox 360 2414 3092 2560">
     <span class='ocr_line' id='line_1_22' title="bbox 505 2414 3091 2490; baseline -0.003 -13"><span class='ocrx_word' id='word_1_206' title='bbox 505 2424 710 2490; x_wconf 78' lang='lat' dir='ltr'>Tycho</span> <span class='ocrx_word' id='word_1_207' title='bbox 745 2424 822 2474; x_wconf 91' lang='lat' dir='ltr'>his</span> <span class='ocrx_word' id='word_1_208' title='bbox 859 2422 1064 2485; x_wconf 85' lang='lat' dir='ltr'>Kepleri</span> <span class='ocrx_word' id='word_1_209' title='bbox 1097 2420 1250 2469; x_wconf 84' lang='lat' dir='ltr'>literis</span> <span class='ocrx_word' id='word_1_210' title='bbox 1285 2418 1538 2482; x_wconf 80' lang='lat' dir='ltr'>respondit</span> <span class='ocrx_word' id='word_1_211' title='bbox 1575 2414 1646 2479; x_wconf 82' lang='lat' dir='ltr'>(d.</span> <span class='ocrx_word' id='word_1_212' title='bbox 1687 2416 1736 2467; x_wconf 72' lang='lat'>8.</span> <span class='ocrx_word' id='word_1_213' title='bbox 1775 2419 1902 2469; x_wconf 88' lang='lat' dir='ltr'>Dec.</span> <span class='ocrx_word' id='word_1_214' title='bbox 1944 2416 2109 2481; x_wconf 70' lang='lat'><strong>1588)</strong></span> <span class='ocrx_word' id='word_1_215' title='bbox 2156 2418 2375 2483; x_wconf 85' lang='lat' dir='ltr'>pluribus</span> <span class='ocrx_word' id='word_1_216' title='bbox 2392 2454 2406 2477; x_wconf 91' lang='lat'>,</span> <span class='ocrx_word' id='word_1_217' title='bbox 2450 2433 2654 2483; x_wconf 84' lang='lat' dir='ltr'>quorum</span> <span class='ocrx_word' id='word_1_218' title='bbox 2702 2432 2793 2478; x_wconf 88' lang='lat' dir='ltr'>ea,</span> <span class='ocrx_word' id='word_1_219' title='bbox 2848 2432 2977 2483; x_wconf 85' lang='lat' dir='ltr'>quae</span> <span class='ocrx_word' id='word_1_220' title='bbox 3024 2420 3091 2470; x_wconf 83' lang='lat' dir='ltr'>ad</span> 
     </span>
     <span class='ocr_line' id='line_1_23' title="bbox 360 2486 3092 2560; baseline -0.003 -12"><span class='ocrx_word' id='word_1_221' title='bbox 360 2500 684 2551; x_wconf 85' lang='lat' dir='ltr'>Prodromum</span> <span class='ocrx_word' id='word_1_222' title='bbox 717 2497 966 2560; x_wconf 83' lang='lat' dir='ltr'>pertinent</span> <span class='ocrx_word' id='word_1_223' title='bbox 980 2526 994 2549; x_wconf 86' lang='lat'><strong>‚</strong></span> <span class='ocrx_word' id='word_1_224' title='bbox 1033 2504 1182 2555; x_wconf 85' lang='lat' dir='ltr'>supra</span> <span class='ocrx_word' id='word_1_225' title='bbox 1229 2490 1534 2539; x_wconf 79' lang='lat' dir='ltr'>exhibuimus</span> <span class='ocrx_word' id='word_1_226' title='bbox 1581 2486 1720 2555; x_wconf 83' lang='lat' dir='ltr'>(pag.</span> <span class='ocrx_word' id='word_1_227' title='bbox 1760 2487 1828 2537; x_wconf 76' lang='lat'>46</span> <span class='ocrx_word' id='word_1_228' title='bbox 1865 2488 1979 2553; x_wconf 87' lang='lat' dir='ltr'>sq.).</span> <span class='ocrx_word' id='word_1_229' title='bbox 2059 2490 2201 2550; x_wconf 86' lang='lat' dir='ltr'>Quae</span> <span class='ocrx_word' id='word_1_230' title='bbox 2236 2490 2333 2539; x_wconf 87' lang='lat' dir='ltr'>huc</span> <span class='ocrx_word' id='word_1_231' title='bbox 2370 2492 2619 2553; x_wconf 81' lang='lat' dir='ltr'>pertinent</span> <span class='ocrx_word' id='word_1_232' title='bbox 2637 2528 2650 2551; x_wconf 91' lang='lat'>,</span> <span class='ocrx_word' id='word_1_233' title='bbox 2706 2490 2897 2541; x_wconf 83' lang='lat' dir='ltr'>haecce</span> <span class='ocrx_word' id='word_1_234' title='bbox 2943 2498 3092 2541; x_wconf 88' lang='lat' dir='ltr'>sunt:</span> 
     </span>
    </p>

    <p class='ocr_par' dir='ltr' id='par_1_7' title="bbox 361 2560 3093 3061">
     <span class='ocr_line' id='line_1_24' title="bbox 507 2560 3093 2633; baseline -0.002 -14"><span class='ocrx_word' id='word_1_235' title='bbox 507 2568 917 2633; x_wconf 85' lang='lat' dir='ltr'>Exoptatissimas</span> <span class='ocrx_word' id='word_1_236' title='bbox 943 2570 996 2613; x_wconf 90' lang='lat' dir='ltr'>et</span> <span class='ocrx_word' id='word_1_237' title='bbox 1020 2563 1372 2613; x_wconf 86' lang='lat' dir='ltr'>eruditissimas</span> <span class='ocrx_word' id='word_1_238' title='bbox 1407 2568 1520 2609; x_wconf 87' lang='lat' dir='ltr'>tuas</span> <span class='ocrx_word' id='word_1_239' title='bbox 1555 2562 1741 2617; x_wconf 88' lang='lat' dir='ltr'>literas,</span> <span class='ocrx_word' id='word_1_240' title='bbox 1769 2560 1859 2610; x_wconf 89' lang='lat' dir='ltr'>Vir</span> <span class='ocrx_word' id='word_1_241' title='bbox 1882 2561 2199 2617; x_wconf 84' lang='lat' dir='ltr'>Doctissime,</span> <span class='ocrx_word' id='word_1_242' title='bbox 2238 2567 2291 2610; x_wconf 88' lang='lat' dir='ltr'>et</span> <span class='ocrx_word' id='word_1_243' title='bbox 2314 2563 2376 2611; x_wconf 92' lang='lat' dir='ltr'>ob</span> <span class='ocrx_word' id='word_1_244' title='bbox 2401 2562 2604 2610; x_wconf 85' lang='lat' dir='ltr'>eximias</span> <span class='ocrx_word' id='word_1_245' title='bbox 2628 2563 2817 2627; x_wconf 84' lang='lat' dir='ltr'>ingenii</span> <span class='ocrx_word' id='word_1_246' title='bbox 2842 2564 2913 2612; x_wconf 90' lang='lat' dir='ltr'>tui</span> <span class='ocrx_word' id='word_1_247' title='bbox 2933 2563 3093 2613; x_wconf 88' lang='lat' dir='ltr'>-dotes</span> 
     </span>
     <span class='ocr_line' id='line_1_25' title="bbox 364 2629 3089 2705; baseline -0.002 -14"><span class='ocrx_word' id='word_1_248' title='bbox 364 2642 505 2705; x_wconf 87' lang='lat' dir='ltr'>(licet</span> <span class='ocrx_word' id='word_1_249' title='bbox 533 2642 594 2691; x_wconf 89' lang='lat' dir='ltr'>de</span> <span class='ocrx_word' id='word_1_250' title='bbox 619 2640 750 2689; x_wconf 77' lang='lat' dir='ltr'>facie</span> <span class='ocrx_word' id='word_1_251' title='bbox 775 2638 896 2687; x_wconf 90' lang='lat' dir='ltr'>mihi</span> <span class='ocrx_word' id='word_1_252' title='bbox 913 2634 1128 2685; x_wconf 86' lang='lat' dir='ltr'>necdum</span> <span class='ocrx_word' id='word_1_253' title='bbox 1157 2629 1380 2698; x_wconf 76' lang='lat' dir='ltr'>cognite)</span> <span class='ocrx_word' id='word_1_254' title='bbox 1405 2632 1662 2695; x_wconf 89' lang='lat' dir='ltr'>plurimum</span> <span class='ocrx_word' id='word_1_255' title='bbox 1687 2638 1859 2681; x_wconf 85' lang='lat' dir='ltr'>tamen</span> <span class='ocrx_word' id='word_1_256' title='bbox 1884 2633 2088 2693; x_wconf 88' lang='lat' dir='ltr'>dilecte,</span> <span class='ocrx_word' id='word_1_257' title='bbox 2128 2634 2299 2695; x_wconf 88' lang='lat' dir='ltr'>accepi</span> <span class='ocrx_word' id='word_1_258' title='bbox 2335 2633 2665 2696; x_wconf 85' lang='lat' dir='ltr'>praecedente</span> <span class='ocrx_word' id='word_1_259' title='bbox 2693 2638 2887 2683; x_wconf 82' lang='lat' dir='ltr'>aestate</span> <span class='ocrx_word' id='word_1_260' title='bbox 2910 2634 3089 2685; x_wconf 86' lang='lat' dir='ltr'>Witte·</span> 
     </span>
     <span class='ocr_line' id='line_1_26' title="bbox 361 2703 3091 2779; baseline -0.002 -15"><span class='ocrx_word' id='word_1_261' title='bbox 361 2716 563 2779; x_wconf 84' lang='lat' dir='ltr'>bergae,</span> <span class='ocrx_word' id='word_1_262' title='bbox 600 2711 749 2776; x_wconf 88' lang='lat' dir='ltr'>paulo</span> <span class='ocrx_word' id='word_1_263' title='bbox 789 2714 1056 2771; x_wconf 87' lang='lat' dir='ltr'>antequam</span> <span class='ocrx_word' id='word_1_264' title='bbox 1093 2706 1207 2754; x_wconf 88' lang='lat' dir='ltr'>inde</span> <span class='ocrx_word' id='word_1_265' title='bbox 1245 2704 1568 2761; x_wconf 84' lang='lat' dir='ltr'>discederem,</span> <span class='ocrx_word' id='word_1_266' title='bbox 1609 2718 1717 2753; x_wconf 91' lang='lat' dir='ltr'>cum</span> <span class='ocrx_word' id='word_1_267' title='bbox 1755 2706 1806 2753; x_wconf 90' lang='lat' dir='ltr'>in</span> <span class='ocrx_word' id='word_1_268' title='bbox 1846 2706 2103 2767; x_wconf 87' lang='lat' dir='ltr'>procinctu</span> <span class='ocrx_word' id='word_1_269' title='bbox 2142 2718 2301 2754; x_wconf 87' lang='lat' dir='ltr'>essem</span> <span class='ocrx_word' id='word_1_270' title='bbox 2338 2706 2529 2754; x_wconf 82' lang='lat' dir='ltr'>itineris</span> <span class='ocrx_word' id='word_1_271' title='bbox 2550 2703 2820 2755; x_wconf 87' lang='lat' dir='ltr'>Bohemici.</span> <span class='ocrx_word' id='word_1_272' title='bbox 2878 2704 3091 2771; x_wconf 73' lang='lat' dir='ltr'>Ideoque</span> 
     </span>
     <span class='ocr_line' id='line_1_27' title="bbox 363 2770 3092 2846; baseline -0.004 -9"><span class='ocrx_word' id='word_1_273' title='bbox 363 2795 470 2837; x_wconf 85' lang='lat' dir='ltr'>tum</span> <span class='ocrx_word' id='word_1_274' title='bbox 507 2787 569 2834; x_wconf 84' lang='lat' dir='ltr'>iis</span> <span class='ocrx_word' id='word_1_275' title='bbox 605 2779 933 2846; x_wconf 79' lang='lat' dir='ltr'>respondendi</span> <span class='ocrx_word' id='word_1_276' title='bbox 967 2777 1104 2828; x_wconf 80' lang='lat' dir='ltr'>nulla</span> <span class='ocrx_word' id='word_1_277' title='bbox 1143 2776 1358 2826; x_wconf 84' lang='lat' dir='ltr'>dabatur</span> <span class='ocrx_word' id='word_1_278' title='bbox 1404 2778 1773 2839; x_wconf 64' lang='lat' dir='ltr'>opportunitati,</span> <span class='ocrx_word' id='word_1_279' title='bbox 1830 2778 1903 2825; x_wconf 86' lang='lat' dir='ltr'>uti</span> <span class='ocrx_word' id='word_1_280' title='bbox 1948 2770 2127 2840; x_wconf 76' lang='lat' dir='ltr'>neque‘</span> <span class='ocrx_word' id='word_1_281' title='bbox 2154 2782 2329 2841; x_wconf 79' lang='lat' dir='ltr'>postea</span> <span class='ocrx_word' id='word_1_282' title='bbox 2374 2791 2529 2841; x_wconf 88' lang='lat' dir='ltr'>usque</span> <span class='ocrx_word' id='word_1_283' title='bbox 2577 2778 2628 2826; x_wconf 88' lang='lat' dir='ltr'>in</span> <span class='ocrx_word' id='word_1_284' title='bbox 2670 2777 2765 2827; x_wconf 91' lang='lat' dir='ltr'>hoc</span> <span class='ocrx_word' id='word_1_285' title='bbox 2801 2782 2992 2842; x_wconf 83' lang='lat' dir='ltr'>tempus</span> <span class='ocrx_word' id='word_1_286' title='bbox 3030 2776 3092 2845; x_wconf 71' lang='lat' dir='ltr'>qb</span> 
     </span>
     <span class='ocr_line' id='line_1_28' title="bbox 361 2847 3089 2913; baseline -0.004 -4"><span class='ocrx_word' id='word_1_287' title='bbox 361 2872 524 2909; x_wconf 88' lang='lat' dir='ltr'>rerum</span> <span class='ocrx_word' id='word_1_288' title='bbox 561 2869 782 2904; x_wconf 87' lang='lat' dir='ltr'>mearum</span> <span class='ocrx_word' id='word_1_289' title='bbox 818 2849 1230 2907; x_wconf 80' lang='lat' dir='ltr'>vicissitudinem,</span> <span class='ocrx_word' id='word_1_290' title='bbox 1284 2855 1336 2898; x_wconf 88' lang='lat' dir='ltr'>et</span> <span class='ocrx_word' id='word_1_291' title='bbox 1381 2861 1562 2896; x_wconf 84' lang='lat' dir='ltr'>novum</span> <span class='ocrx_word' id='word_1_292' title='bbox 1607 2848 1876 2897; x_wconf 74' lang='lat' dir='ltr'>earundem</span> <span class='ocrx_word' id='word_1_293' title='bbox 1926 2850 1976 2897; x_wconf 92' lang='lat' dir='ltr'>in</span> <span class='ocrx_word' id='word_1_294' title='bbox 2022 2847 2143 2897; x_wconf 88' lang='lat' dir='ltr'>locis</span> <span class='ocrx_word' id='word_1_295' title='bbox 2188 2849 2456 2913; x_wconf 81' lang='lat' dir='ltr'>peregrinis</span> <span class='ocrx_word' id='word_1_296' title='bbox 2508 2855 2819 2912; x_wconf 88' lang='lat' dir='ltr'>apparatum.</span> <span class='ocrx_word' id='word_1_297' title='bbox 2896 2849 3089 2899; x_wconf 84' lang='lat' dir='ltr'>Nactus</span> 
     </span>
     <span class='ocr_line' id='line_1_29' title="bbox 369 2919 3091 2990; baseline -0.004 -10"><span class='ocrx_word' id='word_1_298' title='bbox 369 2937 540 2980; x_wconf 88' lang='lat' dir='ltr'>autem</span> <span class='ocrx_word' id='word_1_299' title='bbox 574 2928 680 2990; x_wconf 87' lang='lat' dir='ltr'>jam</span> <span class='ocrx_word' id='word_1_300' title='bbox 719 2921 1080 2988; x_wconf 87' lang='lat' dir='ltr'>aliquantulum</span> <span class='ocrx_word' id='word_1_301' title='bbox 1117 2919 1221 2976; x_wconf 90' lang='lat' dir='ltr'>otii,</span> <span class='ocrx_word' id='word_1_302' title='bbox 1259 2922 1363 2968; x_wconf 69' lang='lat' dir='ltr'>una</span> <span class='ocrx_word' id='word_1_303' title='bbox 1399 2933 1509 2968; x_wconf 89' lang='lat' dir='ltr'>cum</span> <span class='ocrx_word' id='word_1_304' title='bbox 1544 2920 1774 2968; x_wconf 82' lang='lat' dir='ltr'>mittendi</span> <span class='ocrx_word' id='word_1_305' title='bbox 1801 2919 1866 2969; x_wconf 91' lang='lat' dir='ltr'>ad</span> <span class='ocrx_word' id='word_1_306' title='bbox 1890 2925 1942 2968; x_wconf 91' lang='lat' dir='ltr'>te</span> <span class='ocrx_word' id='word_1_307' title='bbox 1966 2933 2105 2968; x_wconf 87' lang='lat' dir='ltr'>meas</span> <span class='ocrx_word' id='word_1_308' title='bbox 2132 2919 2498 2978; x_wconf 84' lang='lat' dir='ltr'>commoditate,</span> <span class='ocrx_word' id='word_1_309' title='bbox 2534 2935 2634 2968; x_wconf 90' lang='lat' dir='ltr'>non</span> <span class='ocrx_word' id='word_1_310' title='bbox 2670 2919 2851 2969; x_wconf 85' lang='lat' dir='ltr'>diutius</span> <span class='ocrx_word' id='word_1_311' title='bbox 2885 2921 3091 2984; x_wconf 86' lang='lat' dir='ltr'>rescrip-</span> 
     </span>
     <span class='ocr_line' id='line_1_30' title="bbox 363 2991 2996 3061; baseline -0.012 -10"><span class='ocrx_word' id='word_1_312' title='bbox 363 3001 496 3051; x_wconf 86' lang='lat' dir='ltr'>tione</span> <span class='ocrx_word' id='word_1_313' title='bbox 533 2996 952 3061; x_wconf 82' lang='lat' dir='ltr'>supersedendum</span> <span class='ocrx_word' id='word_1_314' title='bbox 990 2991 1257 3040; x_wconf 86' lang='lat' dir='ltr'>arbitratus</span> <span class='ocrx_word' id='word_1_315' title='bbox 1295 3005 1418 3039; x_wconf 86' lang='lat' dir='ltr'>sum.</span> <span class='ocrx_word' id='word_1_316' title='bbox 2902 3015 2907 3022; x_wconf 88' lang='lat'>.</span> <span class='ocrx_word' id='word_1_317' title='bbox 2992 3029 2996 3035; x_wconf 31' lang='lat'>¹</span> 
     </span>
    </p>

    <p class='ocr_par' dir='ltr' id='par_1_8' title="bbox 338 3059 3090 4998">
     <span class='ocr_line' id='line_1_31' title="bbox 505 3059 3088 3130; baseline -0.004 -11"><span class='ocrx_word' id='word_1_318' title='bbox 505 3070 650 3130; x_wconf 85' lang='lat' dir='ltr'>Quae</span> <span class='ocrx_word' id='word_1_319' title='bbox 687 3069 750 3117; x_wconf 91' lang='lat' dir='ltr'>ab</span> <span class='ocrx_word' id='word_1_320' title='bbox 784 3067 924 3115; x_wconf 88' lang='lat' dir='ltr'>initio</span> <span class='ocrx_word' id='word_1_321' title='bbox 961 3063 1023 3113; x_wconf 84' lang='lat' dir='ltr'>de</span> <span class='ocrx_word' id='word_1_322' title='bbox 1059 3061 1370 3111; x_wconf 78' lang='lat' dir='ltr'>maleseriato</span> <span class='ocrx_word' id='word_1_323' title='bbox 1416 3061 1512 3108; x_wconf 86' lang='lat' dir='ltr'>isto</span> <span class='ocrx_word' id='word_1_324' title='bbox 1549 3061 1676 3110; x_wconf 87' lang='lat' dir='ltr'>Urso</span> <span class='ocrx_word' id='word_1_325' title='bbox 1722 3061 1796 3110; x_wconf 90' lang='lat' dir='ltr'>tui</span> <span class='ocrx_word' id='word_1_326' title='bbox 1834 3059 2077 3126; x_wconf 84' lang='lat' dir='ltr'>purgandi</span> <span class='ocrx_word' id='word_1_327' title='bbox 2126 3073 2281 3109; x_wconf 89' lang='lat' dir='ltr'>causa</span> <span class='ocrx_word' id='word_1_328' title='bbox 2326 3060 2513 3123; x_wconf 79' lang='lat' dir='ltr'>prolixe</span> <span class='ocrx_word' id='word_1_329' title='bbox 2562 3075 2941 3118; x_wconf 84' lang='lat' dir='ltr'>commemoras,</span> <span class='ocrx_word' id='word_1_330' title='bbox 2988 3075 3088 3109; x_wconf 88' lang='lat' dir='ltr'>non</span> 
     </span>
     <span class='ocr_line' id='line_1_32' title="bbox 362 3131 3089 3208; baseline -0.004 -14"><span class='ocrx_word' id='word_1_331' title='bbox 362 3143 589 3208; x_wconf 79' lang='lat' dir='ltr'>equidem</span> <span class='ocrx_word' id='word_1_332' title='bbox 623 3145 701 3188; x_wconf 88' lang='lat' dir='ltr'>tot</span> <span class='ocrx_word' id='word_1_333' title='bbox 735 3139 896 3188; x_wconf 76' lang='lat' dir='ltr'>verbis</span> <span class='ocrx_word' id='word_1_334' title='bbox 935 3141 986 3185; x_wconf 88' lang='lat' dir='ltr'>et</span> <span class='ocrx_word' id='word_1_335' title='bbox 1022 3139 1126 3182; x_wconf 88' lang='lat' dir='ltr'>tam</span> <span class='ocrx_word' id='word_1_336' title='bbox 1165 3132 1410 3197; x_wconf 84' lang='lat' dir='ltr'>exquisita</span> <span class='ocrx_word' id='word_1_337' title='bbox 1445 3131 1787 3181; x_wconf 84' lang='lat' dir='ltr'>declaratione</span> <span class='ocrx_word' id='word_1_338' title='bbox 1824 3133 2167 3198; x_wconf 83' lang='lat' dir='ltr'>indiguissent,</span> <span class='ocrx_word' id='word_1_339' title='bbox 2208 3145 2319 3180; x_wconf 86' lang='lat' dir='ltr'>cum</span> <span class='ocrx_word' id='word_1_340' title='bbox 2354 3132 2565 3195; x_wconf 86' lang='lat' dir='ltr'>ipsemet</span> <span class='ocrx_word' id='word_1_341' title='bbox 2602 3132 2727 3182; x_wconf 85' lang='lat' dir='ltr'>alias</span> <span class='ocrx_word' id='word_1_342' title='bbox 2750 3139 2803 3182; x_wconf 91' lang='lat' dir='ltr'>te</span> <span class='ocrx_word' id='word_1_343' title='bbox 2838 3134 2961 3182; x_wconf 86' lang='lat' dir='ltr'>satis</span> <span class='ocrx_word' id='word_1_344' title='bbox 2999 3146 3089 3182; x_wconf 88' lang='lat' dir='ltr'>ex-</span> 
     </span>
     <span class='ocr_line' id='line_1_33' title="bbox 362 3203 3089 3270; baseline -0.005 -5"><span class='ocrx_word' id='word_1_345' title='bbox 362 3221 592 3265; x_wconf 84' lang='lat' dir='ltr'>cusatum</span> <span class='ocrx_word' id='word_1_346' title='bbox 625 3210 842 3260; x_wconf 88' lang='lat' dir='ltr'>habeam</span> <span class='ocrx_word' id='word_1_347' title='bbox 877 3205 1094 3270; x_wconf 86' lang='lat' dir='ltr'>nihilque</span> <span class='ocrx_word' id='word_1_348' title='bbox 1132 3205 1221 3254; x_wconf 88' lang='lat' dir='ltr'>tibi</span> <span class='ocrx_word' id='word_1_349' title='bbox 1257 3205 1520 3268; x_wconf 87' lang='lat' dir='ltr'>imputem,</span> <span class='ocrx_word' id='word_1_350' title='bbox 1557 3204 1686 3266; x_wconf 88' lang='lat' dir='ltr'>qnod</span> <span class='ocrx_word' id='word_1_351' title='bbox 1721 3205 1764 3252; x_wconf 87' lang='lat' dir='ltr'>is</span> <span class='ocrx_word' id='word_1_352' title='bbox 1799 3204 1969 3252; x_wconf 87' lang='lat' dir='ltr'>literas</span> <span class='ocrx_word' id='word_1_353' title='bbox 2006 3209 2147 3260; x_wconf 89' lang='lat' dir='ltr'>tuas,</span> <span class='ocrx_word' id='word_1_354' title='bbox 2188 3209 2240 3251; x_wconf 88' lang='lat' dir='ltr'>et</span> <span class='ocrx_word' id='word_1_355' title='bbox 2276 3216 2363 3252; x_wconf 86' lang='lat' dir='ltr'>eas</span> <span class='ocrx_word' id='word_1_356' title='bbox 2398 3203 2623 3267; x_wconf 87' lang='lat' dir='ltr'>quidem,</span> <span class='ocrx_word' id='word_1_357' title='bbox 2662 3205 2735 3252; x_wconf 88' lang='lat' dir='ltr'>uti</span> <span class='ocrx_word' id='word_1_358' title='bbox 2771 3219 2902 3254; x_wconf 88' lang='lat' dir='ltr'>nunc</span> <span class='ocrx_word' id='word_1_359' title='bbox 2940 3219 3001 3254; x_wconf 91' lang='lat' dir='ltr'>ex</span> <span class='ocrx_word' id='word_1_360' title='bbox 3036 3210 3089 3253; x_wconf 87' lang='lat' dir='ltr'>te</span> 
     </span>
     <span class='ocr_line' id='line_1_34' title="bbox 359 3273 3089 3349; baseline -0.004 -14"><span class='ocrx_word' id='word_1_361' title='bbox 359 3287 594 3349; x_wconf 85' lang='lat' dir='ltr'>percipio,</span> <span class='ocrx_word' id='word_1_362' title='bbox 632 3282 888 3332; x_wconf 88' lang='lat' dir='ltr'>mutilatas</span> <span class='ocrx_word' id='word_1_363' title='bbox 927 3285 979 3327; x_wconf 88' lang='lat' dir='ltr'>et</span> <span class='ocrx_word' id='word_1_364' title='bbox 1015 3277 1339 3340; x_wconf 84' lang='lat' dir='ltr'>depravatas,</span> <span class='ocrx_word' id='word_1_365' title='bbox 1379 3275 1452 3323; x_wconf 88' lang='lat' dir='ltr'>sni</span> <span class='ocrx_word' id='word_1_366' title='bbox 1492 3275 1699 3324; x_wconf 87' lang='lat' dir='ltr'>ornandi</span> <span class='ocrx_word' id='word_1_367' title='bbox 1751 3289 1929 3334; x_wconf 88' lang='lat' dir='ltr'>causa,</span> <span class='ocrx_word' id='word_1_368' title='bbox 1983 3288 2100 3323; x_wconf 87' lang='lat' dir='ltr'>nam</span> <span class='ocrx_word' id='word_1_369' title='bbox 2144 3275 2217 3324; x_wconf 90' lang='lat' dir='ltr'>sic</span> <span class='ocrx_word' id='word_1_370' title='bbox 2252 3273 2377 3323; x_wconf 77' lang='lat' dir='ltr'>forte</span> <span class='ocrx_word' id='word_1_371' title='bbox 2414 3289 2535 3338; x_wconf 87' lang='lat' dir='ltr'>opus</span> <span class='ocrx_word' id='word_1_372' title='bbox 2570 3273 2770 3332; x_wconf 89' lang='lat' dir='ltr'>habuit,</span> <span class='ocrx_word' id='word_1_373' title='bbox 2819 3277 2911 3324; x_wconf 89' lang='lat' dir='ltr'>isto</span> <span class='ocrx_word' id='word_1_374' title='bbox 2958 3276 3089 3341; x_wconf 91' lang='lat' dir='ltr'>quod</span> 
     </span>
     <span class='ocr_line' id='line_1_35' title="bbox 360 3342 3088 3421; baseline -0.005 -14"><span class='ocrx_word' id='word_1_375' title='bbox 360 3357 610 3421; x_wconf 76' lang='lat' dir='ltr'>evulgavit</span> <span class='ocrx_word' id='word_1_376' title='bbox 647 3352 836 3404; x_wconf 85' lang='lat' dir='ltr'>scurrili</span> <span class='ocrx_word' id='word_1_377' title='bbox 873 3355 924 3399; x_wconf 85' lang='lat' dir='ltr'>et</span> <span class='ocrx_word' id='word_1_378' title='bbox 958 3349 1225 3398; x_wconf 87' lang='lat' dir='ltr'>maledicto</span> <span class='ocrx_word' id='word_1_379' title='bbox 1263 3348 1469 3409; x_wconf 89' lang='lat' dir='ltr'>scripto,</span> <span class='ocrx_word' id='word_1_380' title='bbox 1523 3351 1572 3394; x_wconf 90' lang='lat' dir='ltr'>te</span> <span class='ocrx_word' id='word_1_381' title='bbox 1619 3345 1774 3395; x_wconf 88' lang='lat' dir='ltr'>inscio</span> <span class='ocrx_word' id='word_1_382' title='bbox 1826 3353 1877 3395; x_wconf 88' lang='lat' dir='ltr'>et</span> <span class='ocrx_word' id='word_1_383' title='bbox 1922 3347 2075 3394; x_wconf 80' lang='lat' dir='ltr'>invito</span> <span class='ocrx_word' id='word_1_384' title='bbox 2112 3347 2387 3394; x_wconf 86' lang='lat' dir='ltr'>inseruerit.</span> <span class='ocrx_word' id='word_1_385' title='bbox 2462 3342 2543 3394; x_wconf 87' lang='lat' dir='ltr'>De</span> <span class='ocrx_word' id='word_1_386' title='bbox 2578 3345 2928 3408; x_wconf 83' lang='lat' dir='ltr'>hypothesibus</span> <span class='ocrx_word' id='word_1_387' title='bbox 2962 3347 3088 3396; x_wconf 88' lang='lat' dir='ltr'>meis</span> 
     </span>
     <span class='ocr_line' id='line_1_36' title="bbox 359 3415 3090 3490; baseline -0.004 -13"><span class='ocrx_word' id='word_1_388' title='bbox 359 3427 422 3476; x_wconf 89' lang='lat' dir='ltr'>ab</span> <span class='ocrx_word' id='word_1_389' title='bbox 458 3429 543 3476; x_wconf 89' lang='lat' dir='ltr'>illo</span> <span class='ocrx_word' id='word_1_390' title='bbox 579 3425 852 3490; x_wconf 87' lang='lat' dir='ltr'>praereptis</span> <span class='ocrx_word' id='word_1_391' title='bbox 889 3427 940 3470; x_wconf 91' lang='lat' dir='ltr'>et</span> <span class='ocrx_word' id='word_1_392' title='bbox 975 3435 1063 3484; x_wconf 90' lang='lat' dir='ltr'>pro</span> <span class='ocrx_word' id='word_1_393' title='bbox 1101 3420 1202 3467; x_wconf 87' lang='lat' dir='ltr'>suis</span> <span class='ocrx_word' id='word_1_394' title='bbox 1240 3417 1507 3467; x_wconf 84' lang='lat' dir='ltr'>venditatis</span> <span class='ocrx_word' id='word_1_395' title='bbox 1545 3431 1644 3465; x_wconf 89' lang='lat' dir='ltr'>non</span> <span class='ocrx_word' id='word_1_396' title='bbox 1683 3421 1832 3466; x_wconf 86' lang='lat' dir='ltr'>tanta</span> <span class='ocrx_word' id='word_1_397' title='bbox 1873 3423 2005 3466; x_wconf 91' lang='lat' dir='ltr'>esset</span> <span class='ocrx_word' id='word_1_398' title='bbox 2041 3417 2280 3480; x_wconf 84' lang='lat' dir='ltr'>quaestio.</span> <span class='ocrx_word' id='word_1_399' title='bbox 2319 3417 2415 3463; x_wconf 85' lang='lat' dir='ltr'>nisi</span> <span class='ocrx_word' id='word_1_400' title='bbox 2450 3417 2503 3464; x_wconf 90' lang='lat' dir='ltr'>in</span> <span class='ocrx_word' id='word_1_401' title='bbox 2538 3415 2633 3464; x_wconf 87' lang='lat' dir='ltr'>isto</span> <span class='ocrx_word' id='word_1_402' title='bbox 2670 3417 3001 3466; x_wconf 78' lang='lat' dir='ltr'>inverecundo</span> <span class='ocrx_word' id='word_1_403' title='bbox 3037 3423 3090 3466; x_wconf 89' lang='lat' dir='ltr'>et</span> 
     </span>
     <span class='ocr_line' id='line_1_37' title="bbox 357 3487 3086 3564; baseline -0.004 -16"><span class='ocrx_word' id='word_1_404' title='bbox 357 3498 606 3564; x_wconf 79' lang='lat' dir='ltr'>figmentis</span> <span class='ocrx_word' id='word_1_405' title='bbox 645 3503 796 3561; x_wconf 86' lang='lat' dir='ltr'>atque</span> <span class='ocrx_word' id='word_1_406' title='bbox 834 3491 1093 3544; x_wconf 87' lang='lat' dir='ltr'>calumniis</span> <span class='ocrx_word' id='word_1_407' title='bbox 1131 3495 1360 3539; x_wconf 82' lang='lat' dir='ltr'>scatente</span> <span class='ocrx_word' id='word_1_408' title='bbox 1397 3488 1517 3537; x_wconf 89' lang='lat' dir='ltr'>libro</span> <span class='ocrx_word' id='word_1_409' title='bbox 1553 3487 1788 3536; x_wconf 89' lang='lat' dir='ltr'>honorem</span> <span class='ocrx_word' id='word_1_410' title='bbox 1826 3494 1879 3536; x_wconf 90' lang='lat' dir='ltr'>et</span> <span class='ocrx_word' id='word_1_411' title='bbox 1915 3488 2327 3535; x_wconf 86' lang='lat' dir='ltr'>existimationem</span> <span class='ocrx_word' id='word_1_412' title='bbox 2350 3499 2533 3542; x_wconf 86' lang='lat' dir='ltr'>meam,</span> <span class='ocrx_word' id='word_1_413' title='bbox 2572 3487 2671 3535; x_wconf 89' lang='lat' dir='ltr'>imo</span> <span class='ocrx_word' id='word_1_414' title='bbox 2706 3489 2939 3550; x_wconf 86' lang='lat' dir='ltr'>patriam,</span> <span class='ocrx_word' id='word_1_415' title='bbox 2976 3503 3086 3560; x_wconf 64' lang='lat' dir='ltr'>pro:</span> 
     </span>
     <span class='ocr_line' id='line_1_38' title="bbox 353 3556 3089 3633; baseline -0.004 -14"><span class='ocrx_word' id='word_1_416' title='bbox 353 3572 566 3633; x_wconf 87' lang='lat' dir='ltr'>sapiam,</span> <span class='ocrx_word' id='word_1_417' title='bbox 605 3569 802 3618; x_wconf 84' lang='lat' dir='ltr'>domum</span> <span class='ocrx_word' id='word_1_418' title='bbox 835 3561 1248 3620; x_wconf 85' lang='lat' dir='ltr'>honestissimam,</span> <span class='ocrx_word' id='word_1_419' title='bbox 1285 3559 1716 3622; x_wconf 88' lang='lat' dir='ltr'>impudentissimis</span> <span class='ocrx_word' id='word_1_420' title='bbox 1755 3563 1808 3606; x_wconf 89' lang='lat' dir='ltr'>et</span> <span class='ocrx_word' id='word_1_421' title='bbox 1853 3557 2211 3606; x_wconf 84' lang='lat' dir='ltr'>scelestissimis</span> <span class='ocrx_word' id='word_1_422' title='bbox 2246 3556 2521 3605; x_wconf 86' lang='lat' dir='ltr'>mendaciis</span> <span class='ocrx_word' id='word_1_423' title='bbox 2537 3592 2550 3614; x_wconf 95' lang='lat'>,</span> <span class='ocrx_word' id='word_1_424' title='bbox 2590 3559 2780 3607; x_wconf 88' lang='lat' dir='ltr'>scurrili</span> <span class='ocrx_word' id='word_1_425' title='bbox 2818 3565 2871 3608; x_wconf 89' lang='lat' dir='ltr'>et</span> <span class='ocrx_word' id='word_1_426' title='bbox 2901 3571 3089 3608; x_wconf 76' lang='lat' dir='ltr'>vesano</span> 
     </span>
     <span class='ocr_line' id='line_1_39' title="bbox 357 3627 3085 3698; baseline -0.006 -6"><span class='ocrx_word' id='word_1_427' title='bbox 357 3643 554 3692; x_wconf 85' lang='lat' dir='ltr'>calamo</span> <span class='ocrx_word' id='word_1_428' title='bbox 595 3639 854 3694; x_wconf 87' lang='lat' dir='ltr'>arrodere,</span> <span class='ocrx_word' id='word_1_429' title='bbox 905 3642 957 3686; x_wconf 89' lang='lat' dir='ltr'>et</span> <span class='ocrx_word' id='word_1_430' title='bbox 1001 3640 1242 3698; x_wconf 86' lang='lat' dir='ltr'>quantum</span> <span class='ocrx_word' id='word_1_431' title='bbox 1278 3633 1329 3680; x_wconf 87' lang='lat' dir='ltr'>in</span> <span class='ocrx_word' id='word_1_432' title='bbox 1367 3633 1472 3695; x_wconf 88' lang='lat' dir='ltr'>ipso</span> <span class='ocrx_word' id='word_1_433' title='bbox 1511 3635 1588 3679; x_wconf 85' lang='lat' dir='ltr'>est</span> <span class='ocrx_word' id='word_1_434' title='bbox 1625 3628 1883 3678; x_wconf 77' lang='lat' dir='ltr'>defamare</span> <span class='ocrx_word' id='word_1_435' title='bbox 1918 3642 2019 3678; x_wconf 88' lang='lat' dir='ltr'>non</span> <span class='ocrx_word' id='word_1_436' title='bbox 2066 3627 2365 3684; x_wconf 86' lang='lat' dir='ltr'>erubuisset,</span> <span class='ocrx_word' id='word_1_437' title='bbox 2412 3642 2522 3676; x_wconf 85' lang='lat' dir='ltr'>cum</span> <span class='ocrx_word' id='word_1_438' title='bbox 2560 3635 2731 3677; x_wconf 83' lang='lat' dir='ltr'>tamen</span> <span class='ocrx_word' id='word_1_439' title='bbox 2767 3630 2975 3690; x_wconf 87' lang='lat' dir='ltr'>ipsemet</span> <span class='ocrx_word' id='word_1_440' title='bbox 3011 3629 3085 3677; x_wconf 79' lang='lat' dir='ltr'>fa-</span> 
     </span>
     <span class='ocr_line' id='line_1_40' title="bbox 357 3699 3086 3774; baseline -0.005 -12"><span class='ocrx_word' id='word_1_441' title='bbox 357 3719 526 3762; x_wconf 85' lang='lat' dir='ltr'>teatur</span> <span class='ocrx_word' id='word_1_442' title='bbox 561 3713 612 3761; x_wconf 89' lang='lat' dir='ltr'>in</span> <span class='ocrx_word' id='word_1_443' title='bbox 651 3709 986 3774; x_wconf 80' lang='lat' dir='ltr'>praefatione,</span> <span class='ocrx_word' id='word_1_444' title='bbox 1025 3719 1106 3754; x_wconf 89' lang='lat' dir='ltr'>me</span> <span class='ocrx_word' id='word_1_445' title='bbox 1143 3705 1270 3754; x_wconf 90' lang='lat' dir='ltr'>bene</span> <span class='ocrx_word' id='word_1_446' title='bbox 1310 3717 1418 3751; x_wconf 77' lang='lat' dir='ltr'>esse</span> <span class='ocrx_word' id='word_1_447' title='bbox 1456 3702 1517 3751; x_wconf 89' lang='lat' dir='ltr'>de</span> <span class='ocrx_word' id='word_1_448' title='bbox 1556 3701 1636 3749; x_wconf 92' lang='lat' dir='ltr'>illo</span> <span class='ocrx_word' id='word_1_449' title='bbox 1674 3701 1932 3754; x_wconf 78' lang='lat' dir='ltr'>meritum,</span> <span class='ocrx_word' id='word_1_450' title='bbox 1973 3707 2025 3749; x_wconf 89' lang='lat' dir='ltr'>et</span> <span class='ocrx_word' id='word_1_451' title='bbox 2061 3699 2204 3748; x_wconf 87' lang='lat' dir='ltr'>adest</span> <span class='ocrx_word' id='word_1_452' title='bbox 2239 3699 2357 3747; x_wconf 89' lang='lat' dir='ltr'>mihi</span> <span class='ocrx_word' id='word_1_453' title='bbox 2396 3712 2595 3748; x_wconf 88' lang='lat' dir='ltr'>carmen</span> <span class='ocrx_word' id='word_1_454' title='bbox 2634 3699 2878 3763; x_wconf 84' lang='lat' dir='ltr'>quoddam</span> <span class='ocrx_word' id='word_1_455' title='bbox 2917 3700 3086 3761; x_wconf 89' lang='lat' dir='ltr'>ipsius,</span> 
     </span>
     <span class='ocr_line' id='line_1_41' title="bbox 355 3769 3085 3844; baseline -0.006 -10"><span class='ocrx_word' id='word_1_456' title='bbox 355 3785 476 3834; x_wconf 88' lang='lat' dir='ltr'>licet</span> <span class='ocrx_word' id='word_1_457' title='bbox 498 3782 688 3832; x_wconf 88' lang='lat' dir='ltr'>insulsa</span> <span class='ocrx_word' id='word_1_458' title='bbox 726 3779 822 3844; x_wconf 87' lang='lat' dir='ltr'>(uti</span> <span class='ocrx_word' id='word_1_459' title='bbox 849 3775 996 3838; x_wconf 87' lang='lat' dir='ltr'>solet)</span> <span class='ocrx_word' id='word_1_460' title='bbox 1037 3789 1165 3824; x_wconf 84' lang='lat' dir='ltr'>vena</span> <span class='ocrx_word' id='word_1_461' title='bbox 1201 3774 1466 3830; x_wconf 83' lang='lat' dir='ltr'>effutitum,</span> <span class='ocrx_word' id='word_1_462' title='bbox 1509 3773 1796 3836; x_wconf 82' lang='lat' dir='ltr'>propriaque</span> <span class='ocrx_word' id='word_1_463' title='bbox 1838 3774 1944 3833; x_wconf 84' lang='lat' dir='ltr'>ejus</span> <span class='ocrx_word' id='word_1_464' title='bbox 1978 3786 2133 3820; x_wconf 87' lang='lat' dir='ltr'>manu</span> <span class='ocrx_word' id='word_1_465' title='bbox 2157 3771 2407 3833; x_wconf 86' lang='lat' dir='ltr'>scriptum,</span> <span class='ocrx_word' id='word_1_466' title='bbox 2446 3785 2541 3835; x_wconf 90' lang='lat' dir='ltr'>quo</span> <span class='ocrx_word' id='word_1_467' title='bbox 2578 3769 2698 3818; x_wconf 87' lang='lat' dir='ltr'>mihi</span> <span class='ocrx_word' id='word_1_468' title='bbox 2734 3771 2925 3834; x_wconf 84' lang='lat' dir='ltr'>gratias</span> <span class='ocrx_word' id='word_1_469' title='bbox 2963 3771 3085 3834; x_wconf 83' lang='lat' dir='ltr'>agit,</span> 
     </span>
     <span class='ocr_line' id='line_1_42' title="bbox 357 3842 3087 3920; baseline -0.005 -16"><span class='ocrx_word' id='word_1_470' title='bbox 357 3855 488 3920; x_wconf 87' lang='lat' dir='ltr'>quod</span> <span class='ocrx_word' id='word_1_471' title='bbox 523 3869 624 3903; x_wconf 88' lang='lat' dir='ltr'>non</span> <span class='ocrx_word' id='word_1_472' title='bbox 661 3853 839 3902; x_wconf 87' lang='lat' dir='ltr'>saltem</span> <span class='ocrx_word' id='word_1_473' title='bbox 875 3865 964 3914; x_wconf 89' lang='lat' dir='ltr'>per</span> <span class='ocrx_word' id='word_1_474' title='bbox 997 3847 1246 3912; x_wconf 87' lang='lat' dir='ltr'>plusculos</span> <span class='ocrx_word' id='word_1_475' title='bbox 1283 3846 1422 3902; x_wconf 85' lang='lat' dir='ltr'>dies,</span> <span class='ocrx_word' id='word_1_476' title='bbox 1464 3857 1574 3894; x_wconf 90' lang='lat' dir='ltr'>cum</span> <span class='ocrx_word' id='word_1_477' title='bbox 1615 3844 1879 3906; x_wconf 86' lang='lat' dir='ltr'>aliquando</span> <span class='ocrx_word' id='word_1_478' title='bbox 1918 3842 2215 3906; x_wconf 88' lang='lat' dir='ltr'>Uraniburgi</span> <span class='ocrx_word' id='word_1_479' title='bbox 2254 3842 2385 3904; x_wconf 88' lang='lat' dir='ltr'>apud</span> <span class='ocrx_word' id='word_1_480' title='bbox 2421 3857 2501 3891; x_wconf 89' lang='lat' dir='ltr'>me</span> <span class='ocrx_word' id='word_1_481' title='bbox 2540 3847 2694 3897; x_wconf 86' lang='lat' dir='ltr'>esset,</span> <span class='ocrx_word' id='word_1_482' title='bbox 2734 3842 2842 3890; x_wconf 90' lang='lat' dir='ltr'>cibo</span> <span class='ocrx_word' id='word_1_483' title='bbox 2880 3846 2933 3890; x_wconf 88' lang='lat' dir='ltr'>et</span> <span class='ocrx_word' id='word_1_484' title='bbox 2966 3847 3087 3904; x_wconf 90' lang='lat' dir='ltr'>potu</span> 
     </span>
     <span class='ocr_line' id='line_1_43' title="bbox 357 3908 3086 3990; baseline -0.006 -14"><span class='ocrx_word' id='word_1_485' title='bbox 357 3927 494 3976; x_wconf 88' lang='lat' dir='ltr'>illum</span> <span class='ocrx_word' id='word_1_486' title='bbox 529 3925 735 3990; x_wconf 81' lang='lat' dir='ltr'>largiter</span> <span class='ocrx_word' id='word_1_487' title='bbox 785 3923 1019 3978; x_wconf 84' lang='lat' dir='ltr'>aluerim,</span> <span class='ocrx_word' id='word_1_488' title='bbox 1074 3917 1163 3967; x_wconf 89' lang='lat' dir='ltr'>sed</span> <span class='ocrx_word' id='word_1_489' title='bbox 1212 3923 1266 3965; x_wconf 89' lang='lat' dir='ltr'>et</span> <span class='ocrx_word' id='word_1_490' title='bbox 1312 3919 1514 3980; x_wconf 86' lang='lat' dir='ltr'>insuper</span> <span class='ocrx_word' id='word_1_491' title='bbox 1562 3914 1837 3964; x_wconf 89' lang='lat' dir='ltr'>discedenti</span> <span class='ocrx_word' id='word_1_492' title='bbox 1882 3915 2118 3977; x_wconf 88' lang='lat' dir='ltr'>pecunias</span> <span class='ocrx_word' id='word_1_493' title='bbox 2164 3913 2396 3962; x_wconf 89' lang='lat' dir='ltr'>dederim.</span> <span class='ocrx_word' id='word_1_494' title='bbox 2426 3908 2469 3974; x_wconf 79' lang='lat'>⁸)</span> <span class='ocrx_word' id='word_1_495' title='bbox 2544 3911 2620 3963; x_wconf 87' lang='lat' dir='ltr'>En</span> <span class='ocrx_word' id='word_1_496' title='bbox 2656 3912 2851 3976; x_wconf 85' lang='lat' dir='ltr'>qualem</span> <span class='ocrx_word' id='word_1_497' title='bbox 2888 3927 2973 3976; x_wconf 89' lang='lat' dir='ltr'>pro</span> <span class='ocrx_word' id='word_1_498' title='bbox 3009 3911 3086 3960; x_wconf 88' lang='lat' dir='ltr'>his</span> 
     </span>
     <span class='ocr_line' id='line_1_44' title="bbox 360 3983 3087 4062; baseline -0.006 -13"><span class='ocrx_word' id='word_1_499' title='bbox 360 4005 510 4062; x_wconf 80' lang='lat' dir='ltr'>atque</span> <span class='ocrx_word' id='word_1_500' title='bbox 551 3998 658 4046; x_wconf 86' lang='lat' dir='ltr'>aliis</span> <span class='ocrx_word' id='word_1_501' title='bbox 693 3997 846 4046; x_wconf 84' lang='lat' dir='ltr'>refert</span> <span class='ocrx_word' id='word_1_502' title='bbox 880 3984 1132 4058; x_wconf 87' lang='lat' dir='ltr'>gratiam!</span> <span class='ocrx_word' id='word_1_503' title='bbox 1210 3985 1538 4037; x_wconf 87' lang='lat' dir='ltr'>Occasionem</span> <span class='ocrx_word' id='word_1_504' title='bbox 1575 3987 1748 4034; x_wconf 82' lang='lat' dir='ltr'>sumsit</span> <span class='ocrx_word' id='word_1_505' title='bbox 1783 3985 1955 4034; x_wconf 90' lang='lat' dir='ltr'>horum</span> <span class='ocrx_word' id='word_1_506' title='bbox 1995 3985 2343 4040; x_wconf 82' lang='lat' dir='ltr'>convitiorum,</span> <span class='ocrx_word' id='word_1_507' title='bbox 2396 3985 2525 4048; x_wconf 92' lang='lat' dir='ltr'>quod</span> <span class='ocrx_word' id='word_1_508' title='bbox 2561 3986 2612 4032; x_wconf 92' lang='lat' dir='ltr'>in</span> <span class='ocrx_word' id='word_1_509' title='bbox 2650 3983 2689 4033; x_wconf 94' lang='lat'>1.</span> <span class='ocrx_word' id='word_1_510' title='bbox 2728 3989 2895 4033; x_wconf 90' lang='lat' dir='ltr'>nostro</span> <span class='ocrx_word' id='word_1_511' title='bbox 2933 3983 3087 4032; x_wconf 89' lang='lat' dir='ltr'>Tomo</span> 
     </span>
     <span class='ocr_line' id='line_1_45' title="bbox 357 4055 3085 4133; baseline -0.005 -15"><span class='ocrx_word' id='word_1_512' title='bbox 357 4069 689 4133; x_wconf 84' lang='lat' dir='ltr'>Epistularum</span> <span class='ocrx_word' id='word_1_513' title='bbox 727 4065 1182 4115; x_wconf 81' lang='lat' dir='ltr'>Astronomicarum</span> <span class='ocrx_word' id='word_1_514' title='bbox 1222 4065 1358 4108; x_wconf 88' lang='lat' dir='ltr'>extet</span> <span class='ocrx_word' id='word_1_515' title='bbox 1396 4057 1511 4106; x_wconf 89' lang='lat' dir='ltr'>Chr.</span> <span class='ocrx_word' id='word_1_516' title='bbox 1551 4057 1857 4105; x_wconf 86' lang='lat' dir='ltr'>Rothmanni</span> <span class='ocrx_word' id='word_1_517' title='bbox 1907 4056 2147 4118; x_wconf 82' lang='lat' dir='ltr'>epistola,</span> <span class='ocrx_word' id='word_1_518' title='bbox 2200 4057 2253 4104; x_wconf 89' lang='lat' dir='ltr'>iu</span> <span class='ocrx_word' id='word_1_519' title='bbox 2301 4069 2400 4119; x_wconf 88' lang='lat' dir='ltr'>qua</span> <span class='ocrx_word' id='word_1_520' title='bbox 2437 4055 2615 4104; x_wconf 87' lang='lat' dir='ltr'>Ursum</span> <span class='ocrx_word' id='word_1_521' title='bbox 2652 4057 2799 4104; x_wconf 88' lang='lat' dir='ltr'>istum</span> <span class='ocrx_word' id='word_1_522' title='bbox 2844 4056 3085 4118; x_wconf 88' lang='lat' dir='ltr'>impurum</span> 
     </span>
     <span class='ocr_line' id='line_1_46' title="bbox 357 4127 3085 4200; baseline -0.005 -11"><span class='ocrx_word' id='word_1_523' title='bbox 357 4148 506 4189; x_wconf 80' lang='lat' dir='ltr'>vocat</span> <span class='ocrx_word' id='word_1_524' title='bbox 539 4138 850 4196; x_wconf 86' lang='lat' dir='ltr'>nebulonem,</span> <span class='ocrx_word' id='word_1_525' title='bbox 890 4135 1050 4200; x_wconf 86' lang='lat' dir='ltr'>qualis</span> <span class='ocrx_word' id='word_1_526' title='bbox 1089 4131 1220 4180; x_wconf 87' lang='lat' dir='ltr'>enim</span> <span class='ocrx_word' id='word_1_527' title='bbox 1259 4137 1394 4178; x_wconf 89' lang='lat' dir='ltr'>esset</span> <span class='ocrx_word' id='word_1_528' title='bbox 1427 4131 1478 4178; x_wconf 86' lang='lat' dir='ltr'>in</span> <span class='ocrx_word' id='word_1_529' title='bbox 1517 4128 1634 4177; x_wconf 88' lang='lat' dir='ltr'>aula</span> <span class='ocrx_word' id='word_1_530' title='bbox 1670 4129 1743 4175; x_wconf 88' lang='lat' dir='ltr'>sui</span> <span class='ocrx_word' id='word_1_531' title='bbox 1771 4128 2005 4190; x_wconf 85' lang='lat' dir='ltr'>principis</span> <span class='ocrx_word' id='word_1_532' title='bbox 2030 4129 2142 4191; x_wconf 85' lang='lat' dir='ltr'>ipsa</span> <span class='ocrx_word' id='word_1_533' title='bbox 2167 4127 2469 4190; x_wconf 86' lang='lat' dir='ltr'>experientia</span> <span class='ocrx_word' id='word_1_534' title='bbox 2493 4127 2714 4183; x_wconf 88' lang='lat' dir='ltr'>edoctus,</span> <span class='ocrx_word' id='word_1_535' title='bbox 2752 4132 2858 4175; x_wconf 83' lang='lat' dir='ltr'>tum</span> <span class='ocrx_word' id='word_1_536' title='bbox 2894 4141 3085 4190; x_wconf 87' lang='lat' dir='ltr'>quoque</span> 
     </span>
     <span class='ocr_line' id='line_1_47' title="bbox 357 4193 3081 4263; baseline -0.005 -3"><span class='ocrx_word' id='word_1_537' title='bbox 357 4211 602 4260; x_wconf 86' lang='lat' dir='ltr'>relatione</span> <span class='ocrx_word' id='word_1_538' title='bbox 641 4209 845 4258; x_wconf 87' lang='lat' dir='ltr'>aliorum</span> <span class='ocrx_word' id='word_1_539' title='bbox 882 4221 942 4256; x_wconf 89' lang='lat' dir='ltr'>ex</span> <span class='ocrx_word' id='word_1_540' title='bbox 977 4207 1036 4254; x_wconf 86' lang='lat' dir='ltr'>iis</span> <span class='ocrx_word' id='word_1_541' title='bbox 1072 4193 1212 4258; x_wconf 89' lang='lat' dir='ltr'>locis,</span> <span class='ocrx_word' id='word_1_542' title='bbox 1251 4201 1334 4249; x_wconf 87' lang='lat' dir='ltr'>ubi</span> <span class='ocrx_word' id='word_1_543' title='bbox 1373 4206 1528 4250; x_wconf 88' lang='lat' dir='ltr'>antea</span> <span class='ocrx_word' id='word_1_544' title='bbox 1563 4201 1767 4248; x_wconf 79' lang='lat' dir='ltr'>vixerat.</span> <span class='ocrx_word' id='word_1_545' title='bbox 1828 4199 1933 4263; x_wconf 88' lang='lat' dir='ltr'>Ego</span> <span class='ocrx_word' id='word_1_546' title='bbox 1970 4213 2085 4248; x_wconf 80' lang='lat' dir='ltr'>vero</span> <span class='ocrx_word' id='word_1_547' title='bbox 2120 4199 2173 4246; x_wconf 89' lang='lat' dir='ltr'>iu</span> <span class='ocrx_word' id='word_1_548' title='bbox 2210 4198 2311 4246; x_wconf 87' lang='lat' dir='ltr'>alia</span> <span class='ocrx_word' id='word_1_549' title='bbox 2346 4198 2561 4263; x_wconf 88' lang='lat' dir='ltr'>quadam</span> <span class='ocrx_word' id='word_1_550' title='bbox 2600 4198 2663 4247; x_wconf 93' lang='lat' dir='ltr'>ad</span> <span class='ocrx_word' id='word_1_551' title='bbox 2701 4197 2889 4247; x_wconf 89' lang='lat' dir='ltr'>dictum</span> <span class='ocrx_word' id='word_1_552' title='bbox 2924 4195 3081 4246; x_wconf 85' lang='lat' dir='ltr'>Roth-</span> 
     </span>
     <span class='ocr_line' id='line_1_48' title="bbox 357 4269 3083 4344; baseline -0.006 -13"><span class='ocrx_word' id='word_1_553' title='bbox 357 4296 597 4331; x_wconf 87' lang='lat' dir='ltr'>mannum</span> <span class='ocrx_word' id='word_1_554' title='bbox 636 4279 845 4344; x_wconf 84' lang='lat' dir='ltr'>epistola</span> <span class='ocrx_word' id='word_1_555' title='bbox 881 4278 932 4326; x_wconf 89' lang='lat' dir='ltr'>id</span> <span class='ocrx_word' id='word_1_556' title='bbox 969 4277 1150 4326; x_wconf 85' lang='lat' dir='ltr'>saltem</span> <span class='ocrx_word' id='word_1_557' title='bbox 1185 4273 1434 4321; x_wconf 82' lang='lat' dir='ltr'>mimetice</span> <span class='ocrx_word' id='word_1_558' title='bbox 1471 4271 1628 4320; x_wconf 80' lang='lat' dir='ltr'>refero</span> <span class='ocrx_word' id='word_1_559' title='bbox 1667 4276 1719 4320; x_wconf 89' lang='lat' dir='ltr'>et</span> <span class='ocrx_word' id='word_1_560' title='bbox 1753 4269 1897 4319; x_wconf 87' lang='lat' dir='ltr'>simul</span> <span class='ocrx_word' id='word_1_561' title='bbox 1933 4270 2145 4327; x_wconf 87' lang='lat' dir='ltr'>insinuo,</span> <span class='ocrx_word' id='word_1_562' title='bbox 2184 4283 2277 4334; x_wconf 89' lang='lat' dir='ltr'>quo</span> <span class='ocrx_word' id='word_1_563' title='bbox 2305 4269 2415 4318; x_wconf 84' lang='lat' dir='ltr'>dolo</span> <span class='ocrx_word' id='word_1_564' title='bbox 2440 4269 2684 4333; x_wconf 85' lang='lat' dir='ltr'>quaedam</span> <span class='ocrx_word' id='word_1_565' title='bbox 2712 4283 2773 4318; x_wconf 91' lang='lat' dir='ltr'>ex</span> <span class='ocrx_word' id='word_1_566' title='bbox 2794 4269 2919 4316; x_wconf 87' lang='lat' dir='ltr'>meis</span> <span class='ocrx_word' id='word_1_567' title='bbox 2946 4269 3083 4316; x_wconf 85' lang='lat' dir='ltr'>clan-</span> 
     </span>
     <span class='ocr_line' id='line_1_49' title="bbox 358 4338 3084 4412; baseline -0.006 -10"><span class='ocrx_word' id='word_1_568' title='bbox 358 4354 525 4403; x_wconf 85' lang='lat' dir='ltr'>culum</span> <span class='ocrx_word' id='word_1_569' title='bbox 561 4352 902 4406; x_wconf 83' lang='lat' dir='ltr'>subtraxerat,</span> <span class='ocrx_word' id='word_1_570' title='bbox 953 4361 1155 4412; x_wconf 90' lang='lat' dir='ltr'>quorum</span> <span class='ocrx_word' id='word_1_571' title='bbox 1191 4342 1430 4392; x_wconf 89' lang='lat' dir='ltr'>nonnulla</span> <span class='ocrx_word' id='word_1_572' title='bbox 1464 4343 1653 4406; x_wconf 88' lang='lat' dir='ltr'>recepi,</span> <span class='ocrx_word' id='word_1_573' title='bbox 1703 4355 1831 4405; x_wconf 90' lang='lat' dir='ltr'>quae</span> <span class='ocrx_word' id='word_1_574' title='bbox 1871 4341 2139 4394; x_wconf 84' lang='lat' dir='ltr'>etiamnum</span> <span class='ocrx_word' id='word_1_575' title='bbox 2174 4341 2327 4404; x_wconf 88' lang='lat' dir='ltr'>ipsius</span> <span class='ocrx_word' id='word_1_576' title='bbox 2362 4353 2517 4388; x_wconf 86' lang='lat' dir='ltr'>manu</span> <span class='ocrx_word' id='word_1_577' title='bbox 2553 4338 2722 4403; x_wconf 87' lang='lat' dir='ltr'>(quam</span> <span class='ocrx_word' id='word_1_578' title='bbox 2758 4354 2947 4404; x_wconf 84' lang='lat' dir='ltr'>negare</span> <span class='ocrx_word' id='word_1_579' title='bbox 2983 4353 3084 4387; x_wconf 87' lang='lat' dir='ltr'>non</span> 
     </span>
     <span class='ocr_line' id='line_1_50' title="bbox 357 4410 3085 4488; baseline -0.006 -14"><span class='ocrx_word' id='word_1_580' title='bbox 357 4421 547 4488; x_wconf 87' lang='lat' dir='ltr'>potest)</span> <span class='ocrx_word' id='word_1_581' title='bbox 587 4429 798 4473; x_wconf 86' lang='lat' dir='ltr'>exarata</span> <span class='ocrx_word' id='word_1_582' title='bbox 833 4435 986 4484; x_wconf 87' lang='lat' dir='ltr'>penes</span> <span class='ocrx_word' id='word_1_583' title='bbox 1023 4431 1102 4466; x_wconf 88' lang='lat' dir='ltr'>me</span> <span class='ocrx_word' id='word_1_584' title='bbox 1127 4419 1269 4471; x_wconf 89' lang='lat' dir='ltr'>sunt;</span> <span class='ocrx_word' id='word_1_585' title='bbox 1311 4418 1362 4463; x_wconf 86' lang='lat' dir='ltr'>et</span> <span class='ocrx_word' id='word_1_586' title='bbox 1399 4427 1538 4469; x_wconf 85' lang='lat' dir='ltr'>sane,</span> <span class='ocrx_word' id='word_1_587' title='bbox 1579 4415 1618 4461; x_wconf 90' lang='lat' dir='ltr'>si</span> <span class='ocrx_word' id='word_1_588' title='bbox 1655 4411 1774 4460; x_wconf 90' lang='lat' dir='ltr'>mihi</span> <span class='ocrx_word' id='word_1_589' title='bbox 1812 4413 1965 4459; x_wconf 89' lang='lat' dir='ltr'>otium</span> <span class='ocrx_word' id='word_1_590' title='bbox 2004 4425 2036 4460; x_wconf 92' lang='lat' dir='ltr'>a</span> <span class='ocrx_word' id='word_1_591' title='bbox 2060 4411 2361 4476; x_wconf 80' lang='lat' dir='ltr'>gravioribus</span> <span class='ocrx_word' id='word_1_592' title='bbox 2398 4411 2571 4460; x_wconf 84' lang='lat' dir='ltr'>studiis</span> <span class='ocrx_word' id='word_1_593' title='bbox 2608 4415 2727 4460; x_wconf 88' lang='lat' dir='ltr'>tunc</span> <span class='ocrx_word' id='word_1_594' title='bbox 2764 4410 3085 4474; x_wconf 78' lang='lat' dir='ltr'>superfuisset</span> 
     </span>
     <span class='ocr_line' id='line_1_51' title="bbox 358 4481 3083 4560; baseline -0.006 -14"><span class='ocrx_word' id='word_1_595' title='bbox 358 4496 592 4560; x_wconf 85' lang='lat' dir='ltr'>epistolas</span> <span class='ocrx_word' id='word_1_596' title='bbox 629 4495 758 4552; x_wconf 84' lang='lat' dir='ltr'>illas,</span> <span class='ocrx_word' id='word_1_597' title='bbox 797 4493 912 4541; x_wconf 90' lang='lat' dir='ltr'>dum</span> <span class='ocrx_word' id='word_1_598' title='bbox 949 4491 1078 4554; x_wconf 82' lang='lat' dir='ltr'>typis</span> <span class='ocrx_word' id='word_1_599' title='bbox 1115 4485 1294 4536; x_wconf 86' lang='lat' dir='ltr'>nostris</span> <span class='ocrx_word' id='word_1_600' title='bbox 1333 4485 1718 4540; x_wconf 83' lang='lat' dir='ltr'>excudebantur,</span> <span class='ocrx_word' id='word_1_601' title='bbox 1759 4483 1921 4547; x_wconf 87' lang='lat' dir='ltr'>quoad</span> <span class='ocrx_word' id='word_1_602' title='bbox 1959 4481 2155 4546; x_wconf 86' lang='lat' dir='ltr'>singula</span> <span class='ocrx_word' id='word_1_603' title='bbox 2192 4487 2429 4531; x_wconf 89' lang='lat' dir='ltr'>contenta</span> <span class='ocrx_word' id='word_1_604' title='bbox 2464 4481 2732 4538; x_wconf 83' lang='lat' dir='ltr'>revidendi,</span> <span class='ocrx_word' id='word_1_605' title='bbox 2772 4497 2871 4530; x_wconf 88' lang='lat' dir='ltr'>non</span> <span class='ocrx_word' id='word_1_606' title='bbox 2907 4485 3083 4545; x_wconf 87' lang='lat' dir='ltr'>p&#39;assus</span> 
     </span>
     <span class='ocr_line' id='line_1_52' title="bbox 338 4553 3084 4618; baseline -0.006 0"><span class='ocrx_word' id='word_1_607' title='bbox 338 4569 558 4617; x_wconf 72' lang='lat' dir='ltr'>-fuissem</span> <span class='ocrx_word' id='word_1_608' title='bbox 609 4567 785 4616; x_wconf 87' lang='lat' dir='ltr'>librum</span> <span class='ocrx_word' id='word_1_609' title='bbox 820 4563 958 4612; x_wconf 89' lang='lat' dir='ltr'>illum</span> <span class='ocrx_word' id='word_1_610' title='bbox 997 4575 1030 4610; x_wconf 89' lang='lat' dir='ltr'>a</span> <span class='ocrx_word' id='word_1_611' title='bbox 1063 4574 1143 4608; x_wconf 89' lang='lat' dir='ltr'>me</span> <span class='ocrx_word' id='word_1_612' title='bbox 1185 4557 1372 4606; x_wconf 88' lang='lat' dir='ltr'>editum</span> <span class='ocrx_word' id='word_1_613' title='bbox 1408 4557 1548 4604; x_wconf 87' lang='lat' dir='ltr'>istius</span> <span class='ocrx_word' id='word_1_614' title='bbox 1587 4554 1724 4604; x_wconf 82' lang='lat' dir='ltr'>efferi</span> <span class='ocrx_word' id='word_1_615' title='bbox 1762 4561 1814 4602; x_wconf 87' lang='lat' dir='ltr'>et</span> <span class='ocrx_word' id='word_1_616' title='bbox 1848 4553 2005 4617; x_wconf 88' lang='lat' dir='ltr'>putidi</span> <span class='ocrx_word' id='word_1_617' title='bbox 2041 4553 2153 4602; x_wconf 87' lang='lat' dir='ltr'>Ursi</span> <span class='ocrx_word' id='word_1_618' title='bbox 2190 4555 2387 4602; x_wconf 88' lang='lat' dir='ltr'>nomine</span> <span class='ocrx_word' id='word_1_619' title='bbox 2424 4553 2761 4616; x_wconf 69' lang='lat' dir='ltr'>conspurcat-i„</span> <span class='ocrx_word' id='word_1_620' title='bbox 2816 4567 2919 4602; x_wconf 82' lang='lat' dir='ltr'>non</span> <span class='ocrx_word' id='word_1_621' title='bbox 2954 4553 3084 4618; x_wconf 85' lang='lat' dir='ltr'>quod</span> 
     </span>
     <span class='ocr_line' id='line_1_53' title="bbox 357 4623 3086 4702; baseline -0.005 -14"><span class='ocrx_word' id='word_1_622' title='bbox 357 4638 660 4702; x_wconf 79' lang='lat' dir='ltr'>ejuscemodi</span> <span class='ocrx_word' id='word_1_623' title='bbox 698 4636 934 4699; x_wconf 82' lang='lat' dir='ltr'>adjuncto</span> <span class='ocrx_word' id='word_1_624' title='bbox 959 4632 1175 4698; x_wconf 84' lang='lat' dir='ltr'>epitheto</span> <span class='ocrx_word' id='word_1_625' title='bbox 1200 4627 1432 4694; x_wconf 85' lang='lat' dir='ltr'>indignus</span> <span class='ocrx_word' id='word_1_626' title='bbox 1459 4627 1648 4676; x_wconf 88' lang='lat' dir='ltr'>censeri</span> <span class='ocrx_word' id='word_1_627' title='bbox 1671 4626 1844 4689; x_wconf 89' lang='lat' dir='ltr'>possit,</span> <span class='ocrx_word' id='word_1_628' title='bbox 1885 4630 1973 4674; x_wconf 90' lang='lat' dir='ltr'>aut</span> <span class='ocrx_word' id='word_1_629' title='bbox 2009 4624 2113 4674; x_wconf 86' lang='lat' dir='ltr'>ulla</span> <span class='ocrx_word' id='word_1_630' title='bbox 2146 4623 2218 4674; x_wconf 89' lang='lat' dir='ltr'>illi</span> <span class='ocrx_word' id='word_1_631' title='bbox 2254 4624 2525 4675; x_wconf 77' lang='lat' dir='ltr'>secundum</span> <span class='ocrx_word' id='word_1_632' title='bbox 2556 4623 2809 4674; x_wconf 81' lang='lat' dir='ltr'>hominum</span> <span class='ocrx_word' id='word_1_633' title='bbox 2844 4631 3086 4676; x_wconf 84' lang='lat' dir='ltr'>consueta</span> 
     </span>
     <span class='ocr_line' id='line_1_54' title="bbox 351 4695 3083 4774; baseline -0.005 -16"><span class='ocrx_word' id='word_1_634' title='bbox 351 4711 546 4773; x_wconf 82' lang='lat' dir='ltr'>judicia</span> <span class='ocrx_word' id='word_1_635' title='bbox 577 4707 820 4774; x_wconf 80' lang='lat' dir='ltr'>loquendo</span> <span class='ocrx_word' id='word_1_636' title='bbox 855 4709 926 4756; x_wconf 83' lang='lat' dir='ltr'>sie</span> <span class='ocrx_word' id='word_1_637' title='bbox 964 4705 1107 4754; x_wconf 85' lang='lat' dir='ltr'>fieret</span> <span class='ocrx_word' id='word_1_638' title='bbox 1141 4699 1345 4763; x_wconf 87' lang='lat' dir='ltr'>injuria,</span> <span class='ocrx_word' id='word_1_639' title='bbox 1393 4704 1538 4762; x_wconf 88' lang='lat' dir='ltr'>prout</span> <span class='ocrx_word' id='word_1_640' title='bbox 1571 4713 1670 4748; x_wconf 90' lang='lat' dir='ltr'>non</span> <span class='ocrx_word' id='word_1_641' title='bbox 1712 4697 1893 4766; x_wconf 71' lang='lat' dir='ltr'>saltem</span> <span class='ocrx_word' id='word_1_642' title='bbox 1928 4695 2301 4754; x_wconf 86' lang='lat' dir='ltr'>Rothmannus,</span> <span class='ocrx_word' id='word_1_643' title='bbox 2356 4695 2445 4745; x_wconf 91' lang='lat' dir='ltr'>sed</span> <span class='ocrx_word' id='word_1_644' title='bbox 2483 4696 2635 4744; x_wconf 86' lang='lat' dir='ltr'>etiam</span> <span class='ocrx_word' id='word_1_645' title='bbox 2669 4695 2814 4745; x_wconf 87' lang='lat' dir='ltr'>multi</span> <span class='ocrx_word' id='word_1_646' title='bbox 2850 4696 2961 4754; x_wconf 87' lang='lat' dir='ltr'>alii,</span> <span class='ocrx_word' id='word_1_647' title='bbox 3000 4697 3083 4761; x_wconf 86' lang='lat' dir='ltr'>qui</span> 
     </span>
     <span class='ocr_line' id='line_1_55' title="bbox 357 4767 3083 4841; baseline -0.006 -9"><span class='ocrx_word' id='word_1_648' title='bbox 357 4797 472 4832; x_wconf 86' lang='lat' dir='ltr'>enm</span> <span class='ocrx_word' id='word_1_649' title='bbox 507 4783 632 4831; x_wconf 87' lang='lat' dir='ltr'>satis</span> <span class='ocrx_word' id='word_1_650' title='bbox 665 4793 864 4834; x_wconf 76' lang='lat' dir='ltr'>novere,</span> <span class='ocrx_word' id='word_1_651' title='bbox 901 4781 1215 4841; x_wconf 87' lang='lat' dir='ltr'>perspectum</span> <span class='ocrx_word' id='word_1_652' title='bbox 1249 4771 1463 4827; x_wconf 89' lang='lat' dir='ltr'>habent,</span> <span class='ocrx_word' id='word_1_653' title='bbox 1517 4784 1686 4818; x_wconf 78' lang='lat' dir='ltr'>verum</span> <span class='ocrx_word' id='word_1_654' title='bbox 1732 4770 1852 4832; x_wconf 88' lang='lat' dir='ltr'>quia</span> <span class='ocrx_word' id='word_1_655' title='bbox 1886 4783 1986 4818; x_wconf 87' lang='lat' dir='ltr'>non</span> <span class='ocrx_word' id='word_1_656' title='bbox 2022 4767 2233 4817; x_wconf 88' lang='lat' dir='ltr'>libenter</span> <span class='ocrx_word' id='word_1_657' title='bbox 2268 4769 2319 4816; x_wconf 90' lang='lat' dir='ltr'>in</span> <span class='ocrx_word' id='word_1_658' title='bbox 2356 4768 2480 4816; x_wconf 85' lang='lat' dir='ltr'>meis</span> <span class='ocrx_word' id='word_1_659' title='bbox 2519 4767 2713 4831; x_wconf 84' lang='lat' dir='ltr'>scriptis</span> <span class='ocrx_word' id='word_1_660' title='bbox 2749 4767 2897 4816; x_wconf 81' lang='lat' dir='ltr'>ullius</span> <span class='ocrx_word' id='word_1_661' title='bbox 2928 4769 3083 4817; x_wconf 80' lang='lat' dir='ltr'>vitam</span> 
     </span>
     <span class='ocr_line' id='line_1_56' title="bbox 355 4837 3085 4917; baseline -0.004 -16"><span class='ocrx_word' id='word_1_662' title='bbox 355 4859 410 4903; x_wconf 88' lang='lat' dir='ltr'>et</span> <span class='ocrx_word' id='word_1_663' title='bbox 441 4867 624 4911; x_wconf 84' lang='lat' dir='ltr'>mores,</span> <span class='ocrx_word' id='word_1_664' title='bbox 662 4851 1028 4917; x_wconf 73' lang='lat' dir='ltr'>qualescunque</span> <span class='ocrx_word' id='word_1_665' title='bbox 1065 4847 1181 4902; x_wconf 85' lang='lat' dir='ltr'>sint,</span> <span class='ocrx_word' id='word_1_666' title='bbox 1219 4843 1510 4908; x_wconf 84' lang='lat' dir='ltr'>perstringo,</span> <span class='ocrx_word' id='word_1_667' title='bbox 1547 4840 1680 4890; x_wconf 86' lang='lat' dir='ltr'>unde</span> <span class='ocrx_word' id='word_1_668' title='bbox 1717 4841 1867 4889; x_wconf 84' lang='lat' dir='ltr'>etiam</span> <span class='ocrx_word' id='word_1_669' title='bbox 1902 4840 1953 4888; x_wconf 86' lang='lat' dir='ltr'>in</span> <span class='ocrx_word' id='word_1_670' title='bbox 1986 4838 2194 4903; x_wconf 86' lang='lat' dir='ltr'>epistola</span> <span class='ocrx_word' id='word_1_671' title='bbox 2216 4837 2287 4888; x_wconf 76' lang='lat' dir='ltr'>M.</span> <span class='ocrx_word' id='word_1_672' title='bbox 2314 4837 2382 4887; x_wconf 91' lang='lat' dir='ltr'>D.</span> <span class='ocrx_word' id='word_1_673' title='bbox 2402 4837 2514 4890; x_wconf 87' lang='lat' dir='ltr'>Jac.</span> <span class='ocrx_word' id='word_1_674' title='bbox 2537 4837 2691 4888; x_wconf 80' lang='lat' dir='ltr'>Curtii</span> <span class='ocrx_word' id='word_1_675' title='bbox 2717 4853 2761 4888; x_wconf 88' lang='lat' dir='ltr'>o.</span> <span class='ocrx_word' id='word_1_676' title='bbox 2784 4853 2871 4895; x_wconf 77' lang='lat' dir='ltr'>m..</span> <span class='ocrx_word' id='word_1_677' title='bbox 2907 4845 3085 4903; x_wconf 74' lang='lat' dir='ltr'>postea</span> 
     </span>
     <span class='ocr_line' id='line_1_57' title="bbox 355 4911 3085 4998; baseline -0.004 -26"><span class='ocrx_word' id='word_1_678' title='bbox 355 4925 722 4990; x_wconf 79' lang='lat' dir='ltr'>Wandesburgi</span> <span class='ocrx_word' id='word_1_679' title='bbox 757 4937 792 4974; x_wconf 84' lang='lat' dir='ltr'>a</span> <span class='ocrx_word' id='word_1_680' title='bbox 823 4936 906 4972; x_wconf 85' lang='lat' dir='ltr'>me</span> <span class='ocrx_word' id='word_1_681' title='bbox 939 4920 1064 4970; x_wconf 84' lang='lat' dir='ltr'>libro</span> <span class='ocrx_word' id='word_1_682' title='bbox 1100 4917 1162 4968; x_wconf 81' lang='lat' dir='ltr'>de</span> <span class='ocrx_word' id='word_1_683' title='bbox 1187 4913 1488 4966; x_wconf 76' lang='lat' dir='ltr'>Machanica</span> <span class='ocrx_word' id='word_1_684' title='bbox 1509 4913 1831 4998; x_wconf 66' lang='lat' dir='ltr'>Astronomia</span> <span class='ocrx_word' id='word_1_685' title='bbox 1864 4911 2145 4974; x_wconf 81' lang='lat' dir='ltr'>subjuncta,</span> <span class='ocrx_word' id='word_1_686' title='bbox 2182 4925 2366 4960; x_wconf 87' lang='lat' dir='ltr'>nomen</span> <span class='ocrx_word' id='word_1_687' title='bbox 2399 4911 2541 4960; x_wconf 75' lang='lat' dir='ltr'>istius</span> <span class='ocrx_word' id='word_1_688' title='bbox 2578 4911 2733 4968; x_wconf 84' lang='lat' dir='ltr'>omisi,</span> <span class='ocrx_word' id='word_1_689' title='bbox 2770 4918 2887 4960; x_wconf 72' lang='lat' dir='ltr'>utin.</span> <span class='ocrx_word' id='word_1_690' title='bbox 2920 4911 3085 4962; x_wconf 79' lang='lat' dir='ltr'>dietus</span> 
     </span>
    </p>
   </div>
  </div>
 </body>
</html>
