3634 5575
494 308 627 377 268
1586 314 1834 379 Apologia
1867 312 2114 377 ryohonn

496 468 931 533 demonstratio
976 469 1156 549 plane
1203 468 1352 531 nihil
1398 470 1523 532 tale
1573 471 1828 534 redolet.
1921 470 2082 535 Nam
2128 479 2190 533 et
2234 471 2485 535 liberum
2525 471 2884 535 astronomis
2930 470 3219 556 relinquit

494 559 625 621 sive
672 558 1053 621 concentrico
1104 576 1239 620 cum
1288 558 1556 661 epicyclo
1602 560 1795 621 velint
1841 560 1927 621 uti
1975 560 2034 621 in
2083 560 2354 623 omnibns
2403 560 2686 641 quinque,
2755 561 2856 641 qui
2915 560 3216 623 stationes

500 647 745 722 faciunt,
794 646 925 708 sive
954 646 1293 709 eccentrico
1322 648 1383 709 in
1429 648 1621 710 tribus
1668 648 2108 729 superioribus3
2173 656 2236 710 et
2282 649 2430 712 nihil
2477 648 2564 710 illi
2613 669 2792 711 curae
2841 656 2938 711 est
2983 647 3213 709 orbium

494 736 866 799 diversorum
912 752 1099 797 cansa
1144 733 1297 797 situs
1344 736 1441 797 vel
1488 736 1918 817 magnitudinis
1977 746 2186 800 mutua
2243 738 2636 818 comparatio.
2729 732 3010 841 Respicit
3056 734 3214 797 enirn

494 825 627 905 ejus
674 823 1113 886 demonstratio
1172 834 1349 885 unum
1398 826 1591 886 solum
1646 826 1987 905 planetam,
2055 844 2305 905 eumque
2364 845 2482 888 non
2529 826 2736 898 aliter,
2805 826 2919 887 nisi
2963 832 3216 905 propter

493 913 731 975 unicum
778 912 1109 974 stationum
1155 918 1219 973 et
1264 930 1645 992 regressnum
1692 935 2065 993 φαινομενον.
2159 916 2296 977 Νοιι
2345 924 2440 977 est
2485 915 2668 995 igitur
2697 914 3006 995 Apollonii
3060 930 3210 991 pro-

492 1002 693 1064 blema
753 1019 865 1081 pro
928 1000 1361 1083 hypothesibus
1420 1002 1843 1065 astronomicis
1906 1003 2268 1066 habendum.
2363 1004 2577 1077 Adde,
2645 1004 2802 1084 qnod
2843 1020 2924 1064 ne
2972 1002 3214 1081 quidem

494 1092 572 1152 ad
626 1090 801 1152 nnius
864 1090 1150 1168 planetae
1205 1086 1405 1152 motus
1468 1091 1970 1153 demonstrandos
2035 1092 2404 1154 sufficientes
2471 1092 2760 1154 assumsit
2821 1089 3212 1174 hypotheses,

494 1197 627 1241 cum
674 1196 809 1241 earn
854 1186 1053 1239 motus
1098 1178 1622 1258 inaequalitatem,
1693 1180 1974 1259 qnae·ad
2022 1180 2276 1242 eundem
2321 1179 2555 1243 zodiaci
2602 1182 2797 1243 locum
2851 1178 3213 1247 restituitur,

494 1267 569 1327 de
616 1266 915 1329 industria
960 1266 1341 1345 praeteriret.
1437 1267 1573 1339 Quo
1603 1269 1987 1330 manifestum
2035 1268 2198 1341 fecit,
2245 1269 2392 1330 nihil
2423 1269 2583 1330 aliud
2621 1288 2688 1331 se
2719 1286 3006 1349 quaerere
3035 1285 3216 1346 quam

492 1355 928 1435 geometricam
974 1355 1375 1417 conclusionis
1420 1374 1498 1418 ex
1545 1358 1834 1419 assumtis
1881 1356 2174 1419 deductae
2205 1356 2647 1432 certitudinem,
2697 1376 2850 1439 qnae
2881 1356 3214 1417 vehemen-

356 1519 381 1527 ,
494 1452 589 1505 ter
633 1443 979 1523 ingeniosos
1026 1444 1539 1525 contemplatores
1586 1445 1892 1508 delectare
1941 1446 2120 1508 solet.

670 1530 811 1593 Jam
858 1539 926 1594 ut
952 1533 1371 1607 concedamus,
1418 1550 1528 1613 pro
1574 1533 2010 1615 hypothesibus
2041 1534 2226 1613 justis
2254 1532 2536 1595 habenda
2565 1532 2984 1594 demonstrata
3011 1529 3212 1611 Apol-

494 1618 657 1695 lonii,
710 1619 866 1700 quod
906 1619 1037 1701 jam
1084 1621 1411 1683 refutatum
1459 1630 1573 1698 est,
1624 1622 1936 1684 desumtas
1985 1630 2186 1684 tamen
2234 1629 2341 1684 aut
2367 1619 2776 1701 transpositas
2821 1640 2900 1682 ex
2928 1620 3214 1682 Aristar-

492 1708 745 1782 chianis‚
778 1707 910 1787 quis
930 1709 1091 1775 Urso
1120 1710 1369 1771 credet?
1416 1709 1661 1773 Etenim
1692 1730 1914 1791 magna
1937 1711 2374 1815 probabilitate
2405 1709 2737 1783 contendit,
2769 1709 2868 1771 vel
2897 1709 3212 1789 ignoratas

404 1854 409 1861 .
493 1797 591 1857 vel
620 1815 742 1857 non
766 1795 1113 1859 intellectas
1146 1817 1281 1860 esse
1310 1798 1656 1861 Aristarchi
1690 1799 2129 1880 conceptiones
2142 1800 2488 1879 Apollonio.
2579 1795 2823 1859 Etenim
2870 1815 3004 1859 cum
3033 1796 3219 1859 sciret

493 1884 876 1964 Apollonius,
927 1886 1283 1967 quibusdam
1329 1906 1407 1949 ex
1454 1888 1822 1951 astronomis
1868 1890 2110 1969 placere
2158 1887 2556 1963 eccentricoS,
2619 1886 2757 1949 'aliis
2803 1885 3216 1947 concentricos

494 1992 629 2036 cum
676 1972 965 2054 epicyclO,
1016 1976 1329 2053 problema
1374 1993 1545 2038 suum
1593 1976 1862 2057 utrisque
1909 1977 2403 2039 accommodavit.
2501 1975 2677 2047 Quod
2725 1974 2777 2037 si
2826 1975 2900 2036 de
2929 1974 3210 2035 Aristar-

496 2062 715 2126 chiana
760 2062 985 2123 Terrae
1032 2064 1337 2127 volutione
1386 2064 1687 2139 scivisset,
1735 2066 1916 2127 credo
1947 2066 2242 2145 equidem,
2293 2084 2484 2145 aeque
2513 2065 2690 2126 facile
2741 2064 2818 2125 ad
2846 2064 3014 2125 illam
3043 2081 3214 2124 snum

494 2150 807 2231 problema
860 2151 1303 2215 conformasset
1360 2170 1433 2215 ac
1478 2160 1623 2233 post
1676 2173 1812 2215 eum
1871 2153 2261 2234 CopernicuS.
2353 2154 2622 2229 Deinde,
2693 2150 2746 2213 si
2790 2150 3212 2215 Aristarchum

496 2237 830 2319 exprimere
879 2240 1205 2303 voluisset:
1277 2240 1417 2321 quid
1476 2260 1699 2322 quaeso
1749 2261 1900 2323 opus
1958 2242 2048 2305 illi
2106 2242 2323 2305 fuisset
2381 2260 2684 2315 asserere,
2745 2240 2900 2321 quod
2947 2245 3214 2302 centrum

496 2325 816 2389 eccentrici
884 2328 1220 2431 aequaliter
1282 2348 1414 2392 cum
1463 2327 1606 2393 Sole
1670 2331 2020 2393 meveatur?
2111 2330 2354 2402 Quanto
2419 2330 2614 2410 majus
2681 2328 2930 2392 fecisset
2994 2346 3214 2407 operae

494 2415 934 2495 compendium,
966 2416 1040 2492 si,
1072 2418 1228 2499 quod
1260 2418 1440 2481 hodie
1470 2419 1695 2501 Tycho,
1728 2422 2097 2483 asseruisset
2117 2420 2389 2482 omnium
2426 2422 2806 2500 planetarum
2841 2424 3053 2479 centra
3081 2436 3215 2478 esse

494 2504 557 2567 in
606 2503 771 2568 Sole.
864 2504 1059 2581 Nunc,
1108 2525 1242 2569 cum
1288 2515 1533 2588 separet
1576 2518 1787 2571 centra
1831 2509 2212 2595 planetarum
2257 2530 2296 2571 a
2341 2508 2484 2571 Sole
2531 2517 2595 2570 et
2641 2507 2718 2569 ab
2756 2506 3029 2580 invicem,
3079 2524 3217 2566 cer-

496 2600 597 2655 tas
643 2600 709 2655 et
755 2614 793 2654 a
822 2593 1125 2697 Tychonis
1171 2595 1348 2675 longe
1399 2596 1672 2661 diversas
1720 2606 1916 2661 metas
1947 2598 2349 2660 exstruendae
2399 2598 2627 2659 formae
2664 2595 3004 2658 mundanae
3031 2612 3216 2673 prae·
3298 2610 3318 2617 ·

494 2682 627 2743 fixit
678 2680 754 2743 iis
804 2682 905 2764 qui
959 2681 1074 2743 hoc
1120 2683 1418 2747 voluerint
1470 2694 1802 2765 praestare.
1897 2688 2056 2749 Nam
2113 2693 2257 2766 post
2301 2687 2478 2748 orbes
2524 2687 2732 2748 Lunae
2795 2690 3068 2765 systema
3113 2699 3217 2743 se-

486 2778 713 2852 ·qnetnr
759 2772 804 2848 ζὲ
849 2791 983 2834 οιιιιι
1029 2770 1320 2854 epicyclo‚
1372 2793 1557 2854 supra
1601 2774 1758 2838 hunc
1808 2775 1858 2849 Q
1907 2794 2038 2838 cum
2087 2774 2355 2859 epicyclo
2394 2775 2570 2855 longe
2617 2772 3024 2854 amplissimo:
3089 2778 3217 2832 tum

494 2859 621 2922 Sol.
714 2859 800 2922 Et
854 2859 987 2938 jam
1052 2879 1235 2940 supra
1302 2861 1510 2924 Solem
1554 2865 1609 2925 L
1636 2865 1739 2936 (si
1802 2866 1880 2925 ad
1947 2866 2194 2926 schema
2239 2863 2300 2928 5.
2365 2863 2737 2945 respexeris)
2783 2862 2872 2936 E,
2941 2869 3213 2925 centrum

498 2947 819 3010 eccentrici
867 2955 918 3018 d
964 2955 1091 3011 tam
1138 2949 1261 3012 alte
1311 2951 1616 3014 sublatum
1664 2952 2020 3028 circumibit,
2053 2961 2124 3015 ιιι
2167 2952 2276 3016 ΕΟ
2326 2954 2510 3035 (qnae
2557 2959 2790 3014 certam
2835 2951 3022 3013 habet
3065 2967 3209 3030 pro-

495 3034 839 3114 portionem
886 3037 962 3098 ad
1008 3037 1145 3111 EF)
1202 3040 1438 3119 longior
1496 3041 1606 3116 sit,
1666 3059 1842 3121 quam
1889 3040 2024 3116 EF,
2090 3061 2164 3104 ne
2221 3042 2382 3104 orbis
2440 3041 2602 3104 Solis
2661 3040 2981 3121 aliquando
3029 3039 3215 3100 Marti

497 3131 755 3205 cogatur
808 3124 1133 3205 hospitium
1176 3129 1500 3208 praebere,
1571 3130 1727 3213 quod
1784 3129 2056 3192 omnibus
2115 3131 2233 3192 illis
2293 3131 2664 3210 impossibile
2719 3128 2910 3191 videri
2965 3145 3216 3189 necesse

496 3221 613 3286 est,
664 3213 764 3295 qni
807 3213 1149 3294 palpabiles
1198 3225 1263 3278 et
1308 3219 1731 3282 adamantinos
1780 3219 1958 3282 orbes
2003 3238 2138 3281 cnm
2165 3219 2501 3282 Aristotele
2541 3220 2807 3280 credunt.
2900 3218 3032 3278 Hoc
3061 3215 3214 3276 enim

495 3309 611 3376 est,
663 3303 831 3382 quod
870 3323 1259 3388 permagnam
1306 3307 1455 3369 facit
1501 3303 1922 3371 differentiam*
1967 3307 2126 3371 inter
2171 3327 2347 3370 veras
2386 3306 2694 3388 Apollonii
2741 3305 3108 3387 hypotheses
3155 3311 3220 3365 et

494 3409 623 3466 eas,
676 3409 825 3471 quas
870 3393 1065 3456 Ursus
1110 3393 1206 3456 illi
1253 3395 1489 3476 affingit
1535 3399 1699 3470 (cum
1735 3397 2038 3479 Tychonis
2085 3398 2259 3471 sint),
2311 3398 2465 3478 quod
2511 3397 2786 3477 utrinque
2836 3394 3100 3474 quidem,
3149 3399 3220 3454 ut

493 3497 681 3560 supra
737 3481 1244 3559 demonstratum,
1314 3485 1500 3547 stella
1544 3493 1595 3556 d
1650 3485 1713 3547 in
1760 3485 2097 3548 eccentrico
2159 3483 2202 3547 2
2258 3485 2407 3548 locis
2468 3485 2717 3547 incurrit
2772 3491 2970 3544 metas
3025 3480 3217 3544 centri

492 3567 841 3632 eccentrici.
891 3569 1161 3654 Tychoni
1213 3591 1357 3635 vero
1404 3574 1653 3636 eaedem
1699 3580 1932 3650 metae,
1998 3573 2161 3637 idem
2227 3575 2482 3637 circulus
2530 3583 2626 3636 est
2689 3580 2753 3635 et
2797 3571 2961 3634 Solis
3007 3571 3214 3650 ipsius,

490 3659 695 3738 itaque
741 3667 795 3730 <5
836 3659 924 3721 illi
973 3660 1149 3740 longe
1196 3661 1360 3723 intra
1405 3659 1570 3725 Solis
1616 3623 2136 3744 propinquitatem
2191 3663 2270 3724 ad
2319 3664 2538 3724 Terras
2597 3661 2946 3723 descendit:
3015 3659 3218 3739 Apol-

494 3747 655 3810 lonio
701 3747 944 3812 minime
992 3749 1089 3810 vel
1138 3757 1304 3811 certe
1350 3768 1469 3812 non
1500 3751 1878 3825 necessario;
1927 3752 2195 3834 Tychoni
2225 3751 2340 3814 hoc
2379 3771 2453 3812 ex
2481 3749 3000 3822 observationibus
3047 3767 3217 3809 com-

492 3831 751 3916 pertum,
798 3836 1157 3900 diversitate
1204 3845 1491 3917 aspectus
1538 3858 1667 3901 rem
1712 3839 1998 3903 subtilem
2042 3840 2490 3922 patefaciente.
2541 3838 2865 3920 Apollonio
2895 3838 3060 3899 nulla
3105 3836 3217 3898 ob-

492 3932 778 4001 servata,
854 3924 1068 4006 quibus
1134 3927 1503 3989 contrarium
1564 3928 1828 3990 evincat.
1923 3927 2028 4023 Sic
2094 3947 2236 4009 ergo
2303 3937 2354 3998 d
2417 3929 2476 3990 in
2533 3927 2856 4010 Apollonio
2921 3945 3216 4005 nunquam

491 4013 771 4078 humilior
816 4013 960 4077 Sole
1006 4015 1343 4095 fingendus.

668 4104 759 4167 Ut
820 4109 1023 4166 autem
1088 4123 1165 4165 ex
1209 4103 1518 4188 Apollonii
1574 4104 2010 4168 demonstratis
2057 4111 2328 4167 centrum
2383 4105 2704 4167 eccentrici
2750 4101 2972 4166 Martis
3038 4119 3222 4182 snpra

494 4189 705 4256 Solem
740 4192 1297 4255 circumducendum
1345 4202 1529 4269 esset,
1580 4193 1672 4256 ita
1698 4192 1947 4257 Saturni
1994 4200 2262 4255 centrum
2310 4193 2469 4254 infra
2505 4191 2730 4267 Solem,
2779 4192 3036 4255 omnium
3076 4211 3218 4253 vero

490 4281 671 4344 trium
725 4282 823 4344 vel
879 4279 1247 4361 longissimis
1306 4281 1647 4345 intervallis
1702 4301 1890 4363 supra
1938 4278 2018 4358 Θ
2067 4280 2378 4344 circumire
2446 4281 2592 4343 nihil
2652 4281 2988 4362 prohibeat.
3083 4277 3219 4349 Quo

488 4370 667 4434 modo
726 4371 895 4434 nulla
947 4378 1117 4432 certa
1168 4369 1327 4433 ratio
1392 4371 1509 4434 erit
1570 4370 1992 4452 proportiones
2039 4369 2272 4432 orbium
2335 4375 2404 4431 ut
2460 4371 2619 4451 apud
2666 4369 3093 4433 Aristarchum
3157 4376 3224 4430 et

494 4457 835 4540 Tychonem
881 4459 1291 4540 investigandi
1336 4459 1451 4521 nisi
1496 4459 1647 4522 haec
1692 4461 1888 4535 unica,
1939 4476 2089 4541 quae
2139 4478 2178 4519 a
2223 4465 2504 4521 contactu
2549 4459 2776 4521 orbium
2827 4466 2889 4520 et
2935 4475 3220 4520 occursa-

494 4545 659 4608 tione
706 4556 915 4611 mutua
958 4546 1208 4610 duorum
1252 4548 1636 4627 planetarum
1682 4549 1955 4611 cavenda
2001 4546 2367 4610 desumitur:
2419 4566 2537 4626 qua
2583 4547 2818 4609 ratione
2865 4545 3012 4608 nihil
3059 4545 3220 4608 aliud

493 4635 746 4699 docetur
792 4653 971 4716 quam
1016 4645 1220 4699 certae
1267 4642 1497 4712 metae,
1566 4637 1727 4700 infra
1776 4656 1927 4718 quas
1972 4637 2260 4716 planetae
2308 4655 2426 4698 non
2475 4637 2874 4698 descendunt:
2932 4642 3000 4697 at
3043 4653 3222 4716 quam

494 4724 621 4786 alte
668 4742 852 4804 supra
895 4724 1009 4786 has
1055 4732 1251 4788 metas
1298 4725 1674 4802 attollantur,
1722 4725 2123 4805 pervestigari
2171 4725 2310 4787 hinc
2357 4725 2582 4806 nequit.

675 4812 885 4897 Usque
932 4813 1085 4876 adeo
1128 4832 1351 4895 magna
1394 4821 1491 4877 est
1517 4814 1677 4878 inter
1704 4821 2016 4898 utramque
2047 4813 2404 4898 hypothesin
2445 4813 2804 4890 differentia,
2851 4814 2989 4875 dum
3027 4811 3225 4874 altera
