3634 5575
1511 390 1838 443 Prooemium.
2945 388 3027 457 21

319 564 458 615 pere.
531 549 646 613 Ipse
681 523 843 605 enirn,
878 550 1008 599 sicut
1039 551 1092 599 in
1129 548 1432 604 Tabularum
1463 547 1842 603 Prutenicarnm
1874 552 2183 617 praefatione
2216 554 2541 614 protestatur,
2594 556 2646 600 et
2682 524 2849 600 earum
2885 550 3029 601 tabu-
3126 554 3145 567 ⁰

318 622 484 671 larum
535 622 728 671 numeri
776 626 1105 679 attestantur,
1160 622 1523 671 observationes
1573 628 1624 672 et
1668 624 2113 675 demonstrationes
2164 622 2195 670 a
2241 620 2509 685 Copernico
2552 622 2826 685 propositas
2879 622 3033 672 multo

319 693 546 743 exactius
585 698 637 742 et
672 694 950 742 accuratius
967 729 980 752 ,
1032 707 1178 756 qnam
1215 694 1318 757 ipse
1357 693 1678 756 Caper-nicus,
1727 695 1985 754 discussit,
2034 695 2145 745 ideo
2180 708 2437 749 numeros,
2478 694 2658 757 'quibus
2695 692 3030 743 Rheinholdus

315 764 492 815 mnndi
525 763 763 828 sphaeras
800 764 1047 815 dimensus
1085 771 1162 814 est
1176 799 1190 821 ,
1242 770 1294 814 et
1341 780 1400 815 ex
1435 764 1608 828 quibus
1644 766 1758 816 illas
1791 781 1907 817 snas
1922 801 1938 827 ,
1987 763 2277 816 Prutenicas
2324 766 2483 815 dictas
2497 800 2514 820 ‚
2566 763 2762 813 tabulas
2798 764 3027 822 confecit,

313 842 562 899 tanquam
605 835 921 899 perfectiore·
965 836 1238 899 sequendos
1275 836 1512 885 existimo.
1583 833 1871 901 optandum
1908 844 2075 889 antem
2110 844 2258 895 esset,
2294 836 2591 885 Rheinholdi
2627 836 3031 886 commentarium

313 910 370 959 in
411 907 672 973 Gopernici
705 906 880 965 libros,
937 908 1016 957 vel
1048 909 1210 971 potius
1244 908 1296 956 in
1331 921 1450 957 suas
1483 907 1775 959 Prntenicas
1813 908 2058 966 Tabulas,
2106 909 2364 973 aliquoties
2402 908 2467 957 ab
2500 909 2605 971 ipso
2641 908 2929 970 promissum
2977 909 3031 957 in

311 985 516 1045 promtu
553 993 678 1037 esse,
717 992 780 1028 ex
816 993 874 1028 eo
911 979 1044 1028 enim
1078 993 1178 1027 non
1214 984 1411 1029 tantum
1445 978 1775 1031 dimensiones
1809 981 1903 1031 has
1940 981 2215 1031 describere
2248 993 2499 1043 possemus
2516 1014 2530 1036 ,
2568 977 2657 1028 sed
2694 979 2846 1027 etiam
2880 978 3027 1043 pluri·

313 1052 411 1101 mis
450 1050 763 1101 adminiculis
798 1050 908 1113 ipsa
947 1052 1248 1099 astronomia
1261 1085 1276 1105 ,
1325 1064 1412 1113 pro
1451 1050 1720 1101 defectibus
1733 1087 1748 1109 ,
1799 1054 1972 1117 quibus
2010 1052 2171 1102 adhuc
2207 1051 2401 1100 laborat
2417 1086 2430 1107 ,
2468 1050 2661 1100 facilius
2695 1050 3029 1106 restituendis,

311 1136 622 1187 magnopere
655 1121 790 1171 haud
826 1122 974 1171 dnbio
1010 1121 1339 1184 adjuvaretur.
1409 1120 1543 1182 Quia
1579 1128 1746 1173 autem
1781 1124 2040 1187 inopinata
2074 1128 2127 1173 et
2160 1124 2425 1172 immatura
2458 1122 2548 1171 viri
2582 1127 2740 1171 morte
2785 1128 2890 1171 tam
2934 1122 3028 1171 hoc

311 1208 470 1259 quam
507 1193 610 1244 alia
644 1193 904 1243 utilissima
937 1206 1090 1257 opera
1123 1194 1398 1256 interrupta
1433 1192 1646 1257 morunt,
1684 1194 1845 1245 altera
1868 1210 1997 1260 qnae
2022 1199 2179 1245 restat
2210 1194 2293 1242 via
2327 1192 2574 1243 tentanda
2608 1197 2701 1249 est,
2740 1206 2837 1257 qua
2871 1200 3025 1243 retro·

309 1264 482 1331 grada
505 1264 738 1315 methodo
769 1277 805 1315 a
835 1264 934 1315 fine
969 1264 1037 1314 ad
1071 1265 1264 1315 initium
1297 1266 1576 1315 recurritur.
1631 1264 1837 1315 Numeri
1869 1268 2023 1331 igitur
2054 1268 2107 1315 in
2132 1265 2313 1315 tabulis
2346 1266 2496 1329 ipsius
2530 1264 2701 1327 scripti
2734 1263 3025 1321 resolvendi,

309 1343 364 1387 et
410 1352 476 1387 ax
526 1336 598 1387 eis
641 1335 712 1385 illi
728 1371 742 1393 ,
796 1350 916 1400 qnos
951 1334 1290 1385 Rheinholdns
1335 1335 1558 1401 diligenti
1606 1337 1997 1389 observationum
2051 1342 2103 1387 et
2148 1336 2619 1387 demonstrationum
2665 1336 2889 1385 examine
2940 1350 3026 1399 pro

310 1408 588 1459 condendis
635 1406 730 1457 illis
773 1408 890 1471 ipsis
941 1407 1121 1457 tabulis
1163 1408 1352 1456 invenit
1365 1441 1380 1463 ‚
1431 1408 1634 1459 eruendi
1669 1414 1829 1459 eruut.
1904 1408 2056 1474 Spero
2094 1414 2261 1459 antem
2296 1410 2395 1457 ista
2432 1405 2719 1457 admirando
2766 1406 2884 1457 hnic
2931 1406 3027 1457 hoe

305 1478 434 1529 libro
471 1478 656 1529 tradito
691 1477 756 1527 D.
795 1478 1000 1543 Kepleri
1011 1480 1232 1528 ‘invento
1266 1494 1369 1528 non
1403 1493 1575 1544 parum
1611 1480 1985 1531 commodatura
2019 1478 2179 1529 esse.“

458 1549 681 1605 Numeri.
719 1564 836 1613 quos
862 1549 1156 1600 Maestlinus
1180 1550 1232 1599 in
1255 1550 1429 1599 tabula
1451 1565 1544 1601 sua
1565 1551 1819 1609 retulerat,
1846 1552 2062 1617 Keplero
2084 1553 2247 1601 minus
2270 1554 2505 1601 accurate
2529 1549 2756 1599 subducti
2780 1548 3023 1609 rideam,

309 1627 364 1671 et
397 1622 488 1673 ille
523 1636 560 1673 a
593 1620 866 1685 Keplero
900 1623 1074 1673 erroris
1109 1622 1413 1672 convincitur
1447 1622 1522 1672 his
1557 1622 1737 1673 literis:

496 1780 846 1844 Clarissimo
877 1779 1114 1847 domine
1140 1788 1536 1862 praeceptor:
1581 1782 1863 1845 Mercurii
1901 1782 2321 1862 importunitas
2361 1790 2425 1843 et
2468 1780 2808 1863 petulantia
2852 1780 3019 1857 facit,

305 1882 376 1937 ut
439 1890 560 1934 non
627 1870 882 1952 possim,
949 1870 1218 1950 quamvis
1280 1891 1355 1933 ex
1407 1872 1726 1933 intervallo
1784 1872 2047 1935 locorum
2104 1891 2221 1933 non
2276 1871 2648 1951 importunus
2707 1890 2845 1933 esse
2902 1870 3025 1933 tuis

303 1959 826 2041 occupationibus.
917 1958 1087 2023 Dicis
1133 1960 1192 2023 in
1240 1961 1450 2023 tabula
1494 1960 1754 2039 ἀφηλιων
1800 1969 1865 2024 et
1920 1960 2237 2039 ἀπογειων,
2294 1960 2618 2023 maximam
2670 1960 3027 2025 distantiam
3063 1965 3072 1974 '

303 2054 348 2131 ἕ
396 2073 440 2114 a
490 2047 593 2128 Θ,
645 2068 774 2111 cum
820 2050 870 2125 ὃ
919 2048 1140 2111 triente
1187 2050 1264 2112 ab
1311 2051 1438 2131 ejus
1483 2049 1732 2129 ἀπογειῳ
1779 2050 1972 2125 abest,
2022 2069 2159 2112 esse
2206 2047 2445 2114 50580.
2528 2048 2725 2113 Credo
2770 2049 3025 2111 verissi-

301 2160 470 2204 mum
517 2140 675 2201 huuc
721 2157 858 2201 esse
905 2158 1208 2201 numerum
1257 2146 1320 2201 et
1367 2140 1446 2201 ad
1491 2140 1855 2201 anomaliam
1908 2140 2171 2201 eccentri
2216 2141 2315 2202 vel
2362 2140 2583 2202 Terrae
2632 2140 2707 2201 ab
2756 2158 3025 2219 apogaeo

303 2228 673 2292 distantiam
704 2225 767 2290 2⁴
795 2222 877 2291 0⁰
903 2230 1436 2291 accommodatum.
1497 2228 1620 2291 Sed
1649 2228 1748 2309 qui
1784 2230 1871 2303 fit,
1920 2229 2077 2310 quod
2114 2228 2275 2291 idem
2312 2248 2429 2290 non
2477 2228 2659 2291 etiam
2704 2247 2817 2291 usu
2862 2228 3030 2295 venit

303 2320 365 2381 in
413 2328 530 2382 tua
575 2317 790 2381 tabula
832 2317 1055 2393 altera,
1105 2318 1206 2380 ubi
1253 2317 1578 2382 distantias
1623 2319 2005 2399 planetarum
2028 2328 2125 2379 ‘ex
2168 2318 2505 2380 Prutenicis
2554 2318 3028 2381 demonstrasti?

489 2406 776 2469 Sumatur
821 2406 1092 2468 ultimum
1139 2406 1220 2469 ibi
1268 2409 1528 2469 schema.
1621 2408 1816 2489 Igitur
1870 2406 2031 2468 linea
2087 2427 2239 2489 quae
2296 2408 2355 2469 in
2412 2426 2669 2485 περιγειῳ
2730 2406 2847 2469 fuit
2892 2406 3024 2482 PA,

305 2517 380 2560 ea
435 2496 573 2577 jam
631 2496 791 2558 ultra
836 2495 896 2557 K
950 2496 1143 2559 crevit
1196 2498 1272 2559 ad
1317 2498 1380 2559 R
1432 2516 1658 2577 usque,
1727 2504 1790 2556 et
1846 2504 1945 2557 est
1986 2494 2117 2559 PR.
2210 2494 2499 2557 Vicissim
2556 2496 2717 2557 linea
2765 2514 2918 2577 qnae
2964 2495 3025 2557 in

302 2608 573 2667 aspersam
618 2585 695 2647 ab
732 2585 791 2646 A
839 2594 1044 2647 centro
1093 2586 1254 2647 orbis
1301 2606 1488 2667 usque
1537 2587 1612 2646 ad
1663 2583 1725 2646 G
1769 2593 2038 2647 centrum
2084 2585 2245 2647 orbis
2291 2586 2335 2661 ζὲ
2380 2584 2562 2647 ducta
2608 2584 2740 2659 fuit,
2789 2605 2865 2646 ea
2913 2584 3023 2647 de-

303 2676 503 2739 crevit
530 2676 680 2756 jam,
729 2680 798 2735 ut
833 2673 917 2736 sit
951 2693 1066 2736 non
1108 2674 1360 2754 longior,
1409 2694 1582 2756 quam
1613 2674 1743 2746 ΑΡ,
1794 2682 1858 2735 et
1884 2673 2185 2736 invenitur
2213 2669 2405 2749 6549,
2454 2692 2587 2735 cum
2617 2674 2798 2737 fuerit
2827 2669 3023 2748 9460,

303 2764 655 2829 differentia
689 2758 860 2827 2911
905 2763 1289 2829 decrementi.
1359 2764 1482 2830 Sed
1531 2762 1651 2828 GK
1698 2758 1919 2828 35730

1531 2853 1644 2916 ΡΒ
1701 2849 1920 2916 38580

1665 3014 1671 3024 .
1744 2959 1920 3025 2850
1956 2960 2296 3022 differentia
2324 2957 2651 3039 augmenti,
2682 2977 2801 3020 non
2828 2965 3020 3034 tanta,

301 3059 540 3133 quanta
605 3049 992 3130 decrementi.
1087 3048 1205 3110 Est
1267 3049 1449 3130 igitur
1515 3051 1754 3113 brevior
1817 3048 2115 3112 distantia
2177 3049 2235 3110 in
2300 3049 2520 3111 triente
2586 3047 2663 3110 ab
2728 3065 3024 3128 apogaeo.

299 3141 552 3204 Etenim
597 3137 722 3202 AG
767 3145 832 3199 et
875 3137 985 3200 PK
1033 3139 1092 3199 in
1141 3147 1366 3201 rectam
1413 3147 1700 3202 extensae
1760 3140 2031 3204 efficiunt
2072 3133 2322 3210 45190,
2383 3138 2493 3199 sed
2538 3137 2652 3200 ΑΡ
2698 3145 2761 3198 et
2804 3135 2917 3198 PR
2962 3137 3023 3199 in

301 3239 538 3293 rectam
583 3235 872 3291 extensae
921 3227 1188 3290 efficiunt
1233 3235 1470 3290 tantum
1507 3227 1744 3294 45129.
1810 3229 1927 3290 Hic
1957 3228 2197 3291 haereo.
2266 3226 2391 3290 Oro
2429 3234 2632 3289 autem
2670 3226 2718 3289 si
2760 3233 3023 3288 erratum

303 3328 404 3381 est
471 3319 534 3380 in
600 3315 856 3399 proditis
921 3318 1182 3379 numeris
1247 3317 1670 3381 distantiarum
1727 3339 1765 3378 a
1825 3325 2031 3380 centro
2079 3317 2283 3396 magni
2329 3317 2519 3393 orbis,
2578 3335 2651 3378 ne
2698 3335 2791 3378 me
2840 3315 3019 3390 celes,

301 3417 510 3472 utrum
561 3407 722 3468 idem
776 3423 940 3467 error
985 3407 1169 3471 etiam
1231 3407 1542 3486 irrepserit
1607 3408 1664 3468 in
1721 3407 1989 3469 tabulam
2038 3405 2324 3484 ἀφολιων,
2381 3424 2801 3486 numerumque
2854 3405 3023 3468 illum

303 3499 536 3560 dictum
583 3516 668 3559 sc.
718 3492 955 3558 50580.
1049 3493 1338 3568 (Schema
1385 3514 1498 3576 quo
1544 3496 1843 3576 Keplerus
1889 3496 1985 3558 hic
2034 3515 2175 3557 usus
2224 3503 2351 3574 est,
2401 3496 2624 3569 deest.)

481 3587 672 3648 Porro
717 3584 830 3647 ΑΡ
874 3584 962 3647 sic
1011 3584 1393 3665 investigavi.
1469 3585 1584 3648 ΑΕ
1631 3585 1806 3647 datur
1855 3603 1930 3646 ex
1976 3591 2081 3646 tua
2126 3585 2593 3663 computatione.
2705 3613 2797 3662 ng,
2826 3613 2869 3653 ι.

303 3677 467 3740 Nam
507 3673 622 3737 AF
653 3681 749 3736 est
777 3669 972 3738 5231.
1037 3674 1141 3736 FE
1172 3667 1455 3756 21147„
1498 3673 1746 3737 dimidia
1771 3673 1889 3735 ΡΩ
1923 3671 2089 3737 1057
2110 3666 2201 3754 Ἰ..
2268 3673 2431 3753 Ergo
2462 3680 2597 3735 tota

301 3765 434 3828 ΑΩ
483 3759 679 3828 6288.
775 3761 888 3826 ΩΡ
938 3781 1080 3826 vero
1147 3771 1248 3826 est
1307 3764 1794 3844 perpendiculum
1862 3761 2218 3844 aequilateri
2280 3763 2589 3842 trianguli.

299 3855 470 3934 Ergo
518 3853 578 3915 in
614 3853 915 3933 triangulo
952 3852 1128 3916 ΑΩΡ
1167 3855 1419 3934 angulus
1459 3854 1536 3915 ad
1570 3853 1632 3915 Ω
1677 3861 1898 3923 rectus,
1948 3861 2010 3914 et
2055 3853 2251 3914 latera
2285 3851 2427 3926 ΑΩ,
2482 3851 2595 3916 ΩΡ

303 3945 473 4006 data.
557 3941 716 4004 Hinc
757 3941 873 4004 ΑΡ
920 3937 1111 4006 6549.
1197 3942 1388 4024 Perge
1434 3961 1528 4004 me
1567 3944 1812 4023 juvare,
1874 3948 1937 4003 et
1980 3943 2182 4004 rudem
2230 3941 2485 4004 tironem
2530 3941 2591 4002 in

299 4031 616 4114 principiis
669 4031 986 4094 instituere
1047 4049 1236 4112 aequo
1295 4031 1527 4106 anim03
1587 4039 1768 4112 atque
1824 4031 1979 4093 hunc
2034 4031 2217 4094 etiam
2262 4030 2589 4092 Maestline

300 4122 445 4186 mihi
495 4120 756 4184 concede
803 4121 1108 4185 laborem:
1173 4120 1259 4183 sic
1305 4121 1507 4183 omnia
1549 4127 1658 4182 tua
1703 4119 1907 4184 studia
1952 4119 2245 4184 foeliciter
2290 4119 2401 4182 tibi
2447 4138 2588 4182 suc-
2636 4152 2673 4195 1-

303 4213 546 4275 cedant„

481 4299 644 4362 Vale
693 4295 734 4362 3
785 4295 932 4371 (13)
977 4299 1128 4378 Apr.
1177 4292 1434 4372 (1596).

481 4387 898 4468 Stntgardiae.
1034 4386 1359 4468 Responde
1401 4387 1762 4451 brevissima
1796 4396 1863 4451 et
1900 4385 2004 4449 vili
2040 4387 2362 4450 schedula:
2426 4403 2543 4447 uon
2588 4392 2731 4466 peto
2778 4385 3009 4452 literas.

1542 4479 1618 4540 Η.
1670 4477 1739 4541 Τ.
2168 4475 2547 4556 gratissimus
2594 4475 2922 4557 discipulus

2276 4565 2369 4627 M.
2418 4564 2523 4628 J0.
2570 4563 2831 4648 Kepler.

443 4725 502 4776 In
527 4725 780 4776 Hansehio
819 4725 922 4775 alia
955 4725 1018 4776 de
1055 4726 1232 4776 eadem
1265 4737 1320 4776 re
1355 4725 1563 4789 epistola
1597 4728 1812 4776 occurrit
1845 4726 1895 4775 d.
1920 4723 2109 4791 stuttg.
2137 4725 2185 4775 d.
2216 4722 2239 4772 1
2272 4726 2409 4790 Apr.,
2444 4739 2593 4790 qnam
2628 4725 2873 4792 Keplerus
2909 4743 3009 4779 non

303 4799 435 4850 misit
469 4796 736 4852 Maestlino
773 4795 1017 4860 (Hansch.
1055 4813 1104 4861 p.
1146 4794 1252 4860 12).
1327 4798 1484 4862 Atque
1519 4797 1632 4850 illas
1667 4799 1838 4849 literas
1872 4800 2043 4850 statim
2077 4797 2175 4847 hae
2210 4801 2415 4848 secutae
2450 4802 2597 4848 suntx
