3634 5575
531 320 665 393 314
1376 329 1580 382 Literae
1615 328 1824 395 Kepleri
1861 328 2162 395 aliorumque
2195 335 2400 381 mutuae

528 488 1046 562 transscenderis,
1092 506 1209 571 quo
1256 489 1493 569 longius
1538 489 1600 552 in
1645 496 1753 552 tua
1799 488 2193 571 persuasione
2238 493 2564 569 provectus
2609 486 2827 561 fueris,
2893 484 3006 549 hoc
3051 485 3248 567 magis

526 584 588 640 te
634 578 779 641 mihi
826 578 955 641 fore
1001 583 1349 657 suspectum
1396 577 1777 641 credulitatis
1826 578 2063 641 nimiae.
2155 575 2278 639 Sed
2323 576 2510 639 heus!
2584 574 2864 652 Peccavi,
2912 593 2986 637 ne
3037 576 3239 650 ferias,

527 666 770 729 inermis
808 666 1039 731 adsum.
1120 664 1271 729 Cum
1302 666 1460 729 enim
1487 667 1709 729 nemini
1750 675 1813 729 te
1841 668 2212 747 parciturum
2241 666 2332 727 ais
2372 666 2594 745 (comp.
2629 664 2716 727 lit.
2745 663 2930 727 Fabr.
2966 682 3026 744 p.
3059 658 3242 755 306),

528 755 731 817 cautio
786 752 931 818 mihi
988 762 1086 819 est
1141 755 1508 832 adhibenda,
1578 776 1653 817 ne
1710 764 1775 817 et
1835 775 1927 819 me
1985 756 2223 819 hostem
2284 753 2396 817 tibi
2458 752 2714 834 deligas.
2813 753 2996 815 Nova
3054 770 3244 835 eaque

528 844 793 907 absurda
836 864 935 907 me
980 862 1213 925 quoque
1259 842 1321 907 in
1369 844 1857 925 meteorologicis
1917 844 2240 906 adduxisse
2295 852 2486 923 puto:
2561 842 2752 905 multa
2813 860 3045 922 quoque
3103 842 3246 903 fun-
3335 864 3350 873 ·

526 932 815 995 damenta
858 933 1113 1015 physica
1186 940 1252 997 et
1314 933 1678 1014 theologiam
1738 933 1970 997 eminus
2030 932 2375 1013 spectantia
2429 930 2768 1013 aperuisse3
2852 948 3037 1011 quare
3073 930 3245 991 haec

526 1020 745 1173 ancipiti:
772 1038 866 1084 me
910 1040 1029 1085 non
1076 1028 1313 1084 tantum
1360 1020 1721 1102 aequissimo
1768 1026 2117 1103 spectatore
2184 1021 2290 1083 sed
2339 1020 2522 1083 etiam
2585 1018 2851 1082 nonnihil
2915 1024 3244 1101 praeeunte

664 1214 1048 1266 Fabricius:
1108 1214 1188 1266 'l'u
1220 1214 1383 1266 nullos
1432 1210 1704 1281 aphetas
1756 1214 2021 1273 concedis,
2077 1222 2276 1279 praeter
2309 1210 2564 1265 humidum
2603 1212 2848 1271 radicale;
2909 1208 3040 1277 quod
3075 1226 3245 1261 verum

524 1292 603 1337 est
636 1291 868 1351 respectu
900 1287 1145 1337 inferioris
1182 1293 1233 1337 et
1270 1287 1607 1337 concurrentis
1646 1298 1851 1344 causae.
1891 1300 1952 1337 ex
1987 1292 2131 1351 parte
2177 1285 2412 1336 concedo.
2489 1284 2760 1334 Humidum
2794 1282 3016 1334 radicale
3050 1283 3248 1333 vehitur

524 1356 686 1407 calido
722 1358 922 1417 innato,
960 1363 1013 1407 et
1047 1357 1243 1423 quando
1280 1359 1533 1423 utriusque
1572 1359 1759 1421 optima
1796 1364 1875 1408 est
1908 1358 2156 1421 proportio
2171 1390 2187 1415 ‚
2223 1364 2346 1407 tuno
2383 1356 2488 1406 rita
2523 1355 2772 1421 longaeva
2805 1356 3164 1419 praesumitur,
3201 1356 3245 1403 si

525 1442 637 1477 eam
656 1427 875 1489 ⁸violenti
911 1442 1059 1478 casus
1092 1444 1194 1479 non
1230 1428 1545 1482 abscindunt·
1620 1428 1721 1479 Sed
1755 1428 1906 1485 unde.
1945 1442 2150 1493 quaeso,
2187 1427 2445 1477 humidum
2481 1427 2603 1477 illud
2641 1434 2694 1477 et
2727 1426 2944 1477 calidum
2979 1424 3131 1477 viulo
3165 1424 3243 1484 fit.

520 1498 655 1548 uude
694 1498 911 1547 animam
948 1513 1090 1549 suam
1124 1496 1315 1550 habet?
1392 1499 1660 1551 Constituit
1696 1514 1812 1565 ergo
1838 1498 1976 1549 Deus
2015 1498 2138 1549 duos
2174 1500 2465 1562 praecipuos
2501 1497 2694 1548 humidi
2733 1504 2786 1548 et
2821 1496 2974 1547 calidi
3009 1496 3244 1547 radicalis

522 1576 764 1619 rectores:
814 1568 861 1631 ’λι
898 1583 985 1634 pro
1021 1570 1247 1629 humido,
1302 1568 1367 1632 Θ
1404 1586 1490 1635 pro
1528 1570 1691 1621 calido
1726 1572 1918 1620 innato.
1992 1570 2058 1621 Hi
2097 1570 2194 1619 duo
2231 1563 2725 1620 excitant‘animam
2759 1575 2813 1618 et
2848 1568 3104 1617 vivificant
3137 1567 3240 1628 illa,

522 1653 651 1704 quae
688 1639 786 1689 dixi
820 1640 1067 1691 radicalia
1100 1641 1369 1699 naturalia,
1406 1642 1553 1706 idque
1590 1656 1675 1705 pro
1700 1643 1882 1691 virtute
1921 1647 1975 1691 et
1997 1642 2160 1704 positu
2198 1654 2288 1691 suo
2312 1642 2500 1691 fortiori
2522 1640 2602 1691 vel
2627 1640 2934 1690 imbecilliori
2968 1640 3020 1688 iu
3046 1640 3237 1703 genesi.

524 1708 834 1761 eonem-runt
868 1724 985 1777 ergo
1025 1712 1155 1763 duae
1191 1726 1377 1763 causae
1414 1714 1547 1763 vitae
1580 1718 1780 1763 nostrae
1815 1712 2107 1765 nam-ales:
2163 1712 2417 1776 corporale
2455 1720 2508 1763 et
2554 1711 2756 1761 utrsle.
2834 1710 3098 1774 Corporale
3133 1710 3242 1759 sine

525 1780 696 1831 astreli
732 1782 873 1847 qussi
907 1789 1153 1833 mortuum
1190 1789 1297 1843 est,
1337 1798 1395 1833 ex
1431 1782 1515 1833 illo
1552 1798 1665 1833 vero
1701 1784 1991 1833 vivificatur.
2068 1784 2300 1833 Animam
2336 1790 2392 1833 tu
2429 1783 2644 1847 corporis
2677 1783 2830 1833 vitam
2867 1795 3032 1831 nonne
3069 1778 3242 1831 dices?

524 1850 657 1912 Quid
689 1852 915 1917 prohibet
950 1868 1084 1919 ergo,
1127 1850 1191 1915 (ξ)
1232 1860 1284 1905 et
1318 1854 1363 1917 ’ΣΙ
1403 1855 1566 1903 dicere
1603 1854 1734 1903 vitae
1770 1854 2014 1905 naturalis
2053 1854 2442 1919 significator-es,
2480 1856 2598 1919 quia
2635 1852 2698 1904 de
2734 1852 2990 1903 debilitate
3025 1852 3102 1902 vel
3139 1850 3240 1901 for-

522 1923 731 1973 titudine
769 1925 903 1973 vitae
939 1924 1185 1975 naturalis
1221 1924 1507 1991 significant
1544 1931 1596 1974 et
1626 1925 1872 1987 judicant.
1947 1924 2042 1975 Pro
2081 1924 2432 1975 constitutione
2473 1937 2592 1991 ergo
2625 1924 2799 1974 horum
2837 1924 3042 1973 duorum
3079 1929 3238 1973 astro-

520 1993 681 2060 logice
718 1993 781 2044 de
816 1995 920 2045 rita
946 1995 1276 2059 judicandum
1310 2002 1445 2061 puto.
1522 1994 1607 2045 Sol
1652 1996 1838 2047 lumine
1891 2002 1944 2047 et
1991 1996 2158 2047 calore
2213 2010 2300 2046 suo
2340 2003 2544 2047 externo
2597 1996 2778 2061 ubique
2827 1996 2880 2045 in
2919 1994 3155 2057 ecliptica
3191 1999 3244 2045 et

520 2064 833 2117 verticalibus
886 2068 1080 2119 ratione
1123 2067 1391 2119 horizontis
1448 2082 1550 2117 non
1594 2073 1673 2117 est
1718 2082 1878 2131 aeque
1920 2073 2118 2131 potens.
2193 2068 2326 2133 Ergo
2365 2067 2564 2118 asti-alis
2599 2067 2729 2117 illius
2765 2068 2838 2117 vis
2882 2080 2970 2131 pro
3021 2065 3128 2115 vita
3159 2078 3236 2115 re·

520 2136 713 2201 genda.
762 2151 850 2201 pro
902 2138 1062 2189 calido
1112 2140 1290 2190 innato
1335 2138 1617 2205 vegetando
1672 2144 1725 2187 et
1772 2138 2085 2189 fortificando
2137 2154 2237 2189 non
2292 2140 2385 2189 erit
2429 2140 2611 2203 ubique
2651 2140 2704 2187 in
2739 2137 2962 2188 themate
2999 2136 3240 2203 aequalis.

520 2206 707 2273 Anguli
742 2212 875 2257 certe
924 2205 957 2257 4
992 2211 1239 2261 maximae
1274 2211 1463 2259 virtutis
1499 2214 1643 2267 sunt,
1699 2211 1914 2261 maxime
1964 2225 2080 2260 vero
2119 2210 2314 2261 decima
2369 2210 2540 2259 domus
2555 2245 2570 2268 ,
2620 2215 2732 2273 post
2766 2208 2807 2259 1.
2846 2209 3052 2267 domun
3113 2207 3274 2257 haee.

520 2284 719 2363 propter
760 2278 969 2344 primam
1018 2283 1341 2332 emersionem
1396 2286 1449 2331 et
1503 2278 1859 2333 discussionem
1933 2281 2247 2331 tenebrarum
2263 2318 2276 2342 ‚
2334 2280 2422 2335 illa
2473 2287 2674 2346 propter
2725 2280 2884 2331 lucem
2927 2284 2984 2335 nt
3029 2278 3243 2329 calorem

496 2358 809 2400 ‘mullum-

698 2438 1101 2519 Keplerust
1151 2439 1245 2500 De
1275 2439 1515 2520 aphetis
1544 2440 1803 2513 memini,
1854 2458 1950 2501 me
1979 2438 2059 2501 ad
2087 2456 2302 2501 nomen
2349 2435 2573 2520 ἀφοζω,
2619 2438 2931 2519 ἀφωσθαι,
2983 2458 3235 2521 respex-

524 2525 665 2589 isse.
744 2525 1065 2590 Sententia
1112 2528 1257 2602 fuit,
1320 2528 1635 2591 terminum
1683 2548 1819 2591 esse
1870 2528 2328 2608 astrologicam,
2389 2528 2486 2610 qui
2534 2528 3017 2591 inconsideratos
3063 2529 3235 2590 deci-

520 2616 675 2695 piat,
756 2616 929 2697 quasi
994 2616 1287 2697 astrologi
1348 2618 1683 2687 exturbatis
1750 2617 2024 2699 genuinis
2091 2635 2287 2680 rerum
2345 2618 2546 2680 causis
2603 2617 2682 2679 ad
2740 2618 2890 2680 haec
2915 2621 2922 2630 “
2951 2616 3239 2695 <merom

520 2704 899 2785 confugiant,
968 2705 1159 2767 vitam
1204 2718 1321 2769 non
1370 2726 1446 2769 ex
1490 2707 1881 2770 immanentia
1925 2706 2161 2769 animae
2183 2752 2202 2781 ‚
2269 2707 2380 2769 sed
2427 2726 2503 2767 ex
2540 2706 2874 2787 agitatione
2921 2706 3076 2769 coeli
3123 2706 3236 2767 de-

521 2795 763 2856 ducant.
857 2795 991 2856 Hoc
1035 2803 1097 2856 te
1144 2813 1261 2856 non
1306 2805 1455 2877 puto
1498 2797 2008 2877 impugnaturum.
2101 2795 2186 2858 Et
2229 2802 2468 2871 tamen,
2521 2797 2696 2876 quasi
2745 2797 2826 2859 ad
2871 2797 3236 2877 impugnan-

520 2883 660 2945 dum
696 2881 837 2958 hoc,
907 2884 1063 2964 quod
1112 2883 1275 2960 dixi,
1344 2885 1566 2965 ἀφετην
1612 2885 1930 2965 genuinum
1979 2901 2114 2946 esse
2162 2884 2462 2952 humidum
2505 2885 2814 2956 radicale,
2883 2893 3236 2965 argumento

522 2971 849 3034 instructus
898 2991 992 3043 es,
1044 2971 1251 3034 sidera
1295 2973 1445 3035 dant
1492 2973 1731 3035 humido
1778 2972 2030 3035 radicali
2077 2973 2365 3052 vigorem.
2461 2974 2592 3035 Hoc
2637 2975 2780 3050 tibi,
2847 2975 2927 3036 mi
2974 2973 3234 3048 Fabrici,

519 3058 933 3140 philosophice
980 3077 1056 3122 ex
1102 3061 1235 3141 ipso
1284 3063 1467 3124 etiam
1512 3063 1659 3125 Pico
1706 3061 1960 3136 dicenti,
2027 3063 2317 3138 concedo,
2383 3061 2489 3124 sed
2537 3081 2748 3142 parum
2795 3063 2852 3124 in
2903 3062 3239 3142 astrologia

518 3148 630 3210 tibi
676 3148 949 3228 prodest.
1042 3149 1177 3212 Non
1226 3149 1386 3213 enim
1432 3152 1525 3214 ita
1570 3151 1773 3212 sidera
1822 3151 1972 3212 fiunt
2020 3151 2297 3230 aphetae,
2345 3159 2416 3212 ut
2460 3151 2724 3214 animare
2771 3160 2836 3214 et.
2883 3153 3088 3214 fovere
3117 3151 3234 3214 hu-

527 3236 751 3300 midum
797 3238 1063 3300 radicale
1113 3257 1187 3300 ex
1234 3257 1301 3301 se
1346 3241 1500 3320 ipsis
1548 3241 1868 3314 desinant‘3
1918 3240 2060 3313 imo,
2109 3239 2160 3300 si
2209 3241 2320 3302 hoc
2367 3241 2692 3315 sufficeret,
2741 3240 2848 3302 illa
2889 3248 3234 3320 pergerent,

524 3343 709 3406 quare
755 3333 948 3388 totum
995 3326 1107 3389 hoc
1156 3329 1501 3409 apheticum
1562 3329 1796 3392 facinus
1865 3333 2012 3390 non*
2047 3327 2409 3391 ordinarium
2458 3347 2592 3390 esse
2640 3347 2890 3390 necesse
2937 3337 3067 3405 est,
3126 3327 3234 3390 sed

524 3413 1011 3502 accidentarium.
1107 3415 1265 3480 Sunt
1310 3438 1499 3480 causa
1544 3417 1773 3493 mortis,
1826 3426 1894 3479 ut
1940 3415 2047 3479 Sol
2097 3425 2194 3480 est
2238 3437 2425 3480 causa
2471 3417 2714 3498 eclipsis
2761 3418 3024 3492 Lunae,.
3049 3425 3236 3497 ‘prout

524 3511 591 3565 tu
650 3501 891 3584 quidem
946 3505 1097 3584 jam.
1144 3525 1220 3568 ex
1274 3508 1589 3587 praedicto
1654 3506 2044 3570 fundamento
2100 3506 2514 3586 philosophico
2575 3517 2790 3570 contra
2837 3525 2928 3568 me
2976 3525 3231 3587 pugnas.

522 3593 681 3655 Nam
726 3592 787 3654 iu
834 3593 1109 3657 terminis
1156 3596 1383 3676 loquor.
1478 3597 1545 3659 In
1596 3594 1986 3676 sequentibus
2033 3595 2210 3674 plane
2241 3613 2490 3670 mecum,
2540 3595 2650 3657 sed
2696 3614 2908 3675 parum
2953 3605 3133 3658 caute
3173 3597 3234 3658 in

522 3691 691 3744 tuam
737 3699 885 3744 rem.
978 3682 1302 3745 Materiale
1349 3685 1708 3764 apheticum,
1756 3683 2058 3746 humidum
2107 3683 2404 3760 radicale,
2453 3684 2702 3747 formale
2748 3683 2880 3763 ejus
2927 3685 2987 3746 in
3035 3693 3235 3747 mate-

520 3770 673 3838 riam
720 3788 901 3850 opus,
967 3769 1227 3834 calidum
1272 3772 1569 3847 nativum,
1640 3773 2004 3852 adjuvantes
2061 3791 2280 3834 causas
2327 3771 2559 3847 sidera,
2627 3783 2690 3836 et
2745 3773 3011 3854 quidem,
3079 3774 3235 3854 quod

524 3859 769 3938 egregie
814 3859 996 3922 tinnit
1039 3859 1099 3921 in
1149 3859 1395 3922 auribus
1440 3861 1593 3922 meis
1614 3907 1629 3935 ,
1680 3861 2066 3922 stimulantes
2112 3861 2374 3923 animam
2417 3870 2482 3923 et
2527 3861 2898 3925 excitantes:
2975 3861 3236 3924 dixisses

520 3949 955 4024 tantummodo,
1006 3956 1072 4010 ut
1116 3966 1249 4028 ego,
1299 3949 1513 4013 stellas
1560 3967 1797 4025 canere,
1848 3949 2109 4012 animam
2155 3951 2405 4022 saltare,
2453 3968 2526 4012 ne
2573 3952 2670 4014 hic
2717 3951 2996 4014 stimulus
3043 3951 3126 4012 sit
3169 3951 3232 4012 iu

522 4035 674 4118 ipsis
738 4055 847 4118 per
892 4057 959 4098 se
1006 4034 1337 4113 sideribus,
1403 4038 1512 4100 sed
1574 4037 1777 4117 potius
1846 4040 1906 4101 in
1963 4039 2163 4101 animo
2225 4039 2482 4104 hominis
2505 4085 2522 4113 ,
2587 4048 2654 4102 ut
2695 4059 2858 4104 *rosa
2921 4039 3234 4114 infantem,

522 4123 737 4204 ignara
780 4125 934 4208 ipsa,
984 4125 1229 4190 animat.
1323 4127 1522 4189 Unum
1566 4144 1783 4189 cavere
1829 4135 1892 4189 te
1931 4127 2145 4208 jubeo,
2214 4145 2290 4190 ne
2359 4128 2728 4208 astrologica
2771 4128 3042 4210 physicis
3087 4147 3234 4190 con·

522 4213 740 4276 fundas
760 4263 775 4291 ,
826 4215 1119 4294 quomodo
1166 4215 1413 4290 dixisti,
1464 4215 1739 4296 adjuvari
1785 4216 2046 4285 calorem
2094 4217 2364 4279 nativum
2413 4219 2637 4293 astris3
2705 4217 2758 4282 is
2805 4235 2924 4280 non
2973 4235 3233 4280 enerva-

520 4313 620 4366 tur
670 4303 791 4366 situ
839 4303 1116 4379 siderum,
1166 4305 1309 4386 quia
1354 4307 1465 4368 hoc
1513 4304 1740 4368 faciunt
1786 4321 1906 4368 non
1955 4305 2044 4368 uti
2091 4306 2270 4367 situm
2317 4313 2521 4380 nacta,
2570 4307 2677 4368 sed
2725 4306 2814 4368 uti
2861 4305 2990 4382 Sol,
3038 4307 3233 4380 Luna,

521 4400 587 4454 et
630 4392 691 4456 id
738 4412 815 4455 ex
860 4413 927 4454 se
974 4393 1223 4456 habeut.
1314 4393 1411 4456 Ex
1458 4392 1602 4456 Sole
1649 4403 1890 4456 emanat
1936 4395 2129 4457 'virtus
2175 4395 2233 4456 in
2283 4393 2626 4458 universum
2663 4396 2964 4471 mundum,
3011 4403 3082 4457 ut
3125 4413 3236 4457 ca-

524 4483 640 4558 lor,
706 4488 777 4545 ut
816 4489 1037 4544 motus.
1130 4483 1221 4546 At
1266 4485 1557 4564 quomodo
1620 4483 1805 4546 certis
1870 4483 2047 4558 locis,
2112 4483 2415 4564 personis,
2481 4483 2850 4564 temporibus
2924 4484 3240 4548 stimulant

522 4571 776 4660 animos,
824 4571 884 4632 ld
930 4571 1001 4634 fit
1042 4570 1279 4634 ratione
1326 4572 1480 4634 situs
1527 4571 1810 4653 ipsorum,
1863 4572 1960 4654 qui
2008 4571 2156 4652 ipsis
2206 4570 2430 4635 accidit
2475 4592 2733 4656 vereque
2781 4573 2840 4635 in
2873 4575 3071 4636 animo
3111 4581 3226 4649 est,

522 4659 624 4738 qui
670 4659 791 4721 illis
837 4659 1055 4722 sitibus
1102 4661 1279 4733 (suut
1323 4668 1527 4724 autem
1572 4669 1859 4742 aspectus
1907 4669 1972 4724 et
2016 4661 2414 4724 mediationes
2461 4663 2644 4738 coeli)
2691 4670 2984 4724 movetur.
3068 4661 3238 4725 Haec

525 4757 591 4808 tu
636 4748 761 4809 noli
806 4748 1205 4822 confundet-eg
1277 4749 1418 4830 quid
1466 4750 1623 4813 enim
1670 4757 1983 4831 sequatur,
2049 4749 2237 4813 vides.
2329 4749 2398 4814 Si
2454 4748 2620 4832 prior
2677 4751 2834 4813 enim
2890 4752 2999 4816 illa
3043 4751 3236 4814 virtus

526 4853 567 4897 a
610 4835 735 4900 situ
780 4833 943 4900 Solis
988 4839 1245 4918 pendet,
1304 4846 1491 4914 certe,
1540 4839 1680 4920 quia
1724 4837 1852 4914 Sol,
1904 4847 1970 4902 et
2014 4839 2094 4901 ad
2137 4838 2334 4903 visum
2379 4847 2446 4902 et
2490 4841 2566 4903 ad
2615 4840 3086 4921 magnitudinem
3126 4857 3237 4901 ve-
