3634 5575
568 378 576 385 ·
619 349 704 417 64
1794 350 2117 403 nonenim

620 530 851 575 rursum
909 512 1127 575 stellae
1184 514 1244 576 A
1287 511 1607 575 maximam
1663 519 1728 573 et
1783 510 2087 574 minimam
2134 510 2527 574 altitudinem.
2619 510 2885 573 Necesse
2938 509 3125 590 igitur
3172 508 3311 583 fuit,

618 602 676 661 in
726 602 983 662 maxima
1029 600 1342 663 altitudine
1387 600 1697 680 provenire
1745 618 1947 662 arcum
1993 599 2127 673 AB,
2177 599 2273 680 qui
2320 600 2512 679 major
2556 599 2739 661 debet
2774 618 2909 663 esse
2948 616 3126 679 quam
3166 595 3314 669 ΑΚ,

620 689 672 749 si
717 684 858 751 v'ere
906 690 1233 770 amplitudo
1281 690 1442 752 orbis
1487 688 1720 751 ELDM
1766 700 1863 750 est
1925 688 2225 750 sensibilis
2290 688 2442 750 inter
2502 689 2674 751 fixae.
2778 686 3034 751 Collatis
3092 686 3317 749 obser-

621 777 956 840 vationibus
1005 779 1468 858 deprehendisse
1513 777 1752 852 videor,
1804 777 1959 857 quod
2006 777 2341 839 differentia
2385 794 2653 853 arcuum,
2704 795 2854 859 quae
2902 785 2998 838 est
3042 776 3175 851 KB,
3224 774 3319 837 sit

619 862 702 931 33
765 871 884 928 fere
945 868 1350 946 scrupulorum
1413 888 1450 927 a
1504 861 1584 928 4⁰
1616 865 1686 943 γ’
1711 867 1788 927 ad
1834 861 2030 940 4⁰2³,
2090 867 2479 945 quadrantem
2537 866 2759 929 circuli.
2852 866 3025 929 Unde
3084 882 3314 943 seque-

619 965 808 1032 retur,
866 956 1304 1043 proportionem
1368 955 1516 1017 coeli
1562 955 1869 1017 terrestris
1924 954 2050 1015 sive
2098 956 2227 1035 ejus
2273 955 2544 1017 diametri
2601 956 2679 1017 ad
2738 956 3095 1018 diametrum
3146 954 3313 1014 fixa-

619 1063 750 1106 rum
809 1064 942 1106 esse
1009 1054 1074 1105 ut
1127 1044 1296 1105 unius
1344 1045 1422 1106 ad
1473 1040 1614 1108 100.
1707 1044 1833 1107 Sed
1877 1044 2159 1120 videor,
2233 1043 2505 1123 inquam,
2573 1042 3052 1125 deprehendisse.
3144 1042 3317 1105 Nam

619 1132 950 1214 hujusmodi
997 1133 1364 1203 observatio,
1409 1152 1517 1213 per
1561 1134 1958 1196 instrumenta
2002 1152 2117 1194 non
2164 1133 2492 1213 exquisita,
2543 1133 2771 1195 lubrica
2814 1141 2928 1195 est.
3122 1146 3129 1153 ·

774 1274 834 1323 In
885 1276 1104 1339 margine
1158 1276 1263 1338 ipse
1309 1280 1519 1325 annotat
1570 1273 1850 1337 Keplerus:
1917 1276 2025 1337 jam
2059 1273 2191 1322 enim
2242 1273 2317 1322 his
2362 1274 2479 1337 ipsis
2539 1273 2707 1323 diebus
2774 1274 3027 1325 observavi
3085 1271 3317 1339 ejusdem

619 1343 794 1394 stellae
827 1344 1152 1397 humilitatem
1185 1346 1530 1404 meridianam,
1569 1354 1722 1395 noctu
1755 1346 1802 1395 h.
1845 1344 1941 1402 12,
1998 1358 2125 1409 quae
2160 1343 2415 1394 videbatur
2458 1344 2575 1394 mihi
2620 1344 2895 1396 coincidere
2932 1360 3046 1397 cum
3080 1344 3168 1394 illa
3203 1342 3313 1393 De-

618 1416 796 1466 cembri
833 1416 1019 1467 habita.
1092 1416 1376 1487 Altrobique
1428 1418 1575 1482 igitur
1629 1423 1842 1467 erratum
1896 1422 1973 1466 est
2022 1418 2073 1465 in
2127 1416 2477 1467 observatione
2552 1414 2745 1480 (Comp.
2794 1430 2905 1466 cum
2940 1416 3019 1467 his
3054 1428 3143 1475 ea,
3180 1427 3319 1478 quae

616 1486 862 1552 Keplerus
917 1488 1139 1538 Galilaea
1197 1490 1506 1553 perscripsit,
1576 1490 1790 1538 invitans
1845 1488 2009 1547 hunc,
2064 1493 2121 1535 ut
2172 1486 2384 1537 eandem
2446 1488 2833 1538 ohservationem
2884 1488 2937 1538 in
2988 1502 3043 1537 se
3101 1485 3323 1549 recipiat

616 1572 732 1623 pag.
770 1554 854 1613 42,
894 1564 947 1608 et
978 1562 1342 1623 responsionem
1377 1559 1620 1623 Tychonis
1656 1559 1721 1609 ad
1753 1559 1959 1623 Kepleri
1992 1558 2161 1607 literas
2198 1558 2260 1607 de
2292 1559 2468 1609 eadem
2502 1560 2805 1625 quaestione.
2840 1573 2956 1624 pag.
2994 1554 3109 1619 47.)

792 1665 1004 1745 Itaque
1061 1666 1326 1745 pluribus
1373 1666 1889 1728 observationibus
1934 1664 2229 1728 dubitatio
2277 1666 2465 1727 omnis
2524 1665 2894 1728 excludenda
2956 1674 3088 1741 est,
3154 1681 3319 1744 quae

621 1774 718 1815 res
775 1753 1016 1833 aliquod
1062 1763 1296 1834 tempus
1341 1755 1606 1835 requirit.
1657 1786 1738 1797 -—-
1789 1753 1945 1817 Sunt
1988 1764 2052 1815 et
2096 1754 2200 1816 alii
2246 1754 2422 1829 modi,
2470 1754 2579 1816 sed
2623 1754 3004 1817 difficiliores.

795 1842 928 1904 Hoc
975 1843 1073 1905 ubi
1119 1852 1282 1905 certo
1328 1844 1654 1906 innotuerit
1697 1844 1802 1918 (et
1844 1843 2021 1905 velim
2050 1886 2066 1912 ,
2128 1843 2278 1905 alios
2343 1861 2570 1923 quoque
2618 1852 2991 1905 astronomos
3045 1843 3107 1905 in
3154 1843 3317 1904 hauc

620 1951 746 1995 rem
789 1931 1052 1993 intentos
1100 1935 1293 2007 esse),
1349 1933 1603 2011 primum
1649 1932 1977 1994 retexenda
2022 1932 2138 1994 erit
2184 1931 2460 1993 universa
2507 1933 2876 1994 astronomia
2930 1942 2995 1994 et
3046 1949 3317 2012 geogra-

621 2021 793 2100 phia,
845 2021 1506 2101 demonstrandumque,
1556 2021 1711 2103 quod
1764 2023 1824 2083 in
1872 2042 2241 2100 φαινομενοις
2288 2020 2549 2083 varietur
2603 2040 2710 2101 per
2766 2022 2919 2082 hanc
2966 2020 3225 2083 Telluris
3274 2040 3317 2080 a

623 2118 827 2171 centro
893 2111 1232 2172 sensibilem
1298 2111 1667 2172 distantiam.
1763 2110 1985 2172 Postea
2048 2110 2576 2194 suppeditarentur
2636 2108 2780 2171 mihi
2840 2109 3105 2171 rationes
3148 2108 3312 2190 phy-

624 2199 786 2261 sicae
836 2199 908 2260 de
957 2201 1154 2261 causis
1201 2200 1371 2279 hujus
1429 2198 1870 2280 proportionis3
1923 2200 2083 2279 prius
2139 2200 2293 2261 enim
2348 2206 2587 2279 oportet
2628 2219 2698 2260 w
2744 2193 2835 2259 ὁτι
2878 2206 3177 2273 constare,
3236 2216 3315 2258 ex

623 2306 736 2368 quo
783 2308 854 2348 w
900 2293 1044 2349 διοτι
1090 2289 1435 2352 deducatur.
1492 2290 1692 2369 Atque
1741 2294 1880 2350 tunc
1924 2306 2017 2349 me
2066 2289 2439 2369 accingerem
2486 2286 2563 2349 ad
2600 2296 2941 2391 susceptam
2971 2286 3309 2349 materiam.

799 2373 976 2447 Quod
1037 2386 1238 2438 autem
1293 2378 1474 2439 etiam
1530 2397 1606 2439 ex
1649 2377 1880 2438 ratione
1929 2385 2237 2440 ventorum
2302 2384 2365 2437 et
2409 2385 2605 2438 motus
2650 2377 2898 2438 marium
2941 2375 3158 2438 deduci
3202 2393 3311 2435 ar·

622 2475 906 2547 gumenta
976 2466 1286 2529 existimas
1361 2486 1466 2547 pro
1529 2474 1693 2528 motu
1753 2465 2033 2541 Telluris,
2109 2464 2380 2546 equidem
2436 2476 2499 2527 et
2554 2484 2665 2547 ego
2726 2465 3041 2528 nonnullas
3094 2464 3309 2526 harum
3374 2474 3385 2493 ⁸

621 2573 813 2617 rerum
859 2555 1252 2636 cogitationes
1301 2556 1522 2630 habeo;
1579 2564 1641 2619 et
1695 2573 1831 2616 cum
1890 2573 2075 2635 nuper
2122 2553 2532 2629 Galilaeus,
2590 2554 2919 2616 Patavinus
2965 2553 3307 2616 mathema-

622 2643 795 2720 ticus,
841 2643 902 2705 in
949 2644 1139 2706 literis
1186 2645 1262 2706 ad
1308 2663 1400 2706 me
1447 2644 1688 2725 scriptis
1735 2645 1822 2715 (v.
1868 2662 2012 2724 pag.
2060 2638 2175 2717 40)
2222 2652 2487 2705 testatus
2542 2651 2742 2719 esset,
2800 2662 2866 2705 se
2923 2642 3310 2722 plurimarum

623 2750 816 2796 rerum
873 2733 1231 2796 naturalium
1291 2752 1505 2796 causas
1571 2752 1648 2796 ex
1709 2732 2139 2814 hypothesibus
2202 2730 2545 2815 Coperuici-
2577 2732 2909 2795 rectissime
2966 2730 3309 2804 deduxisse,

622 2841 768 2902 quas
816 2822 920 2884 alii
965 2823 1211 2885 reddere
1260 2841 1334 2884 ex
1378 2823 1621 2884 usitatis
1668 2840 1785 2884 non
1831 2822 2095 2902 possint,
2144 2830 2583 2902 neque‘tamen
2628 2821 2689 2883 in
2736 2821 2937 2904 specie
2984 2821 3310 2903 quidquam

619 2921 1125 2986 commemoraret,
1156 2931 1266 2992 ego
1299 2913 1410 2973 hoc
1457 2912 1529 2973 de
1578 2909 1760 2973 maris
1805 2913 1966 2972 fluxu
2012 2911 2351 2990 suspicatus
2398 2929 2549 2973 sum.
2625 2910 2749 2973 Sed
2788 2921 3012 2984 tamen,
3050 2909 3151 2972 ubi
3178 2927 3309 2971 rem

623 2999 966 3079 diligentius
1011 3002 1330 3080 perpend0,
1381 3019 1496 3061 non
1543 3001 1809 3062 videmur
1856 3020 1894 3060 a
1939 3000 2113 3061 Luna
2157 2999 2463 3062 discedere
2512 3000 2757 3076 debere,
2807 2999 3005 3081 quoad
3042 2999 3309 3061 rationes

623 3091 882 3151 fluxuum
942 3108 1018 3150 ex
1077 3109 1148 3151 ea
1204 3090 1492 3152 deducere
1553 3089 1831 3170 quimus:
1890 3089 2046 3169 quod
2100 3089 2334 3169 quidem
2389 3088 2515 3151 fieri
2568 3107 2748 3170 posse
2796 3088 3094 3150 existimo.
3188 3084 3311 3158 Qui

621 3178 778 3239 enim
821 3178 1040 3241 Terrae
1086 3179 1272 3242 motui
1319 3179 1530 3241 tribuit
1574 3186 1797 3241 motum
1844 3177 2132 3252 marium,
2180 3196 2338 3239 mere
2398 3177 2721 3239 violentum
2778 3186 3003 3240 motum
3050 3176 3273 3239 statuit
3288 3193 3310 3250 ;

621 3275 690 3328 at
733 3267 831 3346 qui
876 3267 1082 3330 Lunae
1131 3267 1318 3330 maria
1364 3267 1509 3329 dicit
1553 3269 2003 3342 adhaerescere,
2050 3287 2126 3328 ex
2169 3275 2341 3347 parte
2388 3267 2725 3329 naturalem
2770 3267 2934 3330 facit.

798 3353 974 3427 Quod
1038 3356 1110 3419 de
1168 3357 1354 3419 Phil.
1402 3356 1919 3437 Landspergio
1977 3355 2217 3431 scribiS,
2280 3356 2339 3416 id
2406 3365 2545 3418 ante
2604 3355 2800 3436 ipsum
2861 3355 3309 3417 Reinmarus

623 3445 858 3508 Ursus
907 3445 1083 3508 fecit:
1133 3445 1284 3508 fixas
1331 3447 1669 3528 quiescere,
1746 3448 1967 3509 Terrae
2015 3453 2285 3507 centrum
2332 3444 2664 3525 quiescere,
2724 3445 3095 3525 superficiem
3148 3444 3313 3506 circa

622 3543 925 3610 centrum,
987 3545 1050 3598 et
1104 3535 1305 3598 Solem
1354 3535 1480 3618 (qui
1529 3544 1798 3598 centrum
1845 3536 1927 3597 sit
1972 3536 2229 3597 omnium
2274 3531 2315 3597 5
2370 3534 2773 3613 planetarum)
2838 3532 2999 3597 circa
3061 3533 3311 3596 Terram

623 3623 995 3686 circumduci.
1087 3625 1256 3686 Idem
1301 3625 1424 3687 fere
1470 3625 1808 3705 Maginus
1856 3625 1914 3686 in
1952 3623 2132 3686 Italia
2176 3623 2339 3698 fecit,
2386 3623 2658 3704 quamvis
2704 3632 2769 3686 et
2795 3622 3309 3686 circumferentiae

621 3713 784 3795 globi
848 3713 1068 3776 Terrae
1131 3723 1356 3776 motum
1422 3714 1498 3774 ad
1553 3715 1703 3775 fixas
1759 3713 2105 3776 transferat.
2209 3712 2408 3786 Idem,
2480 3713 2589 3774 sed
2647 3712 3055 3793 philosophice
3114 3710 3310 3792 magis

623 3821 799 3884 quam
846 3803 1279 3876 astronomice,
1326 3803 1721 3866 Roeslinus
1767 3803 1829 3864 in
1876 3801 2150 3876 Alsatia,
2200 3800 2358 3862 idem
2405 3801 2647 3883 Tycho
2693 3802 2926 3866 Brahe
2983 3802 3045 3863 in
3088 3800 3311 3873 Dania,

621 3890 718 3972 qui
761 3891 985 3972 primus
1031 3892 1296 3966 videtur,
1341 3892 1718 3971 praestitere.
1811 3889 2096 3952 Summa:
2146 3890 2510 3972 hypotheses
2566 3910 2681 3952 non
2741 3909 2929 3952 novae
2976 3899 3145 3963 sunt,
3200 3889 3311 3950 sed

590 3981 817 4043 -forma
859 3999 1044 4055 nova;
1093 3981 1318 4043 mixtae
1365 4001 1449 4042 sc.
1499 3987 1640 4042 sunt
1683 3999 1760 4042 ex
1805 3980 2065 4060 antiquis
2112 3987 2174 4040 et
2218 3977 2387 4040 novis
2432 3977 2766 4060 Copernici.
2856 3977 2988 4058 Ego
3043 3997 3183 4041 vero
3222 3977 3310 4038 sic

621 4087 869 4132 censeo:
937 4088 1069 4131 cum
1133 4069 1458 4132 astronomi
1520 4070 1865 4131 sacerdotes
1939 4067 2054 4129 Dei
2128 4066 2407 4129 altissimi
2480 4087 2553 4129 ex
2611 4075 2784 4150 parte
2846 4067 2984 4129 libri
3058 4078 3306 4129 naturae

629 4159 830 4235 simus,
879 4159 1089 4220 decere
1135 4178 1252 4220 non
1297 4157 1518 4238 ingenii
1563 4158 1817 4233 laudem,
1866 4158 1973 4218 sed
2022 4154 2328 4220 Creatoris
2374 4157 2687 4238 praecipue
2736 4157 2971 4218 laudem
3010 4164 3307 4237 spectare.

630 4245 747 4319 Qui
793 4249 903 4310 hoc
949 4246 1066 4308 sibi
1110 4266 1457 4327 persuasum
1505 4247 1704 4316 habet,
1738 4247 1804 4308 .is
1844 4266 1957 4308 non
2000 4246 2173 4308 facile
2204 4244 2364 4308 aliud
2403 4247 2718 4327 quidquam
2754 4245 2812 4306 in
2850 4245 3041 4307 lucem
3070 4245 3310 4320 emittit,

629 4355 805 4416 quam
851 4356 1050 4398 secum
1095 4337 1223 4415 ipse
1269 4337 1476 4410 credit,
1517 4356 1625 4398 nec
1671 4345 1893 4398 temere
1932 4335 2071 4415 quid
2115 4335 2177 4396 in
2223 4334 2647 4416 hypothesibus
2692 4343 2904 4408 mutat,
2936 4335 3052 4397 nisi
3088 4334 3315 4398 certius

630 4445 705 4486 ex
748 4426 868 4489 illis
912 4425 1322 4508 phaenomena
1367 4425 1757 4488 demonstrari
1803 4443 1983 4504 posse
2038 4431 2276 4505 speretj
2333 4443 2441 4486 nec
2506 4425 2747 4487 nimium
2806 4423 3143 4502 desiderat,
3204 4425 3313 4488 illa

629 4533 848 4595 magna
889 4515 1138 4590 lumina,
1187 4514 1594 4578 Ptolemaeum
1642 4522 1704 4576 et
1749 4513 2142 4595 Cepernicum
2188 4514 2327 4584 &c.‚
2384 4513 2743 4577 inventionis
2786 4513 2980 4593 gloria
3022 4533 3311 4596 praever-

629 4612 777 4667 tere.
867 4604 1068 4685 Atque
1117 4605 1300 4667 etiam
1345 4604 1520 4680 mihi,
1560 4605 1654 4665 cui
1696 4602 2157 4684 persuasissima
2200 4610 2296 4665 est
2336 4600 2656 4682 Copernici
2709 4602 3038 4679 sententia,
3102 4602 3313 4683 religio

629 4702 727 4755 est
784 4693 942 4755 aliud
989 4712 1345 4774 proponere,
1411 4693 1508 4754 vel
1553 4692 1615 4754 in
1658 4693 1896 4755 laudem
1940 4691 2189 4772 ingenii,
2249 4691 2349 4754 vel
2403 4693 2481 4754 ad
2526 4691 2783 4773 gratiam
2827 4691 3157 4767 hominum,
3214 4692 3315 4773 qui

629 4783 1004 4845 absurditate
1050 4784 1384 4846 sententiae
1430 4781 1664 4864 plurimi
1711 4783 2099 4845 offenduntur.
2193 4780 2432 4843 Sufficit
2486 4781 2633 4843 haec
2678 4781 2899 4862 gloria,
2956 4801 3137 4862 posse
3186 4778 3313 4844 Co-

627 4870 898 4954 pernico‚
962 4871 1039 4934 ad
1093 4891 1370 4954 magnam
1439 4890 1605 4934 aram
1667 4891 1845 4935 sacra
1910 4871 2153 4934 facienti
2172 4917 2189 4946 ,
2262 4877 2472 4951 portas
2530 4871 2739 4952 templi
2790 4889 2926 4934 mea
2967 4869 3313 4934 inventione
