3634 5575
667 329 801 403 432
1795 332 1878 385 n·
1914 334 2271 387 immone·

1801 491 2077 555 'l'hesis
2122 491 2259 555 LII.

843 580 1148 643 Recensui
1209 579 1563 659 potissimas
1627 581 2107 663 praedictionum
2162 580 2665 660 astrologicarmn
2720 531 2999 657 causas3
3078 577 3255 661 quod
3296 578 3427 643 reli-
3526 521 3552 697 ΚΞ

669 688 849 752 quum
895 678 1012 745 est,
1061 671 1123 732 in
1161 670 1310 750 ipsis
1357 677 1424 732 ut
1468 670 1786 750 plurimum
1833 670 2343 750 praedictionibus
2406 689 2773 735 consumam.
2870 672 3185 735 Primum
3244 686 3427 729 meuse

665 759 1028 835 Decembri,
1099 758 1390 821 Januario
1457 766 1520 820 et
1581 760 1909 822 Februario
1987 758 2223 823 sextilis
2280 758 2527 823 Saturni
2580 768 2645 823 et
2689 762 2919 825 Martis
2974 758 3159 828 erit,
3204 766 3429 836 praeter
3536 746 3552 809 !

667 868 890 913 morem
918 848 1252 911 diuturnus.
1311 847 1555 910 Accidit
1603 848 1776 924 enim,
1821 856 1889 911 ut
1916 850 2085 911 Mars
2136 848 2311 912 simul
2356 850 2463 911 fiat
2510 850 2936 925 stationarius,
2998 856 3079 910 et
3130 845 3425 909 Saturnus

665 959 774 1019 per
840 956 906 1001 se
968 937 1180 1000 tardus
1235 945 1363 1011 est.
1461 934 1800 1001 Commotio
1862 938 2185 999 vehemens
2242 944 2305 999 et
2350 937 2725 1001 certissimus
2772 955 3103 1003 excessus
3168 935 3233 997 in
3280 942 3427 998 statu

670 1027 850 1090 aeris.
943 1028 1014 1089 In
1063 1045 1178 1107 quo
1228 1034 1430 1089 autem
1477 1044 1833 1089 excessurus
1880 1027 1995 1101 sit,
2046 1045 2163 1089 nou
2209 1027 2301 1089 ita
2346 1026 2691 1106 expeditum
2738 1036 2851 1091 est.
2944 1028 3141 1091 Nam
3172 1024 3255 1087 ad
3294 1024 3427 1087 hane

665 1136 792 1179 rem
837 1115 1162 1196 requiritur
1207 1115 1510 1195 generalis
1537 1115 1698 1178 illins
1729 1114 2147 1196 dispositionis
2176 1116 2475 1177 Terrenae
2524 1118 2886 1197 speculatio,
2948 1116 3185 1197 qualis
3250 1114 3427 1175 futura
3550 1130 3552 1169 ;

669 1208 770 1282 sit,
821 1205 979 1286 quod
1027 1203 1266 1285 quidem
1315 1204 1493 1267 nullis
1523 1205 1719 1269 adhuc
1767 1204 2127 1284 conjecturis
2175 1203 2419 1285 assequi
2464 1222 2573 1266 nos
2627 1223 2809 1284 posse
2855 1214 3051 1285 pute,
3098 1222 3269 1284 quae
3314 1203 3425 1265 dis-

659 1295 879 1375 positio
925 1294 1138 1357 fortior
1183 1304 1314 1369 est,
1364 1312 1543 1374 quam
1587 1294 1855 1375 ipsorum
1908 1290 2287 1373 planetarum
2342 1293 2713 1373 operationis
2759 1294 3050 1357 variatio
3106 1310 3229 1372 per
3276 1292 3421 1353 viret

670 1383 1022 1464 peculiares.
1118 1381 1192 1445 Si
1240 1383 1405 1445 solus
1453 1382 1572 1445 iste
1620 1381 1839 1445 fuisset
1884 1389 2194 1462 aspectus,
2256 1400 2548 1443 summum
2596 1381 2675 1444 ab
2720 1380 3263 1447 exhalationibus
3306 1380 3424 1441 nin·

673 1473 834 1553 gidis
882 1471 1072 1552 frigus
1116 1471 1580 1551 praedixissem.
1673 1472 1762 1533 At
1816 1472 1947 1551 jam
2006 1478 2253 1552 propter
2316 1488 2667 1533 concursum
2728 1472 3161 1552 plurimorum
3222 1486 3424 1549 aspec-

671 1572 836 1624 tuum
883 1568 1122 1623 tautam
1183 1567 1328 1641 puto
1377 1561 1504 1623 fore
1553 1561 2009 1623 commotionem
2058 1559 2416 1633 (accedente
2451 1562 2815 1639 praesertim
2842 1562 3153 1625 statione
3182 1558 3421 1629 Martis)

667 1658 738 1713 ut
783 1656 890 1711 aer
933 1648 1158 1728 tepidis
1202 1650 1385 1728 plane
1432 1649 1784 1731 vaporibus,
1834 1668 1868 1711 e
1916 1650 2140 1711 Terrae
2186 1648 2519 1711 visceribus
2566 1650 2853 1725 excretis,
2906 1650 3221 1717 calefiat,
3268 1648 3422 1709 nivet

669 1737 1098 1819 propemodum
1143 1737 1543 1814 resolvantur,
1593 1738 1814 1801 itinera
1858 1738 2175 1817 plurimum
2220 1736 2643 1819 impediantur.
2734 1738 3031 1803 Januarii
3072 1736 3149 1801 4.
3204 1738 3276 1814 ἅ
3292 1732 3367 1812 Θ
3386 1734 3423 1811 ζὶ

665 1828 836 1889 nives
893 1834 1002 1889 aut
1045 1834 1290 1901 ventos,
1339 1835 1521 1906 prout
1564 1827 1722 1889 feret
1766 1826 2069 1907 generalis
2116 1824 2456 1906 dispositio.
2552 1824 2733 1889 Circa
2797 1825 2899 1893 10.
2956 1827 3081 1892 11.
3142 1844 3263 1889 sex
3308 1825 3418 1885 fer·

666 1916 890 1979 tissimi
937 1920 1246 1996 aspectus.
1341 1916 1550 1978 Merus
1597 1923 1808 1996 tepor,
1876 1923 1940 1977 et
2003 1915 2243 1995 pluviae
2304 1934 2439 1977 cum
2484 1914 2723 1979 nivibus
2768 1914 3191 1979 intermixtis.
3284 1913 3415 1975 Fine

667 2024 743 2067 ex
789 2004 1052 2085 antiquis
1100 2004 1448 2084 aspectibus
1494 2004 1662 2077 nulli,
1719 1998 1800 2065 ex'
1838 2004 2011 2067 novis
2058 2022 2199 2066 vero
2247 2004 2306 2067 d.
2338 2000 2445 2065 21.
2497 2004 2765 2084 quintilis
2808 2006 2991 2069 Jovis
3048 2013 3127 2067 et
3167 2000 3415 2065 Veneris

669 2096 962 2157 flatuosus
1010 2101 1074 2157 et
1119 2093 1366 2167 calidus,
1420 2100 1706 2175 quantum
1753 2093 1965 2175 hyems
2012 2092 2149 2155 fert.
2225 2088 2460 2155 Dx24.
2510 2093 2779 2172 quintilis
2826 2094 3099 2158 Saturni
3150 2100 3225 2155 et
3269 2088 3413 2154 Solis

669 2182 941 2263 frigidus,
990 2182 1272 2261 ningidus
1321 2201 1428 2244 seu
1472 2182 1731 2263 pluviuS.
1799 2182 1879 2245 D.
1921 2178 2027 2245 28.
2062 2180 2599 2262 sesquiquadratus
2636 2183 2857 2247 Martis
2906 2192 2975 2245 et
3024 2181 3235 2254 Solis,
3267 2196 3408 2251 acer,

669 2272 978 2335 subtilium
1027 2278 1089 2333 et
1133 2270 1461 2349 rigidorum
1511 2278 1839 2345 ventorum,
1890 2278 1955 2332 et
1996 2288 2109 2350 pro
2157 2288 2221 2331 re
2266 2278 2417 2333 nata
2460 2270 2759 2351 ningidus.
2822 2270 3207 2337 observent
3243 2268 3411 2349 igitur

669 2361 780 2423 hos
826 2360 977 2432 dies,
1026 2358 1238 2441 quibus
1287 2368 1383 2423 est
1428 2359 1663 2423 animus
1709 2377 1902 2421 novos
1950 2366 2236 2439 aspectus
2281 2359 2563 2439 probare.

1785 2448 2055 2511 Thesis
2100 2448 2271 2511 LIII.

843 2536 1210 2601 Februarius
1275 2544 1480 2599 scatet
1543 2536 1808 2617 antiquis
1880 2544 1947 2599 et
1998 2536 2171 2599 novis
2234 2537 2597 2616 aspectibus.
2690 2537 2757 2599 In
2820 2536 3135 2617 principio
3188 2536 3255 2613 0‘
3290 2530 3407 2609 ῼὲ

673 2626 880 2688 turbas
949 2626 1006 2688 in
1062 2627 1222 2688 aeris
1279 2625 1710 2689 constitutione
1765 2627 2013 2703 afferet,
2080 2646 2222 2687 nam
2286 2627 2411 2688 fere
2476 2625 2725 2689 Saturni
2770 2634 2833 2688 et
2878 2626 3117 2689 Martis
3170 2630 3405 2688 contra·

667 2716 948 2779 rietatem
995 2715 1197 2778 sortiti
1243 2722 1413 2792 sunt,
1481 2723 1549 2778 ut
1603 2733 1788 2796 supra
1846 2716 2070 2778 vidisti.
2164 2715 2407 2795 Loquor
2460 2723 2663 2777 tamen
2720 2714 2817 2778 hic
2876 2734 2953 2778 ex
3002 2708 3399 2798 experientis,

670 2825 824 2887 quae
869 2806 1048 2868 valde
1095 2805 1502 2868 turbulentam
1547 2811 1816 2868 testatur
1862 2807 2071 2868 horum
2118 2805 2689 2883 configurationem3
2740 2805 2895 2868 forte
2939 2806 3007 2868 id
3056 2814 3131 2868 et
3178 2803 3263 2866 ob
3303 2802 3401 2862 hoc

553 2934 564 2940 -
669 2901 794 2969 est,
862 2896 1004 2975 quia
1049 2913 1183 2956 cum
1229 2894 1356 2956 sint
1413 2893 1684 2973 aequalis
1740 2911 1929 2973 prope
1986 2911 2215 2968 cursus,
2262 2893 2435 2956 tarde
2482 2901 2861 2974 separantur,
2908 2903 2977 2958 et
3020 2894 3397 2976 ponderosos

671 2984 1055 3064 aliquatenus
1119 2989 1602 3061 repraesentant.
1723 2981 2020 3063 Equidem
2088 2989 2153 3044 et
2216 2982 2484 3044 tonitrua
2538 3001 2683 3044 esse
2745 2991 3021 3063 possunt.
3136 2981 3247 3046 Ab
3310 2975 3395 3040 11.

667 3073 817 3134 Feb.
867 3071 964 3132 ad.
1015 3067 1122 3134 23.
1171 3072 1336 3134 nulla
1380 3072 1557 3152 plane
1606 3071 1797 3151 quies,
1890 3072 2107 3151 Itaque
2174 3077 2279 3132 aut
2340 3071 2659 3152 plurimum
2712 3072 2950 3153 ninget‚
3016 3072 3107 3136 si
3142 3072 3245 3134 die
3308 3063 3391 3128 11.

672 3159 831 3240 apud
875 3157 1009 3241 [115
1033 3157 1113 3237 Θ
1165 3160 1353 3240 frigus
1399 3161 1668 3238 redierit,
1715 3168 1823 3224 aut
1864 3159 2183 3242 plurimum
2225 3160 2413 3242 pluet,
2464 3160 2519 3222 si
2562 3169 2739 3242 tepor
2782 3161 2933 3238 illic,
2992 3161 3163 3244 quod
3210 3153 3393 3235 magis

669 3250 874 3326 credo,
924 3250 1226 3330 perduret.
1837 3293 1843 3298 -

1783 3337 2059 3400 Thesis
2106 3337 2277 3400 LIV.

843 3425 1074 3490 Habuit
1105 3426 1468 3491 Februarius
1507 3423 1589 3491 21
1623 3433 1907 3508 aspectus
1937 3445 2047 3490 sex
2074 3427 2455 3507 planetarum
2484 3426 2733 3499 (Lunae
2760 3434 2831 3490 ut
2874 3425 3127 3491 nimium
3174 3420 3390 3487 velocis

665 3515 824 3578 inter
886 3523 1172 3595 aspectus
1236 3517 1392 3580 ratio
1449 3534 1602 3598 pene
1661 3516 1829 3579 nulla
1884 3519 2029 3591 est).
2124 3515 2385 3578 Martius
2440 3515 2653 3594 viginti
2698 3516 3086 3580 nanciscitur.
3184 3516 3383 3592 Itaque

665 3606 854 3668 multo
903 3604 1098 3668 adhuc
1141 3604 1544 3668 turbulentior
1587 3604 1704 3667 erit
1713 3623 1732 3679 3
1781 3623 1913 3667 cum
1961 3604 2115 3667 alias
2164 3623 2395 3685 quoque
2434 3605 2584 3666 haec
2624 3605 2751 3685 ejus
2778 3613 2997 3668 natura
3022 3601 3127 3669 sit.
3190 3601 3385 3666 Prima

666 3695 892 3756 mensis
928 3703 1102 3775 parte
1141 3695 1269 3775 jam
1317 3695 1588 3756 tonitrua
1629 3701 1879 3773 propter
1926 3697 1979 3766 8
2006 3690 2087 3771 Θ
2111 3699 2191 3767 d,
2250 3694 2345 3756 cui
2392 3695 2513 3756 etsi
2556 3691 2815 3758 latitudo
2860 3695 3083 3758 Martis
3140 3692 3379 3756 multum

667 3783 934 3847 detrahit
954 3833 971 3860 ,
1047 3783 1344 3847 crebritas
1408 3790 1610 3845 tamen
1679 3790 2029 3862 aspectuum
2093 3782 2359 3845 vicissim
2423 3782 2583 3846 vires
2638 3783 2827 3848 addit.
2922 3785 3123 3866 Tepor
3188 3782 3379 3859 itaque

664 3873 1203 3951 praeternaturalis
1267 3872 1558 3936 hactenns
1581 3919 1598 3948 ‚
1661 3892 1698 3934 a
1753 3868 1846 3934 13.
1894 3871 2103 3934 Martii
2167 3889 2427 3952 auguror
2490 3873 3022 3936 commutationem
3076 3874 3139 3936 in
3200 3869 3375 3948 ffigm

665 3961 978 4042 hyemale:
1038 3961 1174 4022 exin
1221 3960 1536 4024 continuos
1582 3967 1799 4022 ventos
1848 3959 2116 4040 frigidos,
2167 3960 2457 4041 nivesque
2502 3961 2721 4044 pluviis
2760 3962 3167 4026 intermixtas.

1800 4049 1989 4111 Thes
2006 4050 2069 4111 is
2116 4049 2255 4111 LV.

843 4137 1118 4217 Aprilem
1164 4155 1342 4217 spero
1391 4139 1727 4201 naturalem
1773 4135 1945 4199 initio
1993 4137 2223 4212 calido,
2272 4138 2349 4199 ob
2394 4137 2771 4219 biquiutilem
2816 4138 3037 4202 Martis
3094 4147 3161 4202 et
3200 4129 3367 4204 80155,

663 4224 930 4308 pluvium
975 4226 1298 4289 admodum
1344 4225 1523 4288 biduo
1571 4234 1712 4288 aute
1760 4234 1827 4288 et
1869 4233 2013 4307 post
2057 4221 2465 4307 plenilunium,
2514 4227 2961 4308 configurantur
2986 4228 3149 4292 enim
3178 4239 3367 4288 omnes

665 4317 971 4396 planetae.
1063 4317 1197 4378 Nec
1243 4316 1496 4378 deerunt
1543 4336 1580 4378 a
1634 4313 1732 4379 13.
1781 4315 1845 4378 in
1898 4311 1997 4378 16.
2045 4315 2306 4395 pluviae.
2390 4316 2542 4380 Inde
2586 4317 2753 4381 calor
2798 4326 2863 4380 et
2906 4317 3071 4381 circa
3114 4313 3220 4380 24.
3264 4327 3359 4373 0¹·-

665 4423 894 4481 cessus,
944 4403 1060 4485 qui
1089 4405 1152 4468 in
1199 4403 1467 4468 tonitrua
1513 4411 1802 4485 erumpet,
1850 4405 1927 4466 ob
1974 4404 2275 4484 trigonum
2320 4403 2485 4468 Solis
2530 4413 2596 4469 et
2638 4407 2879 4471 Martis.
2970 4407 3123 4470 Fine
3166 4407 3371 4469 iterum

662 4493 906 4557 imbres.

841 4580 994 4645 Maii
1039 4580 1330 4664 principia
1375 4579 1576 4644 reddit
1621 4579 1867 4645 horrida
1912 4590 1977 4644 et
2024 4580 2361 4646 tonitruosa
2396 4581 2459 4659 d
2480 4582 2531 4658 ῼ
2553 4584 2624 4661 Q,
2672 4581 2789 4646 nisi
2836 4583 3081 4648 diversa
3122 4574 3355 4648 latitudo

663 4671 788 4734 vim
831 4671 994 4735 illius
1043 4678 1322 4745 enervet,
1382 4689 1536 4751 quae
1583 4671 1907 4734 admodum
1954 4678 2123 4734 certa
2168 4690 2287 4734 non
2334 4679 2467 4746 est,
2527 4679 2595 4734 ut
2646 4691 2759 4734 nec
2814 4673 2969 4736 dies
2990 4679 3230 4755 propter
3266 4663 3349 4726 Vi·

665 4760 886 4823 tiosum
931 4761 1256 4824 etiamnum
1300 4761 1617 4823 calculum.
1707 4761 1827 4824 Die
1876 4757 1975 4825 10.
2020 4757 2123 4824 11.
2161 4758 2259 4824 12.
2310 4759 2565 4841 frigidae
2611 4761 2873 4842 pluviae,
2922 4769 2989 4825 et
3030 4763 3131 4826 vel
3170 4759 3267 4823 nix
3298 4751 3351 4813 in

665 4850 998 4926 montauiS,
1063 4848 1390 4913 insalubris
1453 4855 1578 4912 a'er.
1669 4848 1762 4912 At
1805 4868 2021 4914 sereno
2068 4851 2236 4915 coelo
2294 4849 2617 4914 etiamnum
2660 4851 2879 4934 pruina
2920 4851 3109 4916 metui
3150 4845 3347 4934 potest·
