3634 5575
1501 386 1826 464 Brooemium.
1986 482 1993 503 θ
2928 379 3011 467 53

317 559 435 624 erit
477 578 612 623 cum
655 559 952 637 utilitate,
1003 560 1180 624 rebus
1217 561 1347 641 jam
1391 561 1742 641 prostratis,
1805 561 1972 625 nulla
2016 560 2159 625 mihi
2213 562 2327 625 nisi
2382 560 2559 625 valde
2606 560 2904 625 laboriosa
2948 571 3013 627 et

315 649 576 713 molesta
620 650 926 732 provincia
972 651 1319 715 demandari
1362 650 1604 731 poterit,
1655 652 1891 733 qualem
1938 651 2141 713 forsan
2188 660 2251 713 et
2286 652 2627 731 provisores
2664 652 2851 716 vestri
2898 653 3010 716 de-

315 746 621 803 trectant:
669 740 765 802 cui
811 759 1048 821 operae,
1096 738 1150 801 si
1195 740 1386 802 minus
1435 758 1546 819 ego
1591 750 1837 821 propter
1880 742 2245 821 superbiam,
2294 750 2457 804 certe
2502 748 2743 822 propter
2788 742 3011 823 ingenii

314 828 756 892 volubilitatem
801 836 868 891 et
901 830 1172 893 laborum
1209 829 1644 909 impatientiam
1681 830 1918 909 ineptus
1957 849 2108 904 sum,
2156 830 2257 892 alii
2292 831 2514 892 rectius
2552 830 3006 894 adhibebuntur.

315 918 450 979 Non
498 919 650 981 latet
695 918 1066 998 inspectores
1113 937 1278 980 meos
1325 935 1422 980 res
1471 919 1631 980 ista:
1680 937 1868 1001 eoque
1906 920 1990 994 iit,
2040 928 2107 981 ut
2150 939 2225 981 ne
2267 920 2502 1001 quidem
2548 918 3023 1000 cogitationibus

313 1006 440 1069 suis
485 1025 579 1069 me
627 1007 928 1071 destinent
973 1007 1274 1070 laboribus
1323 1007 1723 1071 scholasticis.
1801 1005 2065 1088 Cupiunt
2106 1026 2200 1071 me
2246 1010 2335 1071 uti
2381 1010 2494 1072 hoc
2532 1008 2655 1071 otio
2690 1026 2823 1071 meo
2869 1009 3009 1090 pbi-

315 1097 619 1177 losophico
651 1097 728 1159 ad
765 1097 1153 1159 illustrandas
1183 1096 1530 1178 disciplinas
1559 1097 2051 1160 mathematicas:
2102 1105 2163 1159 et
2208 1097 2261 1160 si
2306 1116 2489 1179 penes
2538 1100 2701 1179 ipsos
2748 1100 3006 1174 steterit,

314 1206 614 1266 nunquam
659 1184 802 1248 mihi
857 1186 1144 1249 salarium
1198 1204 1391 1247 meum
1447 1186 1855 1267 abrogabitur.
1949 1184 2073 1247 Sed
2127 1187 2197 1249 fit
2248 1188 2465 1267 injuria
2518 1196 2877 1269 temporum,
2942 1195 3010 1250 nt

309 1274 430 1337 frui
476 1276 588 1337 hac
633 1276 898 1356 ipsorum
943 1275 1169 1357 optima
1213 1276 1519 1339 voluntate
1566 1276 1665 1337 diu
1710 1296 1825 1338 non
1874 1276 2119 1354 possim.
2171 1275 2254 1339 -Si
2293 1295 2411 1356 qua
2454 1278 2545 1340 vis
2594 1297 2670 1339 ex
2706 1277 2844 1339 aula
2888 1278 3005 1340 mi·-

293 1363 520 1428 'nistris
566 1382 874 1445 procerum
917 1364 1167 1443 ingruit,
1227 1364 1282 1425 ei
1335 1364 1450 1446 ipsi
1499 1384 1728 1447 quoque
1775 1373 1913 1427 sunt
1960 1365 2223 1440 obnoxii,
2284 1373 2518 1429 tantum
2573 1367 2749 1429 abest
2802 1373 2869 1428 ut
2912 1386 3007 1429 me

309 1454 659 1515 defendant.
750 1453 848 1515 Ex
894 1455 1086 1516 altera
1128 1460 1302 1534 parte
1359 1463 1497 1515 sunt
1542 1453 1698 1516 inter
1739 1473 2056 1533 procereS,
2126 1454 2224 1535 qui
2286 1456 2442 1536 quod
2498 1455 2835 1519 academias
2890 1456 3005 1518 ad-

308 1543 530 1606 iverint
577 1542 912 1622 opinionem
957 1543 1181 1605 habent
1225 1542 1594 1617 eruditionis,
1647 1543 1857 1624 quibus
1895 1544 2006 1605 hoc
2044 1550 2318 1624 praestat
2364 1543 2696 1620 literatura,
2746 1550 2813 1607 ut
2858 1563 3006 1607 con-

307 1632 559 1695 fidentia
596 1633 853 1715 quadam
881 1638 1127 1697 utantur
1169 1631 1232 1693 in
1279 1633 1726 1696 contemnendis
1772 1633 1937 1694 hisce
1983 1632 2425 1696 mathematicis
2472 1634 3001 1715 speculationibus

306 1722 506 1783 Penes
555 1740 701 1803 quos
747 1741 880 1784 cum
927 1721 1012 1783 sit
1053 1720 1139 1783 rei
1186 1740 1436 1797 summa,
1485 1721 1706 1796 nescio,
1755 1741 1932 1803 quarn
1980 1722 2080 1783 diu
2116 1740 2210 1784 me
2249 1729 2521 1786 tutatura
2566 1722 2648 1785 sit
2691 1724 3002 1803 inspecto-

305 1830 439 1873 rum
487 1810 779 1873 autoritas
826 1818 1036 1872 oontra
1081 1809 1312 1871 illorum
1359 1809 1659 1886 invidiam,
1709 1812 1827 1891 qui,
1875 1818 1943 1871 ut
1986 1809 2125 1872 olim
2160 1811 2487 1874 Florentini
2534 1818 2743 1875 contra
2770 1812 3003 1874 Philel-

303 1901 512 1979 phum‚
562 1901 648 1961 sic
693 1899 870 1961 hodie
917 1907 1128 1962 contra
1172 1918 1265 1961 me
1313 1900 1642 1975 clamitant,
1693 1902 1788 1963 vel
1835 1906 1999 1962 certe
2046 1902 2394 1977 mussitant,
2442 1921 2560 1964 non
2598 1902 2724 1984 jam
2770 1906 3003 1983 tempus

307 2008 444 2051 esse
505 1988 799 2065 discendi,
861 1988 969 2050 sed
1022 1988 1454 2069 belligerandi3
1508 1990 1660 2051 irem
1712 1990 1911 2070 potius
1971 1990 2030 2051 in
2080 1987 2493 2067 Germaniam,
2554 2011 2705 2074 quae
2751 2010 2867 2053 non
2913 1990 3004 2053 ita

302 2086 612 2159 prematur
657 2077 1087 2141 incursionibus
1135 2078 1421 2141 Turcicis.
1517 2076 1746 2149 Quibus
1795 2077 2064 2141 omnibus
2112 2079 2361 2159 aliisque
2408 2080 2482 2143 de
2530 2080 2726 2143 causis
2772 2080 2999 2159 opinor,

304 2176 657 2230 excusatam
704 2186 836 2231 esse
886 2168 1043 2249 apud
1089 2176 1150 2230 te
1196 2168 1347 2229 hanc
1393 2167 1861 2248 inquietudinem
1907 2176 1970 2231 et
2014 2168 2453 2250 impatientiam
2490 2189 2701 2231 meam.
2779 2168 2998 2245 Quare,

301 2264 376 2343 ut
419 2256 796 2331 concludam,
854 2276 1126 2320 reversus
1182 2256 1260 2318 ad
1313 2255 1686 2338 principium,
1745 2266 2051 2320 cum‘non
2106 2258 2303 2338 possit
2349 2278 2484 2320 esse
2532 2260 2809 2322 diuturna
2854 2258 3003 2320 haec

301 2364 444 2407 mea
489 2346 766 2420 conditio,
819 2346 1086 2408 omnibus
1132 2344 1324 2408 modis
1371 2368 1408 2408 a
1453 2354 1514 2409 te
1560 2353 1734 2426 pet0,
1784 2354 1854 2407 ut
1898 2365 2075 2426 super
2120 2347 2232 2408 hac
2276 2366 2413 2409 mea
2454 2366 2741 2429 perquam
2784 2366 3000 2409 neces-

301 2435 470 2497 saria
517 2435 950 2497 consultatione
998 2435 1141 2499 mihi
1187 2434 1367 2498 animi
1412 2433 1500 2497 tui
1547 2454 1727 2497 sensa
1773 2435 2045 2516 aperias:
2097 2445 2272 2517 teque
2311 2436 2502 2517 ipsum
2546 2438 2819 2517 fingendo
2866 2455 2999 2498 meo

299 2524 367 2588 in
396 2524 525 2586 loco
555 2524 907 2599 constituas,
957 2533 1037 2600 et,
1090 2524 1229 2605 quid
1259 2533 1323 2586 tu
1355 2525 1622 2586 facturus
1656 2525 1728 2586 de
1758 2525 2113 2605 migratione
2148 2544 2334 2599 esseS,
2385 2526 2628 2588 indices.
2707 2526 2997 2588 Tutumne

301 2613 389 2674 sit
435 2618 498 2674 et
543 2613 882 2693 expeditum
928 2621 991 2675 et
1036 2633 1170 2675 cum
1213 2632 1320 2693 spe
1367 2612 1754 2694 promotionis
1803 2614 2097 2689 futurum,
2170 2614 2223 2676 si
2288 2614 2622 2695 Tubingam
2683 2634 2775 2677 me
2830 2634 2997 2677 ‘eon-

302 2704 532 2775 feram3
597 2721 672 2764 an
735 2711 1008 2783 praestet
1067 2702 1124 2764 in
1191 2702 1373 2765 aliam
1438 2702 1692 2765 transire
1759 2703 2175 2766 academiam?
2266 2702 2334 2766 Si
2389 2704 2581 2766 minus
2626 2711 2840 2790 ‘cetera
2883 2703 2998 2765 huc

301 2791 594 2854 facientia
639 2792 718 2854 ad
761 2812 854 2854 me
899 2793 991 2854 vis
1037 2793 1420 2873 perscribere,
1469 2811 1724 2872 parcens
1755 2793 2013 2856 fortasse
2053 2794 2308 2872 privatis
2355 2794 2650 2874 aliquibus
2698 2801 2803 2858 aut
2849 2813 2996 2855 aca-
3044 2807 3052 2814 ·

302 2881 534 2943 demine
583 2881 734 2957 toti,
783 2889 890 2943 aut
935 2881 1250 2944 consulens
1300 2900 1652 2944 arcanorum
1697 2881 2135 2946 conscientiae:
2200 2891 2266 2944 at
2311 2882 2415 2945 illa
2460 2883 2735 2964 vulgaria
2779 2883 2994 2957 scribe,

301 2971 460 3052 quod
505 2971 761 3051 pretium
803 2971 946 3045 vini,
998 2970 1300 3045 frumenti,
1352 2970 1450 3052 qui
1496 2979 1863 3033 commeatus
1911 2971 2285 3052 cupediarius
2334 2974 2479 3046 (non
2526 2973 2682 3036 enim
2728 2971 2999 3034 assuevit

299 3077 452 3120 uxor
495 3079 628 3121 mea
673 3059 828 3122 fabis
873 3060 1178 3133 victitare)
1225 3060 1325 3140 qui
1369 3061 1578 3123 modus
1635 3060 2146 3124 conducendarum
2202 3061 2462 3136 aedium,
2521 3069 2584 3124 et
2635 3061 2697 3124 in
2752 3080 2993 3142 genere,

299 3156 524 3230 quanto
569 3157 767 3210 sumtu
813 3149 940 3212 vita
985 3157 1237 3231 quatuor
1279 3148 1376 3213 vel
1432 3150 1684 3230 quinque
1739 3151 2039 3214 hominum
2093 3151 2420 3230 vulgariter
2465 3151 2523 3213 in
2570 3169 2788 3214 annum
2832 3152 2991 3213 tole-

301 3237 512 3300 retur?
583 3237 698 3298 Hic
745 3246 876 3300 esto
924 3239 1296 3300 necessarius
1343 3239 1750 3319 responsionis
1798 3250 1937 3304 tuae
1986 3259 2221 3320 scopuS.
2314 3240 2414 3302 Ad
2462 3248 2665 3303 cetera
2713 3259 2831 3302 non
2878 3239 2994 3301 nisi

302 3345 412 3406 per
457 3327 663 3389 otium.
729 3325 985 3409 Jamque
1029 3327 1274 3389 tandem
1307 3329 1463 3403 vale,
1512 3337 1575 3390 et
1615 3327 1710 3392 01.
1751 3330 1835 3391 V.
1866 3330 1943 3391 D.
1980 3327 2234 3392 Gellium
2281 3330 2519 3392 affinem
2562 3349 2757 3393 meum
2801 3330 2994 3392 hono-

303 3415 463 3477 rifice
511 3416 730 3478 saluta.
817 3417 884 3478 In
931 3435 1148 3496 genere
1196 3434 1478 3478 vero‘me
1526 3419 1796 3480 omnibus
1847 3419 2095 3498 collegis
2143 3420 2511 3481 commenda.

487 3501 586 3569 19.
636 3499 742 3568 29.
789 3505 946 3586 Aug.
995 3499 1099 3568 99.
1526 3506 1602 3568 Η.
1653 3506 1722 3567 Τ.
1821 3505 1993 3569 Grat.
2042 3507 2365 3588 discipulus

2362 3593 2489 3664 .M.
2536 3594 2603 3658 J.
2650 3593 2908 3678 Kepler.

435 3682 700 3745 Nuncius
743 3683 806 3745 in
849 3682 1150 3746 mandatis
1197 3691 1262 3745 et
1305 3689 1444 3745 ante
1480 3683 1689 3746 habuit
1726 3685 1808 3758 (si
1835 3685 2174 3765 postulatus
2212 3685 2473 3760 fuisset),
2526 3692 2587 3746 et
2623 3685 2750 3765 jam
2786 3683 2989 3759 habet,

304 3773 380 3836 de
427 3779 569 3854 typo
617 3772 1049 3848 satisfaciendi,
1099 3792 1256 3834 cum.
1277 3774 1604 3854 gratiarum
1651 3773 1907 3837 actione.
1982 3775 2056 3836 Id
2100 3775 2402 3854 negotium
2446 3773 2623 3836 unica
2668 3772 2991 3836 monitiun-

305 3863 442 3924 cula
485 3879 833 3941 promovere
879 3869 1068 3942 potes.
2528 3877 2533 3884 ·

450 4021 532 4072 Ad
563 4021 692 4072 haec
727 4021 1106 4072 Maestlinus
1141 4021 1392 4085 respondit
1427 4021 1624 4072 demum
1658 4022 1707 4072 d.
1749 4019 1831 4071 15.
1872 4021 1955 4072 25.
1990 4023 2107 4074 Jan.
2147 4020 2313 4072 1600:
2370 4022 2611 4089 Magnum
2642 4021 2874 4086 mihique,
2913 4023 2995 4088 qui
3066 4071 3073 4076 ,

304 4093 530 4158 politicus
567 4093 698 4143 nullo
734 4093 880 4143 modo
915 4109 1040 4152 sum,
1077 4093 1369 4157 impossibile
1405 4093 1732 4156 respondendi
1767 4094 2067 4157 postulatum
2102 4096 2387 4158 imposuisti.
2450 4096 2512 4144 D.
2553 4095 2616 4143 D.
2657 4093 2902 4143 Gerlachii
2940 4098 2993 4144 et

305 4163 634 4215 Hafenrefferi
671 4165 922 4215 consilium
960 4170 1051 4222 est,
1090 4171 1146 4214 ut
1180 4180 1267 4228 per
1300 4164 1513 4214 libellum
1549 4165 1814 4229 supplicem
1842 4165 2223 4216 Illustrissimum
2248 4173 2465 4216 nostrum
2502 4166 2561 4215 de
2599 4179 2823 4229 regressu
2857 4165 2988 4214 solli·

305 4237 502 4294 times,
539 4237 704 4286 forsan
729 4237 770 4286 is
799 4237 860 4286 de
887 4238 992 4287 loco
1031 4236 1295 4285 clementer
1329 4237 1602 4300 prospiciet.
1663 4236 1879 4287 Censent
1903 4239 1937 4286 ii
1973 4239 2283 4288 instrumenti
2319 4253 2406 4287 seu
2443 4237 2599 4300 operis
2635 4235 2990 4291 mathematici,

303 4323 392 4371 per
425 4308 554 4372 quod
589 4308 708 4370 Ejus
745 4308 912 4358 Celsit.
949 4308 1204 4357 innotuisti
1241 4303 1374 4370 (vide
1409 4304 1560 4369 infra)
1607 4309 1714 4358 fieri
1747 4322 1892 4370 posse
1927 4311 2240 4359 mentionem.
2317 4309 2519 4359 Utinam
2566 4307 2903 4372 prudentiores
2939 4313 2992 4358 et

303 4379 356 4428 in
385 4379 532 4429 rebus
555 4379 763 4444 politicis
788 4380 1192 4445 intelligentiores
1229 4393 1376 4443 quam
1408 4395 1488 4430 me
1523 4380 1867 4438 consuluisses,
1906 4383 2023 4445 quia
2046 4396 2158 4432 vere
2182 4381 2442 4430 infantiam
2464 4380 2546 4429 hic
2570 4393 2733 4428 meam
2758 4391 2989 4443 agnosco.

443 4450 696 4502 Frumenti
742 4447 952 4516 pretium
995 4451 1128 4514 apud
1175 4466 1264 4501 nos
1309 4456 1412 4500 est:
1467 4451 1740 4502 medimnus
1792 4453 1902 4515 plus
1950 4454 2204 4518 minusque
2254 4453 2285 4501 5
2330 4452 2379 4500 fl.
2431 4456 2657 4507 constat;
2712 4464 2840 4500 urna
2890 4451 2991 4500 vini

309 4519 514 4570 12-13
553 4524 743 4573 circiter
777 4525 986 4573 florenis.
1042 4520 1122 4571 De
1160 4523 1334 4572 ceteris
1369 4521 1498 4571 malo
1523 4523 1683 4581 silere,
1723 4538 1872 4589 quam
1906 4523 2070 4587 inepte
2106 4523 2416 4587 respondere,
2452 4523 2567 4585 quia
2602 4521 2662 4570 de
2697 4521 2989 4571 victualibus

304 4592 576 4642 rudioribus
603 4600 654 4643 et
675 4594 1025 4662 vulgarioribus
1051 4595 1128 4643 vix
1153 4595 1414 4659 quidquam
1439 4595 1565 4653 novi,
1603 4594 1786 4644 nedum
1810 4595 1873 4644 de
1896 4595 2208 4652 lautioribus;
2247 4597 2315 4644 sic
2343 4593 2769 4644 conducendamm
2793 4593 2992 4643 aedium

307 4667 546 4714 rationem
581 4666 728 4729 plane
765 4669 950 4732 ignoro.
1032 4665 1141 4716 Hoc
1177 4667 1280 4715 scio
1301 4698 1315 4722 ,
1353 4663 1480 4728 quod
1514 4673 1710 4731 propter
1746 4663 1778 4713 5
1813 4667 2057 4730 principes
2094 4667 2347 4730 pluresque
2384 4666 2591 4714 barones
2630 4671 2681 4713 et
2714 4663 2863 4723 alios,
2903 4665 2987 4729 qui

305 4736 384 4786 hic
422 4737 624 4801 degunt,
662 4752 848 4804 magna
880 4739 944 4787 sit
979 4738 1311 4801 plerorumque
1335 4737 1618 4787 victualium
1653 4740 1875 4802 penuria.
1935 4736 2099 4798 Quare
2135 4753 2233 4786 non
2270 4743 2361 4793 est,
2397 4742 2455 4785 ut
2490 4736 2731 4785 nonnullis
2770 4737 2987 4800 privatis,

310 4814 397 4858 aut
431 4809 522 4856 toti
547 4809 763 4867 scholae,
801 4811 900 4860 sive
925 4823 1217 4860 arcanorum
1241 4809 1590 4868 conscientiae,
1625 4816 1683 4859 ut
1718 4810 1901 4870 scribis,
1944 4808 2210 4866 consulam,
2247 4809 2335 4858 sed
2370 4821 2484 4858 mea
2517 4807 2730 4858 infantia
2764 4808 2817 4856 in
2852 4809 2987 4857 hisce

308 4878 516 4928 scribere
552 4896 652 4930 non
686 4879 819 4937 sinit,
857 4894 982 4946 quae
1017 4879 1251 4944 postulas.
1327 4878 1539 4931 Obsecro
1578 4895 1710 4946 ergo,
1745 4887 1804 4930 ut
1841 4896 1903 4932 ea
1936 4896 2034 4935 non
2070 4877 2345 4938 offendaris,
2384 4879 2472 4930 sed
2507 4879 2607 4929 ista
2641 4880 2705 4928 ab
2742 4879 2867 4938 aliis,
2904 4879 2987 4943 qui

307 4950 494 5014 politici
528 4953 689 5017 magis
724 4957 864 5010 sunt,
903 4957 1103 5020 expetas
1139 4953 1262 5002 scire
1298 4949 1386 5004 ae.
