3634 5575
1443 406 1766 463 emmam.
2558 402 2571 413 '
2868 408 2953 479 35

236 574 328 631 est
393 584 562 630 anno
631 564 800 633 1569
857 568 1096 631 biennio
1141 576 1284 631 ante
1329 588 1424 633 me
1470 580 1695 633 natum.
1781 573 1983 633 Autor
2028 564 2257 633 Ra'mus
2306 580 2403 633 est
2446 572 2505 633 in
2557 572 2779 635 scholis
2830 574 2953 637 suis

232 660 376 729 (non
425 654 815 731 Geometria)
865 655 1266 721 Geometricis
1313 659 1454 721 folio
1498 656 1584 723 49
1624 667 1688 721 et
1715 658 1822 723 50.
1917 657 2051 730 Quo
2101 660 2231 723 loco
2276 659 2509 723 Ramus
2553 661 2953 741 praemium

235 746 780 809 conformatae·
822 747 1100 828 absque
1183 747 1720 829 hypothesibus
1802 750 2281 828 astrologiae
2369 751 2691 828 spondet
2782 770 2952 813 suae

231 836 744 913 professionis
790 838 1228 900 cessionem.
1322 835 1390 899 Si
1435 836 1666 899 Ramus
1715 836 1855 899 illas
1900 838 2337 901 exterminatas
2374 840 2541 917 cupit
2568 839 2950 920 hypotheses,

233 940 384 1004 qnae
435 934 510 985 ut
555 926 878 987 credantur
918 926 1320 1007 postulantur,
1369 945 1484 987 non
1529 927 1875 1005 probantur,
1928 936 1991 987 et
2038 928 2086 988 si
2137 927 2290 989 hanc
2337 929 2563 1008 absque
2592 928 2947 1011 hypothesi-

230 1012 338 1077 bus
407 1015 846 1077 astronomiam
909 1015 1152 1090 laudat,
1213 1034 1364 1097 quae
1429 1015 1617 1077 solius
1679 1026 1931 1077 naturae
1978 1024 2280 1095 apparatu
2324 1018 2555 1079 orbium
2601 1017 2951 1081 coelestium

231 1109 528 1164 contenta
573 1112 688 1177 est,
735 1104 894 1183 quod
937 1104 1176 1185 quidem
1223 1112 1362 1167 ante
1407 1112 1471 1165 et
1515 1112 1656 1183 post
1699 1104 1940 1171 omnino
1984 1104 2227 1167 innuere
2257 1105 2521 1169 videtur:
2574 1106 2821 1169 vicImus
2851 1107 2948 1168 vel

232 1191 360 1271 Ego
409 1192 516 1253 vel
565 1191 972 1273 Copernicus,
1025 1195 1122 1255 vel
1166 1202 1416 1274 uterque
1463 1194 1670 1263 simul,
1717 1193 2005 1273 nobisque
2050 1194 2348 1273 professio
2398 1194 2649 1257 debetur
2692 1195 2945 1257 Ramea.

231 1278 336 1343 Sin
387 1290 598 1343 autem
644 1281 874 1345 Ramus
923 1302 1130 1345 omnes
1177 1283 1416 1345 omnino
1465 1282 1833 1364 hypotheses
1878 1283 2077 1363 rejicit
2122 1302 2227 1345 seu
2274 1302 2449 1345 veras
2506 1296 2567 1345 et
2622 1287 2949 1361 naturales,

231 1389 334 1431 seu
382 1372 609 1444 falsas,
654 1380 782 1433 tum
827 1371 888 1435 id
935 1380 1048 1449 est,
1098 1373 1254 1453 quod
1300 1390 1478 1451 supra
1515 1371 1678 1433 dixi:
1730 1371 1953 1434 stultus
2000 1389 2229 1450 nempe,
2280 1372 2457 1453 idque
2503 1384 2571 1437 ut
2611 1375 2822 1453 opinor
2850 1374 2946 1435 vel

231 1468 290 1521 te
318 1461 554 1540 judice.
650 1461 882 1523 Verum
925 1470 994 1523 ut
1037 1462 1346 1542 utriusque
1393 1461 1600 1524 honori
1645 1462 2009 1537 consulatur,
2060 1462 2217 1523 malo
2264 1480 2359 1523 me
2403 1462 2808 1542 professorem
2846 1482 2945 1525 re—

232 1549 390 1635 gium
441 1568 626 1631 quam
673 1550 932 1613 Ramum
977 1552 1228 1614 stultum
1275 1552 1599 1631 appellare.
1677 1550 1827 1611 -Hoc
1872 1570 2053 1613 unum
2099 1560 2215 1614 est.

401 1640 556 1703 Jam
600 1658 795 1719 porro,
845 1648 914 1701 ut
955 1638 1184 1720 Regius
1209 1638 1526 1701 Professor
1573 1639 1800 1719 aliquid
1846 1639 2032 1701 etiam
2078 1659 2185 1701 suo
2232 1637 2408 1703 titulo
2458 1640 2701 1721 dignum
2747 1650 2943 1722 gerat,

233 1728 518 1809 proponit
562 1728 676 1791 tibi
725 1726 1072 1791 Clarissimo
1119 1727 1193 1791 D.
1239 1739 1596 1809 praeceptor
1637 1728 1946 1809 problema
1994 1726 2457 1791 Geometricum.
2510 1760 2591 1771 -
2641 1730 2941 1809 Triangu-

232 1817 348 1880 lum
397 1818 820 1897 rectangulum
866 1818 1256 1892 constituere,
1315 1818 1482 1897 cujus
1538 1817 1738 1879 omnia
1797 1816 1916 1879 tria
1963 1817 2155 1879 latera
2202 1818 2326 1879 sint
2370 1817 2623 1880 invicem
2670 1819 2946 1881 continue

231 1906 725 1987 proportionalia,
775 1914 844 1969 ut
878 1907 1036 1969 sieut
1079 1906 1274 1969 minus
1322 1907 1480 1969 latus
1529 1908 1608 1969 ad
1653 1908 1847 1985 majus
1894 1906 2054 1969 circa
2100 1914 2347 1981 rectum,
2396 1908 2485 1969 sic
2534 1908 2643 1971 hoc
2689 1908 2766 1969 ad
2797 1907 2943 1969 sub-

231 2004 471 2059 tensam
518 2006 706 2059 recto.
780 1996 1126 2059 Utilitatem
1157 1996 1520 2057 inventionis
1551 1996 1843 2075 insignem
1872 1996 2095 2069 nescio,
2144 1996 2258 2059 nisi
2288 1996 2447 2077 quod
2474 1998 2667 2078 magis
2696 2004 2949 2059 exornat

233 2086 652 2163 geometriam.
733 2084 896 2147 Nam
923 2085 976 2149 si
1015 2085 1303 2165 pensites,
1353 2085 1604 2159 videbis,
1655 2105 1834 2147 unam
1870 2086 2287 2147 tantummodo
2328 2084 2582 2149 formam
2630 2086 2781 2163 ejuS,
2830 2104 2945 2147 non

233 2175 432 2253 plures
481 2195 620 2238 esse
664 2192 866 2253 posse.
959 2174 1234 2237 Iuventio
1283 2175 1519 2255 Magiro
1568 2174 1853 2253 debetur,
1920 2194 2037 2255 qua
2083 2175 2235 2235 adeo
2282 2174 2475 2254 ipsum
2524 2176 2787 2237 officiose
2840 2195 2945 2235 sa-

235 2262 382 2341 luto,
444 2272 803 2345 gratumque
851 2284 948 2327 me
1003 2264 1088 2326 illi
1155 2264 1436 2337 exhibe0,
1496 2274 1817 2344 propterea
1875 2264 2029 2344 quod
2080 2282 2184 2325 suo
2223 2264 2656 2343 jucundissimo
2704 2264 2947 2326 theore-

235 2362 390 2415 mate
457 2372 622 2415 nova
679 2353 990 2433 voluptate
1035 2353 1406 2435 geometrica
1451 2373 1544 2415 me
1592 2371 1825 2433 quoque
1872 2353 2031 2415 inter
2076 2362 2310 2414 ceteros
2360 2354 2582 2417 beavit.
2676 2354 2945 2416 Demon-

235 2442 446 2505 stratio
517 2442 716 2505 facilis
781 2451 882 2503 est
941 2462 1019 2505 ex
1079 2442 1266 2522 ipsius
1335 2442 1616 2504 invento:
1685 2442 1842 2521 quod
1906 2442 2145 2521 quidem
2208 2442 2299 2503 ita
2354 2442 2417 2503 in
2466 2444 2645 2505 aliam
2696 2444 2947 2505 formam

237 2532 494 2608 mutavi,
563 2540 630 2593 ut
679 2531 1046 2607 existimem,
1093 2550 1186 2593 me
1233 2531 1414 2592 facile
1459 2531 1555 2593 vel
1601 2530 1798 2610 ipsum
1845 2530 2147 2610 Magirnm
2194 2529 2253 2591 in
2293 2531 2445 2592 hanc
2490 2530 2945 2613 persuasionem

237 2620 646 2695 inducturum,
706 2630 774 2683 ut
835 2629 1014 2701 putet
1075 2639 1234 2683 mere
1289 2638 1482 2682 meum
1530 2638 1686 2681 esse.
1780 2620 2121 2699 Propositio
2167 2619 2259 2681 ita
2302 2628 2520 2681 sonet:
2598 2620 2673 2683 Si
2732 2639 2948 2700 super

241 2708 514 2773 lineam
583 2719 910 2773 extrema
969 2717 1041 2771 et
1101 2710 1338 2772 media
1384 2710 1671 2773 ratione
1717 2716 2001 2771 sectam
2038 2709 2562 2790 rectangulum
2608 2708 2943 2790 triangu-

239 2797 368 2862 lum
433 2800 958 2862 constituatur
1010 2801 1118 2862 sic
1173 2808 1249 2862 ut
1302 2808 1550 2862 rectus
1599 2800 1917 2880 angulus
1963 2807 2242 2878 puncto
2289 2800 2657 2862 sectionis
2706 2799 2812 2861 sit
2858 2799 2946 2862 ad

239 2889 879 2968 perpendiculum,
951 2890 1153 2952 latus
1217 2890 1450 2952 minus
1498 2891 1694 2951 circa
1755 2896 2041 2950 rectum
2099 2888 2557 2966 aequabitur
2620 2888 2947 2969 portioni

239 2980 498 3058 major-i
549 2985 817 3040 sectae
869 2979 1149 3041 lineae.
1243 2977 1832 3040 Demonstrationem
1879 2976 2134 3056 Magiri,
2186 2994 2361 3056 quam
2409 2977 2467 3038 in
2514 2979 2671 3040 valle
2720 2977 2945 3040 Luste-

241 3069 413 3130 navia
459 3067 606 3132 mihi
653 3067 1122 3138 demonstrasti,
1191 3069 1428 3130 omnino
1475 3067 1649 3129 amisi
1695 3080 1817 3129 nec·
1854 3066 2194 3127 meminisse
2241 3085 2525 3146 possum:
2583 3069 2717 3129 ideo
2764 3067 2947 3130 aliam

242 3156 487 3220 institui.
567 3158 722 3219 Esto
765 3157 924 3220 linea
953 3157 1088 3232 ΑΕ,
1138 3167 1310 3218 secta
1335 3157 1718 3236 proportione

211 3243 398 3308 'dicta
443 3249 504 3308 in
553 3247 606 3308 F
650 3264 758 3325 per
789 3242 874 3310 30
921 3247 1077 3310 sexti
1125 3245 1494 3320 (Euclidis);
1542 3263 1720 3324 super

244 3355 352 3414 qua
409 3335 786 3400 describatur
841 3335 1282 3408 semicirculus,
1353 3334 1412 3396 in
1471 3353 1584 3414 quo
1641 3353 1716 3395 ex

243 3423 288 3484 F
318 3434 488 3488 reeta
531 3425 641 3488 FD
681 3425 946 3506 erigatur
989 3423 1562 3505 perpendiculariter
1609 3442 1714 3484 us-

245 3531 348 3592 que
393 3517 472 3580 ad
519 3515 894 3596 superficiem
939 3513 1315 3587 semicirculi,
1365 3521 1428 3575 et
1453 3531 1711 3574 connec-

246 3611 440 3668 tantur
467 3603 604 3678 DE,
653 3605 794 3680 DA,
835 3592 910 3665 'ut
950 3605 1057 3666 fiat
1085 3603 1338 3682 angulus
1367 3601 1540 3663 EDA
1577 3621 1714 3663 rec-

245 3699 335 3752 tus
393 3713 504 3773 per
571 3689 680 3756 31.
747 3693 860 3756 111.
979 3693 1130 3756 Dico
1206 3691 1360 3771 quod
1425 3690 1536 3752 DE
1610 3691 1718 3752 fiat

247 3785 506 3862 aequalis
545 3783 744 3846 lineae
772 3782 905 3853 FA,
946 3781 1204 3862 portioni
1235 3779 1445 3860 majori
1476 3781 1550 3842 de
1576 3779 1715 3842 EA.

243 3869 390 3932 Nam
437 3891 548 3952 per
576 3869 640 3936 8.
689 3872 800 3934 VI.
849 3871 1156 3949 triangula
1181 3869 1364 3946 EFD‚
1411 3869 1580 3932 DFA
1600 3869 1716 3930 toti

249 3959 408 4022 ΑΒΕ
457 3969 522 4024 et
567 3963 722 4025 iuter
767 3980 834 4022 se
881 3970 1024 4022 sunt
1069 3960 1310 4022 similia.
1378 3957 1584 4028 Quare
1610 3977 1720 4042 per

251 4051 562 4114 secundum
603 4049 980 4114 corollarium
1019 4049 1292 4128 ejusdem
1317 4047 1429 4108 ED
1459 4055 1556 4108 est
1585 4065 1717 4107 me-

252 4136 342 4199 dia
392 4138 857 4221 proportionalis
913 4139 1072 4202 inter
1119 4137 1231 4200 ΑΕ
1280 4146 1343 4200 et
1385 4135 1509 4200 EF.
1601 4133 1722 4197 Est

253 4235 440 4292 autem
487 4230 672 4292 etiam
709 4229 822 4291 AF
849 4227 1046 4290 media
1073 4225 1536 4308 proportionalis
1565 4224 1722 4287 inter

251 4314 354 4376 ΔΕ
399 4327 462 4380 et
504 4319 614 4382 EF
657 4335 766 4398 per
803 4317 1202 4380 definitionem
1245 4316 1434 4378 lineae
1463 4333 1716 4395 propor-

253 4403 548 4472 tionaliter
602 4415 829 4470 sectae.
925 4405 1078 4468 Cum
1136 4414 1334 4467 autem
1391 4405 1550 4465 inter
1605 4402 1719 4464 duo

255 4505 508 4560 extrema
553 4515 734 4559 unum
777 4505 1012 4558 tantum
1059 4494 1318 4556 medium
1375 4493 1718 4574 proportio-

255 4583 378 4646 nale
441 4606 576 4648 esse
636 4585 868 4666 possit,
932 4602 1042 4663 per
1087 4579 1146 4646 9.
1199 4584 1280 4645 V.
1347 4599 1716 4654 conversam,

255 4671 355 4732 AF
397 4686 459 4737 et
503 4674 616 4738 ΕΙ)
667 4675 950 4755 aequales
997 4681 1190 4748 erunt,
1242 4673 1398 4752 quod
1445 4679 1578 4733 erat
1622 4671 2013 4750 probandum.
2092 4667 2486 4732 Corollarium
2530 4669 2581 4732 1.
2671 4670 2949 4732 Latera

255 4761 596 4845 trianguli
641 4773 814 4826 sunt
857 4763 1471 4843 proportionalia.
1565 4761 1724 4821 Nam
1769 4761 1897 4834 AF,
1948 4759 2075 4833 FD,
2126 4757 2229 4820 FE
2278 4765 2418 4818 sunt
2466 4759 2947 4839 proportionales

257 4863 352 4925 per
395 4849 454 4917 8.
497 4855 610 4918 VI.
683 4855 776 4916 At
821 4852 933 4914 ED
979 4859 1080 4913 est
1123 4851 1394 4933 aequalis
1442 4849 1633 4910 lineae
1662 4849 1792 4911 AF.
1868 4849 2032 4929 Ergo
2079 4845 2212 4922 ΕΙ),
2262 4846 2387 4918 DF,
2440 4847 2541 4908 FE
2588 4848 2709 4910 tria
2754 4849 2949 4910 latera

259 4943 574 5025 rectauguli
621 4951 764 5006 sunt
805 4941 1302 5022 proportionalia.
1397 4941 1488 5002 At
1527 4937 1634 5000 EF
1635 4935 1693 4998 D
1739 4939 2107 5018 triangulum
2153 4935 2411 5018 partiale
2451 4947 2547 4998 est
2592 4937 2783 4998 simile
2816 4937 2947 5010 toti,

2437 5039 2524 5090 δῦ

2278 3227 2368 3276 Pit.
2400 3225 2440 3268 8.
