3634 5575
551 404 682 473 272
1642 408 1889 475 Apologia
1920 397 2170 471 Tyshonrn

551 582 808 646 superne
851 564 1323 644 praedictarum,
1371 573 1438 628 et
1481 563 1616 628 ideo
1663 584 1780 628 non
1826 572 2083 646 possunt
2126 564 2344 627 abesse
2392 562 2667 645 amplius,
2726 562 3007 645 quoniam
3052 582 3273 625 curva·-

553 664 696 719 tura
742 653 1018 717 absidum
1078 672 1198 715 non
1245 652 1434 715 habet
1488 654 1570 716 ibi
1625 653 2061 734 longitudinem
2106 653 2467 734 majorem.“
2558 649 2897 716 Obscurum
2956 670 3094 714 esse
3142 651 3274 715 Pli-

553 744 716 807 nium
762 742 822 804 in
867 742 962 803 his
1011 741 1212 804 verbis
1259 759 1464 803 omnes
1511 742 1807 816 fatentur,
1868 740 2259 817 Collimitius,
2320 762 2395 804 ex
2440 742 2554 803 hoc
2600 741 2915 821 Zieglerus
2970 742 3276 821 interpre-

553 832 847 895 tationem
894 849 1074 891 unam
1119 831 1378 895 afferunt
1401 836 1486 892 ‘et
1533 830 1709 892 simul
1737 831 2017 911 rejiciunt
2062 838 2129 893 ut
2155 830 2627 911 impossibilem:
2676 830 2988 909 Zieglerus
3019 829 3273 892 alteram

549 918 901 1000 superaddit
943 917 1312 1002 Mycilloque
1359 918 1731 999 suppeditat,
1780 937 1959 998 quam
2004 928 2191 999 negat
2234 920 2365 999 ipse
2414 937 2548 981 esse
2594 917 3007 981 Plinianorum
3050 917 3273 980 verbo-

549 1026 678 1071 rum
725 1006 1068 1087 genuinam.
1169 1004 1294 1069 Sed
1343 1005 1716 1088 Cepernicus
1773 1008 2165 1069 communiter
2209 1008 2357 1069 mihi
2404 1016 2467 1069 et
2510 1008 2671 1071 Urso
2714 1014 2997 1087 receptus
3052 1007 3113 1069 in
3160 1005 3277 1067 hoc

548 1096 790 1176 negotio
836 1095 1036 1170 testis,
1083 1094 1138 1155 is
1187 1113 1352 1175 erge,
1400 1095 1752 1178 posthabito
1800 1114 1935 1177 cap.
1968 1096 2174 1171 V111.,
2226 1096 2545 1159 emendato
2584 1114 2727 1157 vero
2758 1102 3066 1169 contextu,
3116 1094 3276 1175 quod

547 1185 760 1247 crebro
805 1184 865 1245 in
912 1184 1026 1245 hoc
1071 1193 1318 1245 auctore
1366 1185 1775 1247 necessarium
1824 1176 2101 1254 occurrit,
2152 1182 2340 1247 efficit
2382 1192 2451 1246 ut
2486 1184 2617 1264 jam
2653 1184 2715 1246 in
2752 1180 2951 1246 Plinio
2982 1181 3273 1263 Capellae

551 1290 758 1335 vocem
802 1271 1114 1335 exaudias.
1208 1271 1313 1335 Sic
1359 1290 1572 1353 nempe
1619 1272 1867 1352 scripsit
1912 1292 1987 1334 ex
2032 1280 2233 1335 mente
2282 1271 2603 1353 Copernici
2649 1272 2914 1359 Plinius:
2974 1288 3273 1348 „conver-

547 1358 654 1424 sas
699 1360 930 1423 habent
971 1368 1260 1442 utraeque
1308 1361 1556 1424 absidas
1609 1369 1680 1423 ut
1724 1360 1949 1423 circum
1994 1359 2201 1424 Solem
2246 1362 2430 1436 sitae3
2488 1368 2841 1441 tantumque
2902 1360 2977 1423 de
3034 1359 3277 1423 circulis

549 1468 754 1513 earum
801 1450 1010 1511 subter
1055 1458 1154 1511 est
1199 1456 1486 1530 quantum
1524 1450 1847 1529 superne.“
1936 1450 2025 1513 Ut
2068 1468 2188 1512 vox
2234 1448 2482 1525 ‚,infra“
2524 1450 2607 1511 sit
2634 1448 2995 1523 adulterina,
3046 1466 3272 1529 „prae-

546 1536 892 1601 dictarum“
942 1556 1084 1599 vero
1133 1538 1505 1618 surreptitia.
1571 1538 1798 1613 ,Movit
1828 1536 2241 1619 Cepernicum,
2291 1546 2361 1600 ut
2403 1538 2519 1599 hoc
2547 1538 2809 1601 Plinium
2856 1536 3085 1599 dixisse
3132 1554 3273 1598 cre-

549 1628 750 1700 deret,
815 1626 963 1688 illud
1009 1625 1407 1707 potissimum,
1460 1628 1616 1708 quod
1663 1635 1728 1689 et
1771 1626 2091 1689 Vitruvius
2140 1634 2283 1689 ante
2328 1626 2608 1696 Plinium,
2658 1636 2724 1687 et
2769 1624 3045 1706 Capella,
3092 1624 3277 1686 Plinii

549 1715 1030 1795 metaphrastes,
1089 1715 1301 1777 eadem
1350 1715 1736 1795 de·planetis
1783 1715 2107 1795 dogmata,
2168 1716 2413 1777 easdem
2458 1715 2829 1790 sententias,
2879 1714 3123 1775 eosdem
3170 1732 3275 1774 er-

427 1810 439 1828 “
549 1820 746 1877 rores,
812 1802 1026 1876 eadem
1083 1822 1268 1883 saepe
1313 1803 1501 1866 verba
1545 1822 1680 1865 cum
1721 1804 2155 1884 praecedentia
2210 1812 2337 1865 tum
2386 1802 2702 1885 sequentia
2746 1801 2871 1864 uua
2914 1821 3047 1865 cum
3072 1800 3273 1864 Plinio

549 1898 857 1970 usurpent,
905 1892 1204 1970 posterior
1241 1912 1280 1953 a
1323 1892 1520 1971 priore
1565 1899 1895 1955 mutuatus.
1987 1892 2059 1954 In
2104 1892 2219 1954 hoc
2258 1893 2407 1967 loco,
2461 1892 2561 1953 ubi
2598 1892 2673 1954 de
2704 1890 2963 1953 Veneris
3006 1898 3072 1953 et
3098 1891 3274 1953 Mer-

549 1979 698 2043 curii
743 1996 878 2041 cum
922 1978 1066 2041 Sole
1113 1979 1556 2060 conspiratione
1602 1980 1831 2061 agitur,
1888 1980 1979 2042 illi
2026 1980 2265 2060 quidem
2312 1980 2466 2043 hunc
2512 1999 2781 2055 sensum,
2856 1998 3030 2062 quem
3076 1978 3277 2041 Plinio

549 2067 919 2148 Gopernicus
963 2068 1260 2145 restituit,
1309 2068 1669 2149 exprimunt.
1765 2067 1920 2131 Cum
1975 2069 2133 2131 enim
2178 2068 2375 2131 Plinio
2434 2068 2615 2131 fuerit
2661 2069 2819 2131 alter
2864 2069 3164 2147 magister
3212 2076 3275 2128 et

549 2164 1082 2237 praemonstrator,
1133 2158 1290 2219 alter
1335 2157 1684 2237 discipulus,
1733 2163 1982 2237 uterque
2030 2175 2137 2236 pro
2176 2157 2504 2237 interprete
2536 2156 2922 2219 obscuritatis
2949 2156 3273 2220 Pliniauae

541 2247 676 2325 jure
731 2245 1004 2308 adhiberi
1061 2244 1249 2308 videri
1305 2253 1532 2324 potest.
1629 2246 1722 2308 Ac
1766 2246 1911 2308 mihi
1961 2264 2138 2320 sane,
2206 2246 2371 2321 dum,
2444 2246 2582 2326 quid
2630 2244 2861 2307 Plinius
2908 2264 3045 2325 cap.
3095 2245 3273 2306 VIII.

556 2332 794 2408 dixerit,
845 2334 984 2414 quid
1025 2334 1154 2415 jam
1202 2353 1334 2415 cap.
1383 2332 1594 2397 XVII.
1644 2334 1872 2397 dixisse
1920 2334 2279 2397 credendum
2328 2334 2441 2409 sit,
2504 2334 2849 2410 considero,
2898 2335 3140 2396 videtur
3184 2334 3278 2393 vir

555 2422 656 2484 ille
703 2421 969 2484 rationes
1017 2431 1497 2485 astronomorum
1545 2431 1610 2483 et
1655 2422 1921 2485 vitruvii
1965 2423 2152 2485 verba
2198 2442 2313 2484 non
2361 2422 2516 2485 satis
2562 2422 2927 2502 percepisse,
2976 2423 3090 2485 sed
3134 2421 3276 2483 dum

557 2510 780 2591 raptim
827 2512 1114 2573 torrentis
1161 2511 1354 2574 instar
1397 2530 1606 2574 omnes
1653 2518 1935 2573 auctores
1978 2511 2300 2591 percurrit,
2352 2511 2551 2573 omnia
2596 2511 2929 2588 convolvit,
2992 2511 3273 2573 ubertate

558 2599 847 2661 scientiae
891 2598 1186 2675 tumidus,
1251 2600 1444 2663 multa
1489 2599 1827 2663 semicruda
1882 2618 1993 2663 uec
2038 2600 2214 2681 plene
2262 2618 2463 2663 secum
2508 2600 2627 2681 ipsi
2682 2607 2973 2683 percepta
3017 2600 3271 2679 profert,

559 2688 932 2751 obscuritate
980 2689 1294 2751 verborum
1341 2707 1409 2751 se
1455 2688 1630 2752 simul
1679 2698 1744 2751 et
1787 2688 2076 2751 lectorem
2122 2688 2448 2770 decipiens.
2542 2690 2675 2751 Hoc
2719 2687 2809 2750 illi
2866 2707 3012 2750 sane
3060 2688 3273 2751 crebro

557 2776 714 2841 alias
761 2797 872 2840 usu
917 2776 1113 2853 venit,
1163 2777 1262 2841 ubi
1311 2777 1668 2841 secretiores
1713 2778 1792 2840 ab
1840 2797 1951 2841 usu
1996 2777 2345 2858 quotidiano
2392 2776 2746 2858 disciplinas
2785 2777 3050 2858 attingit.
3135 2777 3273 2839 Ita-

557 2885 672 2947 que
715 2885 830 2928 non
879 2873 976 2928 est
1021 2867 1081 2928 in
1128 2867 1242 2928 hoc
1289 2875 1534 2930 auctore
1582 2867 1923 2938 absurdum,
1974 2867 2303 2932 credidisse
2352 2867 2505 2930 hunc
2536 2868 2804 2929 ordinem
2852 2866 3270 2947 sphaerarum,

557 2954 656 3036 qui
703 2961 802 3016 est
846 2973 981 3034 cap.
1031 2954 1236 3028 v111.,
1284 2963 1348 3017 et
1391 2954 1775 3018 nihilominus
1824 2973 1957 3016 cum
1988 2955 2269 3018 Vitruvio
2316 2957 2583 3018 sensisse
2630 2975 2764 3036 cap.
2814 2955 3057 3032 XVII.,
3108 2953 3269 3036 quod

555 3041 762 3105 Solem
809 3043 1082 3104 ambiant
1126 3044 1336 3107 Venus
1385 3052 1450 3106 et
1493 3043 1851 3106 Mercurius.
2203 3087 2211 3097 »

735 3129 860 3193 Sed
907 3131 1222 3193 audiamus
1269 3141 1334 3195 et
1375 3131 1740 3195 Vitruvium.
1807 3133 1871 3194 Is
1918 3129 2041 3206 (De
2071 3130 2518 3205 Architectura,
2566 3131 2678 3194 IX.
2735 3129 2822 3205 1.)
2870 3149 3005 3193 cum
3040 3138 3270 3193 motum

553 3219 828 3301 primum,
877 3219 974 3300 qui
1023 3221 1276 3283 fixarum
1321 3228 1386 3282 et
1429 3221 1734 3302 signorum
1777 3219 2012 3284 zodiaci
2057 3227 2183 3294 est,
2235 3221 2606 3300 explicasset
2642 3220 2891 3300 jamque
2938 3219 2999 3282 in
3046 3237 3269 3300 genere

555 3309 830 3383 dixisset,
883 3309 1180 3390 quomodo
1227 3309 1458 3385 „Luna,
1508 3309 1692 3372 stella
1733 3308 2040 3380 Mercurii,
2088 3309 2370 3382 Veneris,
2418 3309 2549 3389 ipse
2597 3307 2734 3385 Sol,
2782 3309 3045 3390 itemque
3090 3307 3261 3370 Mar-

555 3398 669 3473 tis,
729 3396 904 3460 Jovis
943 3405 1007 3460 et
1051 3396 1297 3460 Saturni
1346 3399 1492 3468 (hoc
1537 3397 1692 3461 enim
1739 3399 1969 3460 usitato
2017 3397 2223 3460 ordine
2268 3398 2549 3477 planetas
2594 3404 2903 3472 recenset,
2972 3414 3087 3477 quo
3132 3396 3269 3458 Pli-

553 3487 714 3550 nium
778 3487 934 3548 forte
998 3486 1267 3566 decepit)
1325 3487 1689 3550 contrariam
1751 3487 1889 3549 fixis
1950 3486 2111 3549 viam
2173 3486 2285 3548 sub
2347 3485 2581 3548 zodiaci
2626 3485 2817 3566 signis
2863 3485 3267 3567 peragrent“:

555 3574 792 3638 accedit
855 3575 934 3637 ad
995 3575 1462 3655 explicationem
1518 3575 1887 3656 singulorum
1942 3594 2012 3638 eo
2076 3574 2313 3649 ordine,
2378 3593 2493 3656 quo
2552 3583 2971 3655 proposuerat.
3064 3573 3271 3636 Primo

551 3664 760 3727 Lunae
825 3671 1024 3726 motus
1087 3671 1152 3726 et
1216 3666 1422 3744 spatia
1477 3673 1788 3728 menstrua
1842 3663 2159 3738 describit3
2226 3663 2361 3725 dein
2428 3663 2502 3725 de
2550 3663 2811 3725 Veneris
2866 3670 2931 3726 et
2982 3663 3269 3727 Mercurii

523 3753 736 3816 ‘stella
779 3752 867 3814 sic
915 3753 1034 3815 ait:
1085 3753 1413 3828 „Mercurii
1459 3761 1664 3815 autem
1711 3760 1776 3815 et
1822 3752 2081 3815 Veneris
2128 3751 2344 3814 stellae
2392 3753 2615 3814 circum
2652 3752 2815 3814 Solis
2860 3752 3092 3828 radios,
3143 3751 3269 3814 So-

551 3844 668 3904 lem
711 3841 909 3925 ipsum
954 3841 1041 3904 uti
1087 3848 1356 3904 centrum
1404 3841 1720 3904 itineribus
1767 3848 2156 3916 coronantes,
2219 3858 2539 3920 regressus
2580 3847 2909 3903 retrorsum
2954 3849 3019 3903 et
3062 3847 3267 3904 retar-

551 3929 830 3992 dationes
877 3929 1170 3992 faciunt.“
1260 3930 1489 3992 Postea
1535 3929 1612 3991 ad
1649 3929 1891 4005 Martis,
1938 3930 2133 4006 Jovis,
2182 3927 2431 3992 Saturni
2478 3930 2693 3992 stellas
2740 3930 2979 4000 accedit
3022 3947 3265 3993 earum-

419 4075 444 4090 ,
549 4037 664 4100 que
709 4026 910 4080 motus
957 4018 1241 4098 explicat.
1338 4017 1525 4081 Clara
1571 4025 1669 4082 est
1701 4018 1909 4099 itaque
1956 4019 2270 4080 verborum
2318 4017 2447 4096 ejus
2494 4019 2817 4081 sententia.

725 4105 1005 4168 Platonis
1051 4105 1290 4187 quidem
1335 4107 1526 4188 ipsius
1569 4108 1758 4169 verba
1804 4107 2062 4170 obscura
2107 4115 2267 4182 sunt,
2316 4107 2425 4168 sed
2472 4115 2673 4170 tamen
2718 4105 2941 4168 indicia
2971 4105 3268 4187 quaedam

547 4195 842 4276 praebent
888 4195 1019 4273 ejus
1066 4195 1424 4269 sententiae,
1479 4214 1656 4275 quam
1693 4195 1780 4259 illi
1828 4195 2039 4257 tribuit
2084 4193 2450 4260 Macrobius,
2545 4193 2773 4271 „Gum,
2822 4195 3045 4275 inquit,
3112 4196 3263 4257 effe·-

547 4284 738 4346 cisset
780 4282 950 4344 Deus
997 4300 1246 4363 corpora
1293 4283 1688 4362 singulorum,
1738 4301 1813 4346 ea
1856 4284 2062 4363 posuit
2106 4285 2167 4345 in
2212 4283 2725 4357 circumlationes,
2784 4303 2933 4366 quas
2981 4283 3268 4364 cujusque

547 4372 830 4436 circuitus
876 4371 1239 4452 requireret,
1307 4379 1562 4451 septena
1607 4372 1664 4436 in
1713 4380 2029 4453 septenas,
2096 4373 2331 4436 Lunam
2376 4371 2613 4453 quidem
2680 4372 2740 4434 in
2799 4371 3054 4453 primum
3102 4373 3267 4434 circa

547 4461 824 4536 Terram,
891 4457 1100 4522 Solem
1153 4477 1296 4521 vero
1343 4460 1404 4522 in
1451 4460 1776 4523 secundum
1824 4478 2008 4541 supra
2052 4461 2327 4536 Terram,
2388 4460 2729 4540 Vesperum
2772 4479 2917 4522 vero
2975 4469 3039 4523 et
3084 4479 3265 4541 quam

547 4547 848 4611 Mercurio
907 4565 1152 4612 sacram
1213 4547 1420 4610 dicunt
1479 4549 1560 4610 in·
1587 4550 1776 4624 tales,
1838 4547 1937 4630 qui
1984 4549 2317 4612 celeritatis
2364 4549 2601 4630 quidem
2646 4547 2880 4613 ratione
2927 4567 3261 4631 aequecur-

551 4643 782 4698 rentem
827 4634 958 4698 Soli
1003 4635 1208 4698 orbem
1257 4645 1432 4710 eunt,
1480 4637 1845 4700 contrariam
1890 4655 2032 4699 vero
2062 4639 2119 4702 ei
2144 4639 2267 4701 vim
2295 4637 2495 4701 sortiti
2534 4645 2703 4713 sunt3
2752 4657 2937 4720 quare
2984 4646 3047 4700 et
3091 4655 3260 4700 com-

547 4723 922 4803 prehendunt
983 4732 1048 4788 et
1101 4724 1686 4804 comprehenduntur
1748 4746 1787 4789 a
1834 4745 1901 4788 se
1960 4733 2167 4790 mutuo
2242 4735 2309 4790 et
2370 4725 2697 4790 secundum
2762 4725 2977 4788 eadem
3030 4724 3257 4800 Solem,

547 4810 912 4874 Mercurium
956 4818 1022 4873 et
1064 4811 1434 4874 Venerem.“

724 4899 990 4965 Primum
1035 4899 1310 4963 videmus
1358 4899 1688 4964 celeritatis
1741 4901 1979 4965 ratione
2034 4901 2289 4965 eundem
2332 4903 2517 4968 tribui
2570 4901 2764 4966 tribus
2816 4901 2986 4966 hisce
3032 4901 3260 4981 orbem,
