3634 5575
633 350 788 432 378⁰
1390 435 1399 440 ἱ
1475 362 1692 414 Literae'
1711 361 1919 428 Kepleri
1954 358 2257 426 aliorumque
2294 367 2499 412 munnae

635 526 726 589 sic
769 529 1005 608 potest,
1072 528 1144 586 ut'
1187 523 1246 586 in
1299 519 1592 586 infinitum
1661 519 1977 602 progressi
2031 527 2271 602 s'emper
2314 519 2561 601 propius
2608 517 2994 590 accedamus,
3060 529 3171 576 nec
3214 509 3354 592 plus'

635 634 756 676 una
813 613 1046 675 unitate
1104 611 1452 676 deficiamus
1517 611 1578 672 in
1644 611 1782 690 ipsa
1829 609 2110 690 quadrati
2178 608 2601 670 delineatione.
2693 607 3056 688 Incipiamus
3110 601 3268 664 enim
3316 621 3354 660 a

634 701 930 765 minimis:
979 701 1065 763 sit
1110 719 1389 763 numerus
1437 698 1755 762 divisibilis
1802 698 2079 761 minimus
2126 695 2199 774 2,
2246 706 2455 778 partes
2502 697 2733 758 habens
2786 693 2816 758 1
2869 700 2933 756 et
2982 692 3049 763 1,
3108 707 3352 774 quarum

635 811 760 853 una
797 792 927 872 jam
976 791 1273 852 habeatur
1317 807 1426 870 pro
1472 788 1718 861 minori,
1777 787 1974 852 altera
2017 807 2125 870 pro
2156 785 2402 867 majori.
2496 783 2601 848 Sic
2664 784 2849 865 igitur
2895 788 3071 845 erunt
3113 775 3355 842 termini

643 879 708 953 1,
757 879 824 954 1,
878 875 942 939 2.
1037 877 1108 941 Si
1155 879 1427 958 perfecte
1473 886 1643 939 esset
1687 895 1980 956 expressa
2024 877 2335 958 proportio
2385 873 2613 947 divina,
2672 879 2981 956 oporteret
3024 878 3351 946 rectangu-

637 969 758 1030 lum
824 975 1232 1029 extremorum
1297 965 1542 1047 aequari
1609 965 1907 1046 quadrato
1954 966 2162 1043 medii,
2231 972 2298 1026 at
2352 962 2593 1026 excedit
2637 964 2899 1034 unitate,
2962 967 3035 1022 ut
3076 955 3214 1034 [Ε]
3256 953 3356 1029 Ξ3

635 1075 824 1138 pergo
871 1056 1086 1135 igitur,
1137 1073 1502 1136 componens
1549 1061 1785 1134 partem
1826 1055 2119 1135 majorem
2178 1051 2205 1118 1
2261 1071 2391 1115 cum
2449 1059 2578 1113 toto
2626 1047 2695 1128 2,
2761 1059 2828 1113 ut
2874 1049 2999 1112 sint
3043 1043 3113 1121 3,
3182 1051 3357 1106 erunt

637 1145 878 1206 termini
927 1146 1019 1208 sic
1073 1142 1136 1218 1,
1174 1144 1254 1222 ⁶2,
1305 1141 1381 1218 33
1448 1143 1546 1205 hic
1590 1143 2006 1224 rectangulum
2054 1151 2459 1207 extremorum
2495 1149 2593 1203 est
2638 1135 2709 1215 3,
2771 1140 3129 1220 quadratum
3176 1130 3353 1194 medii

531 1227 552 1250 χ
637 1240 734 1296 est
777 1230 822 1294 4
895 1233 1009 1306 (Ha
1041 1276 1056 1301 ,
1107 1232 1234 1308 ΕΗ).
1328 1233 1525 1312 Pergo
1591 1249 1860 1300 rursum,
1926 1235 2214 1313 majorem
2276 1228 2319 1293 2
2386 1229 2613 1292 addens
2679 1229 2795 1291 toti
2860 1223 2939 1302 3,
3006 1232 3073 1288 ut
3137 1223 3353 1286 novum

635 1329 829 1384 totum
875 1321 958 1382 sit
1003 1319 1044 1383 5
1059 1341 1077 1396 ;
1128 1322 1366 1384 termini
1414 1319 1475 1393 2,
1525 1318 1585 1392 3,
1637 1317 1698 1383 5.
1791 1319 2233 1402 Rectangulum
2272 1325 2669 1380 extremorum
2717 1315 2779 1391 2,
2830 1315 2868 1380 5
2919 1311 3152 1390 estio,
3202 1330 3353 1392 qua-

637 1453 875 1518 dratum
921 1455 1102 1516 medii
1151 1463 1249 1516 est
1293 1451 1334 1518 9
1387 1413 1598 1571 (Q
1674 1414 1880 1570 Q).
2000 1452 2293 1518 Similiter
2358 1456 2513 1516 adde
2578 1450 2618 1515 3
2684 1459 2751 1513 et
2812 1449 2895 1522 5,
2966 1457 3036 1510 ut
3100 1444 3225 1506 sint
3286 1439 3353 1506 8.

639 1628 847 1693 5><5
901 1655 976 1684 =
1028 1629 1151 1703 25,
1201 1627 1364 1693 3.s
1417 1655 1490 1685 =
1543 1629 1660 1708 24,
1706 1633 1888 1714 pingo
1931 1631 2119 1714 igitur
2164 1633 2251 1694 sic
2344 1597 2564 1740 (ff
2639 1591 2877 1738 ff).
2986 1625 3121 1696 ιιι,
3196 1619 3354 1701 quod

639 1763 740 1825 uni
785 1763 978 1832 deest,
1028 1740 1528 1826 alteri-abundat
1571 1775 1886 1845 perpetuo.
1978 1763 2117 1828 Non
2162 1772 2329 1845 puto,
2378 1784 2477 1834 me,
2519 1782 2698 1843 posse
2749 1759 2971 1824 clarius
3020 1759 3085 1818 et
3128 1751 3357 1847 palpa-¹

639 1851 816 1914 bilius
865 1869 988 1912 rem
1037 1852 1355 1932 explicare,
1407 1871 1588 1932 quam
1632 1853 1684 1914 si
1733 1854 1949 1929 dicam,
1999 1861 2061 1914 te
2107 1853 2311 1915 videre
2358 1851 2654 1934 imagines
2701 1849 2825 1914 illic
2872 1843 3206 1917 mentulas,
3254 1837 3353 1902 hic

639 1941 874 2004 vulvae.
965 1940 1173 2002 Efficit
1220 1940 1404 2020 igitur
1451 1941 1548 2004 hic
1597 1961 1882 2004 excessus
1930 1941 2298 2023 alternisque
2348 1942 2619 2004 defectus
2666 1935 3032 2018 rectanguli,
3083 1939 3151 1994 ut
3197 1949 3349 1992 nun-

637 2047 814 2109 quam
861 2030 1127 2108 perfecte
1174 2029 1578 2109 exprimamus
1625 2031 1887 2094 numeris
1930 2031 2376 2112 proportionem
2425 2027 2711 2093 divinam.
2804 2025 2889 2090 Et
2933 2031 3139 2087 tamen
3184 2037 3349 2080 sem-

636 2135 747 2199 per
789 2117 1037 2198 propius
1084 2117 1163 2178 ad
1209 2119 1405 2198 ipsam
1452 2120 1794 2182 accedimus
1819 2168 1836 2195 ,
1907 2139 2021 2201 quo
2088 2121 2329 2201 saepius
2385 2120 2820 2199 componimus:
2889 2121 2956 2177 ut
3012 2111 3065 2172 si
3114 2105 3152 2173 5
3202 2115 3266 2170 et
3308 2103 3360 2169 8

637 2225 980 2285 componas,
1031 2215 1205 2267 erunt
1258 2203 1374 2281 133
1417 2209 1548 2287 jam
1601 2205 1679 2271 13
1727 2209 1786 2270 in
1837 2207 1876 2272 5
1924 2209 2325 2289 multiplicata
2371 2209 2520 2269 dant
2565 2199 2669 2283 65,
2720 2201 2761 2268 8
2791 2222 2932 2267 vero
2979 2196 3172 2263 octies
3211 2204 3349 2258 sunt

643 2290 730 2358 64
797 2297 937 2368 (en,
989 2313 1172 2374 supra
1217 2295 1372 2374 dixi,
1433 2293 1476 2359 8
1515 2297 1686 2358 annis
1741 2295 1818 2360 13
1870 2298 2215 2377 contingere
2262 2297 2683 2359 conversiones
2732 2291 3044 2363 Veneris).
3139 2289 3348 2386 Itaque

641 2383 915 2446 defectus
973 2383 1144 2444 unius
1209 2386 1546 2466 rectauguli
1611 2385 1883 2468 proxime
1932 2393 2284 2466 compensat
2332 2405 2643 2447 excessum
2707 2382 2975 2465 p'roxime
3024 2383 3349 2460 sequentis,

641 2481 708 2534 ut
752 2472 840 2533 ita
884 2471 948 2532 in
995 2471 1226 2534 duabus
1259 2473 1488 2535 vicibus
1535 2474 1810 2555 proxime
1858 2475 1952 2536 bis
2002 2483 2238 2538 utamur
2282 2473 2665 2556 proportione
2715 2469 2937 2534 divina.
3030 2467 3131 2530 Ad
3180 2463 3351 2543 quus

639 2559 726 2622 rei
774 2559 1255 2636 similitudinem,
1295 2563 1346 2624 si
1395 2581 1470 2624 ex
1519 2563 1719 2645 aliquo
1766 2562 1991 2646 Satyro
2038 2563 2341 2626 rusticano
2391 2581 2676 2644 quaeras,
2735 2581 2852 2643 qua
2896 2558 2957 2622 in
3005 2577 3069 2620 re
3118 2551 3354 2618 differat

639 2647 952 2729 generatio
999 2650 1248 2728 plautae
1295 2672 1332 2713 a
1379 2653 1766 2731 generatione
1813 2651 2089 2729 hominis,
2137 2651 2559 2732 respondebit,
2618 2651 2677 2712 in
2725 2651 2870 2723 hoc,
2940 2648 3095 2730 quod
3142 2643 3354 2724 planta

642 2731 870 2801 habea‘t
931 2757 1136 2801 semen
1185 2738 1244 2801 in
1293 2757 1388 2817 se,
1457 2740 1666 2822 itaque‘
1707 2761 1886 2803 unam
1934 2741 2206 2804 sufficere
2254 2743 2330 2803 ad
2378 2739 2592 2803 similis
2638 2737 3114 2821 generationem,
3183 2736 3249 2795 at
3293 2727 3361 2823 in.

640 2828 876 2890 homine
923 2828 1252 2889 mentulam
1299 2837 1364 2890 et
1409 2832 1650 2891 vulvam
1698 2832 2015 2894 convenire
2062 2850 2308 2893 necesse
2356 2850 2522 2905 esse,
2589 2837 2685 2905 ut,
2736 2826 2893 2909 quod
2938 2826 3039 2889 uni
3086 2820 3246 2885 desit
3290 2822 3355 2878 et

642 2916 800 2989 hiet,
872 2915 1048 2977 alteri
1097 2917 1362 2978 abundet
1408 2926 1472 2979 et
1517 2920 1928 2998 propendeat,
1998 2920 2345 3000 duobusque
2394 2918 2730 2980 hominibus
2768 2914 2997 2998 junctis
3066 2920 3129 2975 et
3172 2909 3349 2989 hujus

642 3022 896 3065 excessu
941 3004 1002 3064 in
1049 3004 1212 3065 illius
1261 3006 1560 3070 defectum
1607 3008 1859 3082 insen-tc,
1908 3008 2124 3070 tertius
2172 3008 2385 3070 similis
2434 3014 2738 3071 nascatur.
3094 3021 3099 3025 “

819 3096 1024 3173 Atque
1073 3093 1168 3153 hic
1213 3112 1500 3156 excursus
1547 3104 1696 3171 est0‚
1750 3116 1925 3178 quem
1972 3096 2417 3177 mihiflextorsit
2460 3094 2721 3176 prurigo,
2773 3115 2809 3156 a
2834 3083 3171 3154 Reinhardi
3210 3104 3353 3168 spe-

644 3181 1044 3243 culationibus
1092 3182 1419 3246 concitata.
1515 3186 1686 3266 Ludo
1736 3186 1953 3266 quippe
1998 3195 2064 3247 et
2110 3205 2223 3267 ego
2262 3184 2550 3267 symbolis
2598 3192 2661 3245 et
2690 3180 3036 3263 opusculum
3073 3175 3349 3240 institui:

642 3270 1005 3343 „cahbalam
1033 3272 1527 3349 geometricam“,
1597 3292 1752 3354 quae
1800 3283 1899 3336 est
1928 3274 2001 3335 de
2029 3274 2181 3336 ideis
2227 3294 2422 3337 rerum
2470 3272 2830 3335 naturalium
2877 3270 2935 3331 in
2984 3264 3355 3349 geometria3

647 3359 754 3419 sed
801 3359 892 3421 ita
937 3359 1107 3430 ludo,
1175 3368 1243 3421 ut
1289 3380 1382 3423 me
1432 3364 1634 3425 ludere
1683 3382 1800 3425 non
1850 3363 2194 3426 obliviscar.
2288 3362 2457 3425 Nihil
2505 3361 2661 3423 enim
2708 3357 2999 3441 probatur
3046 3352 3352 3439 symboliS,

644 3446 790 3509 nihil
837 3447 1100 3509 abstrusi
1147 3450 1376 3511 eruitur
1418 3452 1480 3513 in
1529 3452 1792 3513 naturali
1838 3452 2222 3531 philosophia
2266 3470 2375 3532 per
2404 3450 2711 3533 symbolas
2740 3446 3160 3529 geometricaS,
3210 3452 3353 3506 tan-

642 3543 766 3599 tum
815 3545 958 3599 ante
1003 3546 1151 3599 nota
1198 3541 1745 3615 accommodantur,
1796 3542 1915 3602 nisi
1960 3541 2145 3602 certis
2195 3539 2527 3602 rationibus
2576 3538 2905 3612 evincatur,
2956 3554 3073 3598 non
3120 3542 3354 3597 tantum

641 3644 782 3687 esse
829 3623 1176 3706 symbolica,
1227 3626 1333 3688 sed
1382 3647 1517 3690 esse
1566 3630 1909 3708 descriptos
1958 3628 2344 3690 connexionis
2393 3628 2499 3689 rei·
2529 3626 2836 3707 utriusque
2866 3624 3078 3686 modos
3112 3628 3173 3685 et
3206 3642 3354 3684 cau-

642 3732 776 3788 sas;
823 3722 892 3775 ut
937 3713 994 3774 in
1043 3716 1326 3778 meteoris
1373 3724 1472 3779 est
1517 3718 1722 3797 aliqua
1781 3736 1970 3779 causa
2026 3734 2246 3797 agene,
2306 3716 2561 3778 rationis
2609 3723 2673 3776 et
2716 3713 3087 3795 geometriae
3137 3730 3353 3793 capax,

644 3822 798 3882 quae
847 3802 924 3862 ad
975 3812 1294 3865 nascentes
1343 3805 1402 3865 in
1449 3806 1620 3867 coelo
1673 3812 1957 3886 aspectus
2006 3808 2162 3880 (reru
2192 3805 2649 3885 geometricam)
2700 3802 3118 3864 accommodat
3145 3801 3353 3863 modos

641 3898 708 3951 et
749 3908 1146 3973 paroxysmos
1195 3893 1287 3953 sui
1334 3894 1554 3973 operis,
1605 3896 1762 3976 quod
1812 3902 1909 3957 est
1954 3896 2257 3956 concitare
2287 3894 2564 3955 humores
2596 3893 3043 3964 subterraneOS,
3092 3898 3159 3951 ut
3208 3908 3357 3950 eva-

641 3989 876 4057 potent.
973 3980 1087 4041 Hic
1155 3982 1384 4043 frustra
1447 3982 1604 4045 alius
1677 3982 2273 4064 symbolisationibus
2339 3982 2577 4043 innixus
2646 4000 2721 4042 ex
2776 3976 2817 4058 l}
2882 3979 3119 4057 nivem,
3187 3998 3264 4041 ex
3309 3982 3357 4048 ό

647 4068 868 4132 tonitru
917 4070 1284 4149 expectabit,
1337 4090 1410 4132 ex
1455 4071 1516 4145 ‘ll
1560 4072 1847 4152 pluviam,
1899 4090 1931 4133 e
1981 4072 2031 4146 Q
2078 4088 2294 4145 rorem,
2346 4090 2421 4133 ex
2468 4072 2511 4149 Q
2557 4076 2800 4131 ventum
2832 4068 2937 4131 Sto.
3034 4064 3160 4129 Sed
3207 4084 3356 4147 geo-

645 4158 864 4221 metria
927 4165 1279 4235 aspectuum
1344 4160 1412 4221 fit
1469 4179 1656 4222 causa
1715 4159 2057 4240 objectiva,
2128 4177 2374 4222 movens
2421 4159 2726 4221 Archeum
2774 4156 3235 4220 subterraneum
3281 4156 3356 4217 ad

642 4244 928 4325 impetum
978 4245 1272 4325 aliquem,
1339 4266 1416 4310 ex
1480 4267 1596 4328 quo
1662 4248 1866 4311 omnia
1925 4251 2089 4312 dicta
2141 4248 2479 4329 promiscue
2540 4266 2652 4328 pro
2698 4266 2763 4308 re
2811 4253 2997 4323 nata,
3055 4246 3184 4326 jam
3248 4244 3358 4306 hoc

632 4332 764 4415 jam
809 4336 959 4399 illud
999 4335 1271 4397 resultat.

823 4424 958 4487 Non
1009 4422 1235 4501 dubito,
1283 4424 1724 4508 Pythagoricos
1771 4426 1897 4487 tale
1945 4424 2086 4506 quid
2134 4424 2505 4503 respexisse,
2552 4422 2727 4503 quale
2775 4439 2887 4502 ego
2934 4422 3031 4483 hic
3078 4422 3358 4503 proposui

643 4514 718 4575 de
765 4530 1018 4575 excessu
1065 4520 1130 4571 et
1175 4514 1416 4577 defectu
1483 4515 1940 4593 quadratorum,
2000 4514 2139 4575 dum
2184 4513 2444 4597 impares
2492 4528 2769 4575 numeros
2816 4530 3015 4575 mares
3062 4510 3355 4583 dixerunt,

643 4615 826 4683 pares
873 4618 1016 4663 vero
1067 4600 1345 4666 feminas.
1437 4601 1520 4663 Et
1565 4602 1774 4677 Plat0,
1824 4612 1889 4665 ut
1936 4620 2119 4681 supra
2164 4601 2426 4676 dictum,
2474 4600 2731 4681 primum
2778 4600 3108 4679 imparem,
3156 4596 3361 4661 id‘est

643 4690 958 4765 unitatem,
1007 4690 1446 4773 interpretatus
1496 4700 1590 4751 est
1637 4692 1880 4765 „ideam
1908 4710 2013 4754 seu
2049 4694 2318 4767 formam,
2369 4709 2521 4771 quae
2559 4709 2689 4751 mas
2718 4688 3054 4761 habetur“;
3105 4688 3357 4769 primum

647 4796 788 4841 vero
834 4797 1078 4858 parem,
1141 4780 1203 4841 id
1251 4789 1350 4844 est
1396 4780 1711 4855 binarium,
1763 4780 2078 4843 materiam
2128 4780 2307 4853 feeit,
2376 4798 2526 4858 quae
2594 4778 2850 4839 feminae
2916 4776 3111 4841 instar
3154 4776 3356 4839 habet.
