<?xml version="1.0" encoding="UTF-8"?>
<!DOCTYPE html PUBLIC "-//W3C//DTD XHTML 1.0 Transitional//EN"
    "http://www.w3.org/TR/xhtml1/DTD/xhtml1-transitional.dtd">
<html xmlns="http://www.w3.org/1999/xhtml" xml:lang="en" lang="en">
 <head>
  <title>
</title>
<meta http-equiv="Content-Type" content="text/html;charset=utf-8" />
  <meta name='ocr-system' content='tesseract 3.04.00' />
  <meta name='ocr-capabilities' content='ocr_page ocr_carea ocr_par ocr_line ocrx_word'/>
</head>
<body>
  <div class='ocr_page' id='page_1' title='image "./joanniskepleria30frisgoog_0069.png"; bbox 0 0 3634 5575; ppageno 0'>
   <div class='ocr_carea' id='block_1_1' title="bbox 660 396 2163 465">
    <p class='ocr_par' dir='ltr' id='par_1_1' title="bbox 660 396 2163 465">
     <span class='ocr_line' id='line_1_1' title="bbox 660 396 2163 465; baseline -0.011 0"><span class='ocrx_word' id='word_1_1' title='bbox 660 396 748 465; x_wconf 82' lang='grc'><strong>50</strong></span> <span class='ocrx_word' id='word_1_2' title='bbox 1842 398 2163 451; x_wconf 73' lang='lat' dir='ltr'><strong>Pnoominm.</strong></span> 
     </span>
    </p>
   </div>
   <div class='ocr_carea' id='block_1_2' title="bbox 659 556 3373 1261">
    <p class='ocr_par' dir='ltr' id='par_1_2' title="bbox 659 556 3373 1261">
     <span class='ocr_line' id='line_1_2' title="bbox 659 556 3367 639; baseline -0.003 -16"><span class='ocrx_word' id='word_1_3' title='bbox 659 560 884 623; x_wconf 89' lang='lat' dir='ltr'><strong>bilium.</strong></span> <span class='ocrx_word' id='word_1_4' title='bbox 977 559 1112 621; x_wconf 87' lang='lat' dir='ltr'><strong>Nisi</strong></span> <span class='ocrx_word' id='word_1_5' title='bbox 1159 560 1312 621; x_wconf 84' lang='lat' dir='ltr'><strong>forte</strong></span> <span class='ocrx_word' id='word_1_6' title='bbox 1359 566 1611 621; x_wconf 81' lang='lat' dir='ltr'>octavae</span> <span class='ocrx_word' id='word_1_7' title='bbox 1659 559 1951 639; x_wconf 77' lang='lat' dir='ltr'><strong>sphaerae</strong></span> <span class='ocrx_word' id='word_1_8' title='bbox 2009 558 2193 621; x_wconf 87' lang='lat' dir='ltr'><strong>etiarn</strong></span> <span class='ocrx_word' id='word_1_9' title='bbox 2251 557 2483 639; x_wconf 87' lang='lat' dir='ltr'><strong>aliquos</strong></span> <span class='ocrx_word' id='word_1_10' title='bbox 2526 564 2725 621; x_wconf 88' lang='lat' dir='ltr'><strong>motus</strong></span> <span class='ocrx_word' id='word_1_11' title='bbox 2771 556 3001 621; x_wconf 81' lang='lat' dir='ltr'><strong>tribuit.</strong></span> <span class='ocrx_word' id='word_1_12' title='bbox 3090 556 3227 638; x_wconf 81' lang='lat' dir='ltr'><strong>Ego</strong></span> <span class='ocrx_word' id='word_1_13' title='bbox 3274 556 3367 618; x_wconf 85' lang='lat' dir='ltr'><strong>sic</strong></span> 
     </span>
     <span class='ocr_line' id='line_1_3' title="bbox 661 646 3365 731; baseline -0.001 -20"><span class='ocrx_word' id='word_1_14' title='bbox 661 668 876 711; x_wconf 88' lang='lat' dir='ltr'><strong>censeo</strong></span> <span class='ocrx_word' id='word_1_15' title='bbox 931 648 1004 710; x_wconf 88' lang='lat' dir='ltr'><strong>de</strong></span> <span class='ocrx_word' id='word_1_16' title='bbox 1061 646 1375 731; x_wconf 85' lang='lat' dir='ltr'><strong>Tychone,</strong></span> <span class='ocrx_word' id='word_1_17' title='bbox 1441 647 1750 710; x_wconf 81' lang='lat' dir='ltr'><strong>Divitiis</strong></span> <span class='ocrx_word' id='word_1_18' title='bbox 1814 647 2224 723; x_wconf 85' lang='lat' dir='ltr'><strong>abundare,</strong></span> <span class='ocrx_word' id='word_1_19' title='bbox 2293 646 2551 728; x_wconf 85' lang='lat' dir='ltr'><strong>quibus</strong></span> <span class='ocrx_word' id='word_1_20' title='bbox 2614 666 2751 709; x_wconf 87' lang='lat' dir='ltr'><strong>non</strong></span> <span class='ocrx_word' id='word_1_21' title='bbox 2814 653 3019 709; x_wconf 89' lang='lat' dir='ltr'><strong>recte</strong></span> <span class='ocrx_word' id='word_1_22' title='bbox 3082 654 3365 721; x_wconf 89' lang='lat' dir='ltr'><strong>utatur,</strong></span> 
     </span>
     <span class='ocr_line' id='line_1_4' title="bbox 661 722 3366 818; baseline -0.002 -18"><span class='ocrx_word' id='word_1_23' title='bbox 661 756 826 801; x_wconf 89' lang='lat' dir='ltr'><strong>more</strong></span> <span class='ocrx_word' id='word_1_24' title='bbox 871 722 1288 818; x_wconf 74' lang='lat' dir='ltr'><strong>plerorumque</strong></span> <span class='ocrx_word' id='word_1_25' title='bbox 1335 736 1600 799; x_wconf 82' lang='lat' dir='ltr'><strong>divitum.</strong></span> <span class='ocrx_word' id='word_1_26' title='bbox 1695 735 1915 798; x_wconf 85' lang='lat' dir='ltr'><strong>Danda</strong></span> <span class='ocrx_word' id='word_1_27' title='bbox 1960 744 2057 798; x_wconf 88' lang='lat' dir='ltr'><strong>est</strong></span> <span class='ocrx_word' id='word_1_28' title='bbox 2101 736 2285 816; x_wconf 85' lang='lat' dir='ltr'><strong>igitur</strong></span> <span class='ocrx_word' id='word_1_29' title='bbox 2330 754 2513 816; x_wconf 85' lang='lat' dir='ltr'><strong>opera</strong></span> <span class='ocrx_word' id='word_1_30' title='bbox 2572 734 2762 816; x_wconf 89' lang='lat' dir='ltr'><strong>(quod</strong></span> <span class='ocrx_word' id='word_1_31' title='bbox 2806 743 2871 798; x_wconf 91' lang='lat' dir='ltr'><strong>et</strong></span> <span class='ocrx_word' id='word_1_32' title='bbox 2914 752 3027 817; x_wconf 82' lang='lat' dir='ltr'><strong>ego</strong></span> <span class='ocrx_word' id='word_1_33' title='bbox 3070 754 3181 815; x_wconf 88' lang='lat' dir='ltr'><strong>pro</strong></span> <span class='ocrx_word' id='word_1_34' title='bbox 3224 752 3366 796; x_wconf 85' lang='lat' dir='ltr'><strong>mea</strong></span> 
     </span>
     <span class='ocr_line' id='line_1_5' title="bbox 659 823 3371 907; baseline -0.001 -19"><span class='ocrx_word' id='word_1_35' title='bbox 659 834 850 907; x_wconf 83' lang='lat' dir='ltr'><strong>parte,</strong></span> <span class='ocrx_word' id='word_1_36' title='bbox 899 827 1008 888; x_wconf 90' lang='lat' dir='ltr'><strong>sed</strong></span> <span class='ocrx_word' id='word_1_37' title='bbox 1054 844 1186 888; x_wconf 90' lang='lat' dir='ltr'><strong>cum</strong></span> <span class='ocrx_word' id='word_1_38' title='bbox 1233 824 1438 887; x_wconf 87' lang='lat' dir='ltr'><strong>debita</strong></span> <span class='ocrx_word' id='word_1_39' title='bbox 1481 824 1779 887; x_wconf 86' lang='lat' dir='ltr'><strong>modestia</strong></span> <span class='ocrx_word' id='word_1_40' title='bbox 1826 825 1990 900; x_wconf 86' lang='lat' dir='ltr'><strong>feci),</strong></span> <span class='ocrx_word' id='word_1_41' title='bbox 2038 833 2107 887; x_wconf 90' lang='lat' dir='ltr'><strong>ut</strong></span> <span class='ocrx_word' id='word_1_42' title='bbox 2154 824 2399 888; x_wconf 84' lang='lat' dir='ltr'><strong>divitias</strong></span> <span class='ocrx_word' id='word_1_43' title='bbox 2446 824 2585 887; x_wconf 89' lang='lat' dir='ltr'><strong>illas</strong></span> <span class='ocrx_word' id='word_1_44' title='bbox 2630 823 2721 886; x_wconf 87' lang='lat' dir='ltr'><strong>illi</strong></span> <span class='ocrx_word' id='word_1_45' title='bbox 2766 831 3250 905; x_wconf 79' lang='lat' dir='ltr'><strong>extorqueamus,</strong></span> <span class='ocrx_word' id='word_1_46' title='bbox 3296 832 3371 885; x_wconf 91' lang='lat' dir='ltr'><strong>ut</strong></span> 
     </span>
     <span class='ocr_line' id='line_1_6' title="bbox 663 906 3369 993; baseline -0.002 -17"><span class='ocrx_word' id='word_1_47' title='bbox 663 916 1116 990; x_wconf 73' lang='lat' dir='ltr'><strong>emendicemuS,</strong></span> <span class='ocrx_word' id='word_1_48' title='bbox 1167 914 1426 989; x_wconf 86' lang='lat' dir='ltr'><strong>scilicet,</strong></span> <span class='ocrx_word' id='word_1_49' title='bbox 1475 923 1544 976; x_wconf 91' lang='lat' dir='ltr'><strong>ut</strong></span> <span class='ocrx_word' id='word_1_50' title='bbox 1586 914 1794 993; x_wconf 83' lang='lat' dir='ltr'><strong>vulget</strong></span> <span class='ocrx_word' id='word_1_51' title='bbox 1840 932 1981 976; x_wconf 84' lang='lat' dir='ltr'><strong>suas</strong></span> <span class='ocrx_word' id='word_1_52' title='bbox 2030 913 2485 976; x_wconf 87' lang='lat' dir='ltr'><strong>observationes</strong></span> <span class='ocrx_word' id='word_1_53' title='bbox 2528 906 2760 975; x_wconf 87' lang='lat' dir='ltr'><strong>sincere</strong></span> <span class='ocrx_word' id='word_1_54' title='bbox 2810 921 2874 975; x_wconf 89' lang='lat' dir='ltr'><strong>et</strong></span> <span class='ocrx_word' id='word_1_55' title='bbox 2916 932 3141 975; x_wconf 87' lang='lat' dir='ltr'><strong>omnes.</strong></span> <span class='ocrx_word' id='word_1_56' title='bbox 3228 910 3369 973; x_wconf 78' lang='lat' dir='ltr'><strong>Hoc·</strong></span> 
     </span>
     <span class='ocr_line' id='line_1_7' title="bbox 661 1002 3373 1085; baseline -0.002 -19"><span class='ocrx_word' id='word_1_57' title='bbox 661 1005 792 1084; x_wconf 88' lang='lat' dir='ltr'><strong>ipso</strong></span> <span class='ocrx_word' id='word_1_58' title='bbox 841 1011 1106 1084; x_wconf 89' lang='lat' dir='ltr'><strong>tempore</strong></span> <span class='ocrx_word' id='word_1_59' title='bbox 1155 1004 1408 1066; x_wconf 85' lang='lat' dir='ltr'><strong>habetur</strong></span> <span class='ocrx_word' id='word_1_60' title='bbox 1451 1002 1547 1064; x_wconf 88' lang='lat' dir='ltr'><strong>hic</strong></span> <span class='ocrx_word' id='word_1_61' title='bbox 1607 1002 1821 1081; x_wconf 82' lang='lat' dir='ltr'><strong>globus</strong></span> <span class='ocrx_word' id='word_1_62' title='bbox 1869 1002 2195 1085; x_wconf 85' lang='lat' dir='ltr'><strong>Tychonis,</strong></span> <span class='ocrx_word' id='word_1_63' title='bbox 2258 1004 2319 1064; x_wconf 89' lang='lat' dir='ltr'><strong>in</strong></span> <span class='ocrx_word' id='word_1_64' title='bbox 2370 1008 2545 1085; x_wconf 86' lang='lat' dir='ltr'><strong>parte</strong></span> <span class='ocrx_word' id='word_1_65' title='bbox 2608 1003 2735 1083; x_wconf 77' lang='lat' dir='ltr'><strong>eJus</strong></span> <span class='ocrx_word' id='word_1_66' title='bbox 2790 1004 3126 1064; x_wconf 83' lang='lat' dir='ltr'><strong>antarctica</strong></span> <span class='ocrx_word' id='word_1_67' title='bbox 3170 1018 3373 1063; x_wconf 81' lang='lat' dir='ltr'><strong>vacua</strong></span> 
     </span>
     <span class='ocr_line' id='line_1_8' title="bbox 661 1090 3369 1173; baseline -0.002 -16"><span class='ocrx_word' id='word_1_68' title='bbox 661 1095 999 1173; x_wconf 84' lang='lat' dir='ltr'><strong>profitetur,</strong></span> <span class='ocrx_word' id='word_1_69' title='bbox 1047 1112 1112 1153; x_wconf 88' lang='lat' dir='ltr'><strong>se</strong></span> <span class='ocrx_word' id='word_1_70' title='bbox 1161 1092 1352 1154; x_wconf 89' lang='lat' dir='ltr'><strong>solum</strong></span> <span class='ocrx_word' id='word_1_71' title='bbox 1399 1092 1862 1171; x_wconf 82' lang='lat' dir='ltr'><strong>deprehendisse</strong></span> <span class='ocrx_word' id='word_1_72' title='bbox 1910 1092 2328 1154; x_wconf 79' lang='lat' dir='ltr'><strong>alterationem</strong></span> <span class='ocrx_word' id='word_1_73' title='bbox 2380 1090 2722 1170; x_wconf 76' lang='lat' dir='ltr'><strong>eclipticas,</strong></span> <span class='ocrx_word' id='word_1_74' title='bbox 2784 1090 2985 1171; x_wconf 85' lang='lat' dir='ltr'><strong>gratia</strong></span> <span class='ocrx_word' id='word_1_75' title='bbox 3030 1092 3199 1171; x_wconf 85' lang='lat' dir='ltr'><strong>cujus</strong></span> <span class='ocrx_word' id='word_1_76' title='bbox 3250 1108 3369 1151; x_wconf 86' lang='lat' dir='ltr'><strong>au·-</strong></span> 
     </span>
     <span class='ocr_line' id='line_1_9' title="bbox 663 1177 3366 1261; baseline -0.002 -18"><span class='ocrx_word' id='word_1_77' title='bbox 663 1190 914 1260; x_wconf 81' lang='lat' dir='ltr'><strong>geantur</strong></span> <span class='ocrx_word' id='word_1_78' title='bbox 957 1180 1054 1241; x_wconf 87' lang='lat' dir='ltr'><strong>vel</strong></span> <span class='ocrx_word' id='word_1_79' title='bbox 1110 1180 1450 1243; x_wconf 87' lang='lat' dir='ltr'><strong>minuantur</strong></span> <span class='ocrx_word' id='word_1_80' title='bbox 1503 1180 1855 1243; x_wconf 85' lang='lat' dir='ltr'><strong>latitudines</strong></span> <span class='ocrx_word' id='word_1_81' title='bbox 1914 1181 2165 1245; x_wconf 85' lang='lat' dir='ltr'><strong>fixarum</strong></span> <span class='ocrx_word' id='word_1_82' title='bbox 2220 1182 2301 1244; x_wconf 89' lang='lat' dir='ltr'><strong>ad</strong></span> <span class='ocrx_word' id='word_1_83' title='bbox 2354 1180 2694 1260; x_wconf 81' lang='lat' dir='ltr'><strong>eclipticam</strong></span> <span class='ocrx_word' id='word_1_84' title='bbox 2746 1186 3147 1261; x_wconf 87' lang='lat' dir='ltr'><strong>computatae.</strong></span> <span class='ocrx_word' id='word_1_85' title='bbox 3238 1177 3366 1240; x_wconf 89' lang='lat' dir='ltr'><strong>Sed</strong></span> 
     </span>
    </p>
   </div>
   <div class='ocr_carea' id='block_1_3' title="bbox 660 1265 2029 1348">
    <p class='ocr_par' dir='ltr' id='par_1_3' title="bbox 660 1265 2029 1348">
     <span class='ocr_line' id='line_1_10' title="bbox 660 1265 2029 1348; baseline -0.001 -16"><span class='ocrx_word' id='word_1_86' title='bbox 660 1272 827 1333; x_wconf 87' lang='lat' dir='ltr'><strong>illam</strong></span> <span class='ocrx_word' id='word_1_87' title='bbox 863 1272 1027 1331; x_wconf 80' lang='lat' dir='ltr'><strong>intra</strong></span> <span class='ocrx_word' id='word_1_88' title='bbox 1078 1265 1203 1331; x_wconf 84' lang='lat'><strong>100</strong></span> <span class='ocrx_word' id='word_1_89' title='bbox 1248 1287 1436 1329; x_wconf 86' lang='lat' dir='ltr'><strong>annos</strong></span> <span class='ocrx_word' id='word_1_90' title='bbox 1481 1286 1690 1348; x_wconf 85' lang='lat' dir='ltr'><strong>parum</strong></span> <span class='ocrx_word' id='word_1_91' title='bbox 1736 1287 2029 1331; x_wconf 87' lang='lat' dir='ltr'><strong>crescere.</strong></span> 
     </span>
    </p>
   </div>
   <div class='ocr_carea' id='block_1_4' title="bbox 662 1354 3373 1483">
    <p class='ocr_par' dir='ltr' id='par_1_4' title="bbox 662 1354 3373 1483">
     <span class='ocr_line' id='line_1_11' title="bbox 662 1354 3373 1483; baseline -0.001 -75"><span class='ocrx_word' id='word_1_92' title='bbox 662 1430 728 1483; x_wconf 54' lang='grc' dir='ltr'><strong>ω</strong></span> <span class='ocrx_word' id='word_1_93' title='bbox 762 1359 1234 1481; x_wconf 47' lang='lat' dir='ltr'><strong>VQluaflsequrptur</strong></span> <span class='ocrx_word' id='word_1_94' title='bbox 1256 1356 1400 1414; x_wconf 86' lang='lat' dir='ltr'><strong>haec,</strong></span> <span class='ocrx_word' id='word_1_95' title='bbox 1426 1372 1576 1421; x_wconf 90' lang='lat' dir='ltr'><strong>quum</strong></span> <span class='ocrx_word' id='word_1_96' title='bbox 1601 1356 1666 1410; x_wconf 85' lang='lat' dir='ltr'><strong>ad</strong></span> <span class='ocrx_word' id='word_1_97' title='bbox 1691 1355 1921 1422; x_wconf 88' lang='lat' dir='ltr'><strong>Opticam</strong></span> <span class='ocrx_word' id='word_1_98' title='bbox 1946 1364 1999 1408; x_wconf 88' lang='lat' dir='ltr'><strong>et</strong></span> <span class='ocrx_word' id='word_1_99' title='bbox 2024 1356 2405 1421; x_wconf 75' lang='lat' dir='ltr'><strong>chronologiam</strong></span> <span class='ocrx_word' id='word_1_100' title='bbox 2432 1358 2730 1421; x_wconf 77' lang='lat' dir='ltr'><strong>pertineant.</strong></span> <span class='ocrx_word' id='word_1_101' title='bbox 2763 1354 3065 1407; x_wconf 75' lang='lat' dir='ltr'><strong>reservanda</strong></span> <span class='ocrx_word' id='word_1_102' title='bbox 3086 1356 3373 1405; x_wconf 75' lang='lat' dir='ltr'><strong>censuimm</strong></span> 
     </span>
     <span class='ocr_line' id='line_1_12' title="bbox 776 1439 1178 1481; baseline 0.012 -6"><span class='ocrx_word' id='word_1_103' title='bbox 776 1472 778 1475; x_wconf 77' lang='grc'>,</span> <span class='ocrx_word' id='word_1_104' title='bbox 811 1439 839 1475; x_wconf 91' lang='lat' dir='ltr'><strong>o</strong></span> <span class='ocrx_word' id='word_1_105' title='bbox 862 1466 874 1481; x_wconf 89' lang='lat'><strong>.</strong></span> <span class='ocrx_word' id='word_1_106' title='bbox 1002 1444 1030 1479; x_wconf 88' lang='lat' dir='ltr'><strong>e</strong></span> <span class='ocrx_word' id='word_1_107' title='bbox 1165 1464 1178 1479; x_wconf 89' lang='lat'><strong>.</strong></span> 
     </span>
    </p>
   </div>
   <div class='ocr_carea' id='block_1_5' title="bbox 659 1582 3381 4210">
    <p class='ocr_par' dir='ltr' id='par_1_5' title="bbox 660 1582 3375 2718">
     <span class='ocr_line' id='line_1_13' title="bbox 802 1582 3369 1652; baseline -0.002 -15"><span class='ocrx_word' id='word_1_108' title='bbox 802 1584 1180 1637; x_wconf 80' lang='lat' dir='ltr'><strong>Maestlinus</strong></span> <span class='ocrx_word' id='word_1_109' title='bbox 1213 1599 1405 1649; x_wconf 87' lang='lat' dir='ltr'><strong>prorsus</strong></span> <span class='ocrx_word' id='word_1_110' title='bbox 1443 1587 1688 1635; x_wconf 89' lang='lat' dir='ltr'><strong>consentit</strong></span> <span class='ocrx_word' id='word_1_111' title='bbox 1723 1586 1956 1652; x_wconf 85' lang='lat' dir='ltr'><strong>Keplero.</strong></span> <span class='ocrx_word' id='word_1_112' title='bbox 2012 1586 2073 1637; x_wconf 89' lang='lat' dir='ltr'><strong>In</strong></span> <span class='ocrx_word' id='word_1_113' title='bbox 2111 1587 2263 1638; x_wconf 84' lang='lat' dir='ltr'><strong>literis</strong></span> <span class='ocrx_word' id='word_1_114' title='bbox 2301 1586 2431 1637; x_wconf 90' lang='lat' dir='ltr'><strong>datis</strong></span> <span class='ocrx_word' id='word_1_115' title='bbox 2468 1588 2515 1637; x_wconf 92' lang='lat' dir='ltr'><strong>d.</strong></span> <span class='ocrx_word' id='word_1_116' title='bbox 2552 1586 2619 1635; x_wconf 80' lang='lat'><strong>22</strong></span> <span class='ocrx_word' id='word_1_117' title='bbox 2646 1588 2762 1651; x_wconf 79' lang='lat' dir='ltr'><strong>Apr.</strong></span> <span class='ocrx_word' id='word_1_118' title='bbox 2792 1582 2927 1636; x_wconf 75' lang='lat'>1599</span> <span class='ocrx_word' id='word_1_119' title='bbox 2964 1584 3093 1635; x_wconf 87' lang='lat' dir='ltr'><strong>haec</strong></span> <span class='ocrx_word' id='word_1_120' title='bbox 3126 1584 3369 1649; x_wconf 79' lang='lat' dir='ltr'><strong>legimns:</strong></span> 
     </span>
     <span class='ocr_line' id='line_1_14' title="bbox 665 1656 3365 1723; baseline -0.002 -14"><span class='ocrx_word' id='word_1_121' title='bbox 665 1659 744 1709; x_wconf 88' lang='lat' dir='ltr'><strong>De</strong></span> <span class='ocrx_word' id='word_1_122' title='bbox 781 1658 1025 1723; x_wconf 84' lang='lat' dir='ltr'><strong>Tychonis</strong></span> <span class='ocrx_word' id='word_1_123' title='bbox 1059 1656 1407 1720; x_wconf 76' lang='lat' dir='ltr'><strong>hypothesibus</strong></span> <span class='ocrx_word' id='word_1_124' title='bbox 1444 1671 1569 1720; x_wconf 86' lang='lat' dir='ltr'><strong>quae</strong></span> <span class='ocrx_word' id='word_1_125' title='bbox 1606 1658 1790 1719; x_wconf 87' lang='lat' dir='ltr'><strong>scribis,</strong></span> <span class='ocrx_word' id='word_1_126' title='bbox 1828 1658 1946 1707; x_wconf 89' lang='lat' dir='ltr'><strong>mihi</strong></span> <span class='ocrx_word' id='word_1_127' title='bbox 1982 1658 2298 1708; x_wconf 80' lang='lat' dir='ltr'><strong>vehementer</strong></span> <span class='ocrx_word' id='word_1_128' title='bbox 2327 1657 2540 1722; x_wconf 78' lang='lat' dir='ltr'><strong>placent.</strong></span> <span class='ocrx_word' id='word_1_129' title='bbox 2603 1658 2679 1707; x_wconf 88' lang='lat' dir='ltr'><strong>Tu</strong></span> <span class='ocrx_word' id='word_1_130' title='bbox 2715 1658 2895 1714; x_wconf 86' lang='lat' dir='ltr'><strong>doceri.</strong></span> <span class='ocrx_word' id='word_1_131' title='bbox 2933 1670 3031 1706; x_wconf 87' lang='lat' dir='ltr'><strong>non</strong></span> <span class='ocrx_word' id='word_1_132' title='bbox 3066 1656 3237 1705; x_wconf 86' lang='lat' dir='ltr'><strong>terreri</strong></span> <span class='ocrx_word' id='word_1_133' title='bbox 3277 1656 3365 1703; x_wconf 80' lang='lat' dir='ltr'><strong>vis.</strong></span> 
     </span>
     <span class='ocr_line' id='line_1_15' title="bbox 665 1725 3366 1795; baseline -0.001 -16"><span class='ocrx_word' id='word_1_134' title='bbox 665 1730 804 1780; x_wconf 87' lang='lat' dir='ltr'><strong>Idem</strong></span> <span class='ocrx_word' id='word_1_135' title='bbox 842 1742 932 1795; x_wconf 76' lang='lat' dir='ltr'><strong>ego</strong></span> <span class='ocrx_word' id='word_1_136' title='bbox 968 1727 1248 1778; x_wconf 81' lang='lat' dir='ltr'><strong>faciendum</strong></span> <span class='ocrx_word' id='word_1_137' title='bbox 1279 1728 1464 1790; x_wconf 79' lang='lat' dir='ltr'><strong>judico.</strong></span> <span class='ocrx_word' id='word_1_138' title='bbox 1537 1727 1678 1777; x_wconf 81' lang='lat' dir='ltr'><strong>Istud</strong></span> <span class='ocrx_word' id='word_1_139' title='bbox 1713 1728 2023 1791; x_wconf 79' lang='lat' dir='ltr'><strong>physicorum</strong></span> <span class='ocrx_word' id='word_1_140' title='bbox 2062 1735 2114 1779; x_wconf 87' lang='lat' dir='ltr'><strong>et</strong></span> <span class='ocrx_word' id='word_1_141' title='bbox 2148 1730 2485 1795; x_wconf 81' lang='lat' dir='ltr'><strong>theologorum</strong></span> <span class='ocrx_word' id='word_1_142' title='bbox 2532 1726 2655 1791; x_wconf 88' lang='lat' dir='ltr'><strong>(non</strong></span> <span class='ocrx_word' id='word_1_143' title='bbox 2692 1728 2800 1777; x_wconf 88' lang='lat' dir='ltr'><strong>dico</strong></span> <span class='ocrx_word' id='word_1_144' title='bbox 2844 1726 3081 1793; x_wconf 81' lang='lat' dir='ltr'><strong>physicae</strong></span> <span class='ocrx_word' id='word_1_145' title='bbox 3124 1732 3177 1777; x_wconf 87' lang='lat' dir='ltr'><strong>et</strong></span> <span class='ocrx_word' id='word_1_146' title='bbox 3220 1725 3366 1775; x_wconf 71' lang='lat' dir='ltr'><strong>theo·</strong></span> 
     </span>
     <span class='ocr_line' id='line_1_16' title="bbox 664 1796 3365 1865; baseline -0.001 -15"><span class='ocrx_word' id='word_1_147' title='bbox 664 1796 854 1865; x_wconf 73' lang='lat' dir='ltr'><strong>logias)</strong></span> <span class='ocrx_word' id='word_1_148' title='bbox 889 1799 1244 1864; x_wconf 79' lang='lat' dir='ltr'><strong>praejudicium</strong></span> <span class='ocrx_word' id='word_1_149' title='bbox 1278 1800 1437 1862; x_wconf 86' lang='lat' dir='ltr'><strong>ipsum</strong></span> <span class='ocrx_word' id='word_1_150' title='bbox 1471 1799 1523 1848; x_wconf 90' lang='lat' dir='ltr'><strong>in</strong></span> <span class='ocrx_word' id='word_1_151' title='bbox 1559 1798 1695 1847; x_wconf 83' lang='lat' dir='ltr'><strong>illam</strong></span> <span class='ocrx_word' id='word_1_152' title='bbox 1731 1802 2031 1849; x_wconf 83' lang='lat' dir='ltr'><strong>sententiam</strong></span> <span class='ocrx_word' id='word_1_153' title='bbox 2075 1802 2337 1863; x_wconf 84' lang='lat' dir='ltr'><strong>pertraxit,</strong></span> <span class='ocrx_word' id='word_1_154' title='bbox 2383 1808 2442 1849; x_wconf 88' lang='lat' dir='ltr'><strong>ut</strong></span> <span class='ocrx_word' id='word_1_155' title='bbox 2476 1801 2679 1850; x_wconf 86' lang='lat' dir='ltr'><strong>Terram</strong></span> <span class='ocrx_word' id='word_1_156' title='bbox 2731 1798 3129 1860; x_wconf 78' lang='lat' dir='ltr'><strong>(minutissimum</strong></span> <span class='ocrx_word' id='word_1_157' title='bbox 3164 1810 3365 1861; x_wconf 79' lang='lat' dir='ltr'><strong>corpus-</strong></span> 
     </span>
     <span class='ocr_line' id='line_1_17' title="bbox 666 1867 3365 1935; baseline -0.003 -12"><span class='ocrx_word' id='word_1_158' title='bbox 666 1873 845 1927; x_wconf 83' lang='lat' dir='ltr'><strong>culum,</strong></span> <span class='ocrx_word' id='word_1_159' title='bbox 879 1886 970 1921; x_wconf 85' lang='lat' dir='ltr'><strong>seu</strong></span> <span class='ocrx_word' id='word_1_160' title='bbox 1005 1872 1165 1935; x_wconf 86' lang='lat' dir='ltr'><strong>potius</strong></span> <span class='ocrx_word' id='word_1_161' title='bbox 1202 1869 1502 1935; x_wconf 78' lang='lat' dir='ltr'><strong>punctulum,</strong></span> <span class='ocrx_word' id='word_1_162' title='bbox 1544 1876 1610 1927; x_wconf 89' lang='lat' dir='ltr'><strong>et,</strong></span> <span class='ocrx_word' id='word_1_163' title='bbox 1649 1872 1778 1921; x_wconf 88' lang='lat' dir='ltr'><strong>sicut</strong></span> <span class='ocrx_word' id='word_1_164' title='bbox 1811 1872 2002 1935; x_wconf 85' lang='lat' dir='ltr'><strong>scripsi,</strong></span> <span class='ocrx_word' id='word_1_165' title='bbox 2039 1873 2080 1921; x_wconf 90' lang='lat' dir='ltr'><strong>si</strong></span> <span class='ocrx_word' id='word_1_166' title='bbox 2117 1872 2233 1935; x_wconf 89' lang='lat' dir='ltr'><strong>quid</strong></span> <span class='ocrx_word' id='word_1_167' title='bbox 2266 1880 2449 1935; x_wconf 91' lang='lat' dir='ltr'><strong>puncto</strong></span> <span class='ocrx_word' id='word_1_168' title='bbox 2483 1874 2644 1921; x_wconf 89' lang='lat' dir='ltr'><strong>minus</strong></span> <span class='ocrx_word' id='word_1_169' title='bbox 2669 1872 2775 1921; x_wconf 87' lang='lat' dir='ltr'><strong>dari</strong></span> <span class='ocrx_word' id='word_1_170' title='bbox 2810 1867 2986 1934; x_wconf 86' lang='lat' dir='ltr'><strong>possit)</strong></span> <span class='ocrx_word' id='word_1_171' title='bbox 3022 1870 3239 1918; x_wconf 72' lang='lat' dir='ltr'><strong>retineat</strong></span> <span class='ocrx_word' id='word_1_172' title='bbox 3272 1869 3365 1916; x_wconf 84' lang='lat' dir='ltr'><strong>im-</strong></span> 
     </span>
     <span class='ocr_line' id='line_1_18' title="bbox 665 1940 3366 2007; baseline -0.001 -14"><span class='ocrx_word' id='word_1_173' title='bbox 665 1942 906 2003; x_wconf 88' lang='lat' dir='ltr'><strong>mobilem,</strong></span> <span class='ocrx_word' id='word_1_174' title='bbox 947 1956 1144 2005; x_wconf 90' lang='lat' dir='ltr'><strong>corpore</strong></span> <span class='ocrx_word' id='word_1_175' title='bbox 1176 1948 1283 1990; x_wconf 88' lang='lat' dir='ltr'><strong>tam</strong></span> <span class='ocrx_word' id='word_1_176' title='bbox 1320 1948 1459 1989; x_wconf 80' lang='lat' dir='ltr'><strong>vasto</strong></span> <span class='ocrx_word' id='word_1_177' title='bbox 1495 1942 1692 1991; x_wconf 88' lang='lat' dir='ltr'><strong>interim</strong></span> <span class='ocrx_word' id='word_1_178' title='bbox 1725 1942 1893 1991; x_wconf 84' lang='lat' dir='ltr'><strong>mobili</strong></span> <span class='ocrx_word' id='word_1_179' title='bbox 1930 1944 2271 2007; x_wconf 87' lang='lat' dir='ltr'><strong>circumrapto.</strong></span> <span class='ocrx_word' id='word_1_180' title='bbox 2324 1941 2433 1993; x_wconf 82' lang='lat' dir='ltr'><strong>Nec</strong></span> <span class='ocrx_word' id='word_1_181' title='bbox 2471 1943 2653 1994; x_wconf 78' lang='lat' dir='ltr'><strong>dubito.</strong></span> <span class='ocrx_word' id='word_1_182' title='bbox 2692 1944 2827 2006; x_wconf 86' lang='lat' dir='ltr'><strong>quin,</strong></span> <span class='ocrx_word' id='word_1_183' title='bbox 2864 1942 2906 1991; x_wconf 84' lang='lat' dir='ltr'><strong>si</strong></span> <span class='ocrx_word' id='word_1_184' title='bbox 2934 1949 3072 1991; x_wconf 85' lang='lat' dir='ltr'><strong>tuum</strong></span> <span class='ocrx_word' id='word_1_185' title='bbox 3108 1940 3366 1989; x_wconf 75' lang='lat' dir='ltr'><strong>inventum</strong></span> 
     </span>
     <span class='ocr_line' id='line_1_19' title="bbox 662 2010 3367 2078; baseline -0.001 -15"><span class='ocrx_word' id='word_1_186' title='bbox 662 2016 794 2078; x_wconf 89' lang='lat' dir='ltr'><strong>prius</strong></span> <span class='ocrx_word' id='word_1_187' title='bbox 844 2028 991 2077; x_wconf 90' lang='lat' dir='ltr'><strong>quam</strong></span> <span class='ocrx_word' id='word_1_188' title='bbox 1025 2026 1140 2061; x_wconf 83' lang='lat' dir='ltr'><strong>suas</strong></span> <span class='ocrx_word' id='word_1_189' title='bbox 1174 2010 1469 2075; x_wconf 79' lang='lat' dir='ltr'><strong>hypotheses</strong></span> <span class='ocrx_word' id='word_1_190' title='bbox 1505 2011 1771 2075; x_wconf 82' lang='lat' dir='ltr'><strong>publicavit</strong></span> <span class='ocrx_word' id='word_1_191' title='bbox 1815 2013 2041 2073; x_wconf 78' lang='lat' dir='ltr'><strong>vidisset,</strong></span> <span class='ocrx_word' id='word_1_192' title='bbox 2102 2013 2236 2063; x_wconf 90' lang='lat' dir='ltr'><strong>aliud</strong></span> <span class='ocrx_word' id='word_1_193' title='bbox 2289 2015 2559 2063; x_wconf 77' lang='lat' dir='ltr'><strong>statuisset.</strong></span> <span class='ocrx_word' id='word_1_194' title='bbox 2633 2012 2781 2063; x_wconf 82' lang='lat' dir='ltr'><strong>Nunc</strong></span> <span class='ocrx_word' id='word_1_195' title='bbox 2825 2012 3124 2062; x_wconf 80' lang='lat' dir='ltr'><strong>sententiam</strong></span> <span class='ocrx_word' id='word_1_196' title='bbox 3168 2016 3367 2059; x_wconf 84' lang='lat' dir='ltr'><strong>mutare</strong></span> 
     </span>
     <span class='ocr_line' id='line_1_20' title="bbox 665 2079 3367 2151; baseline -0.002 -16"><span class='ocrx_word' id='word_1_197' title='bbox 665 2093 718 2135; x_wconf 90' lang='lat' dir='ltr'><strong>et</strong></span> <span class='ocrx_word' id='word_1_198' title='bbox 753 2084 950 2151; x_wconf 88' lang='lat' dir='ltr'><strong>quidem</strong></span> <span class='ocrx_word' id='word_1_199' title='bbox 987 2083 1052 2133; x_wconf 82' lang='lat' dir='ltr'><strong>ad</strong></span> <span class='ocrx_word' id='word_1_200' title='bbox 1089 2082 1289 2132; x_wconf 86' lang='lat' dir='ltr'><strong>alterius</strong></span> <span class='ocrx_word' id='word_1_201' title='bbox 1329 2079 1418 2144; x_wconf 89' lang='lat' dir='ltr'><strong>(ne</strong></span> <span class='ocrx_word' id='word_1_202' title='bbox 1455 2080 1616 2133; x_wconf 87' lang='lat' dir='ltr'><strong>dicam</strong></span> <span class='ocrx_word' id='word_1_203' title='bbox 1652 2096 1705 2132; x_wconf 91' lang='lat' dir='ltr'><strong>se</strong></span> <span class='ocrx_word' id='word_1_204' title='bbox 1737 2080 1965 2145; x_wconf 84' lang='lat' dir='ltr'><strong>junioris)</strong></span> <span class='ocrx_word' id='word_1_205' title='bbox 2002 2086 2207 2135; x_wconf 82' lang='lat' dir='ltr'><strong>inventa</strong></span> <span class='ocrx_word' id='word_1_206' title='bbox 2226 2121 2239 2142; x_wconf 89' lang='lat'><strong>,</strong></span> <span class='ocrx_word' id='word_1_207' title='bbox 2278 2082 2442 2134; x_wconf 77' lang='lat' dir='ltr'><strong>forsan</strong></span> <span class='ocrx_word' id='word_1_208' title='bbox 2485 2085 2831 2135; x_wconf 81' lang='lat' dir='ltr'><strong>existimationi</strong></span> <span class='ocrx_word' id='word_1_209' title='bbox 2864 2081 3084 2133; x_wconf 84' lang='lat' dir='ltr'><strong>nonnihil</strong></span> <span class='ocrx_word' id='word_1_210' title='bbox 3120 2080 3367 2147; x_wconf 76' lang='lat' dir='ltr'><strong>derogare</strong></span> 
     </span>
     <span class='ocr_line' id='line_1_21' title="bbox 662 2150 3369 2225; baseline -0.003 -17"><span class='ocrx_word' id='word_1_211' title='bbox 662 2157 872 2221; x_wconf 82' lang='lat' dir='ltr'><strong>putabit.</strong></span> <span class='ocrx_word' id='word_1_212' title='bbox 945 2154 1129 2205; x_wconf 83' lang='lat' dir='ltr'><strong>Verum</strong></span> <span class='ocrx_word' id='word_1_213' title='bbox 1165 2155 1205 2202; x_wconf 82' lang='lat' dir='ltr'><strong>si</strong></span> <span class='ocrx_word' id='word_1_214' title='bbox 1244 2154 1346 2203; x_wconf 88' lang='lat' dir='ltr'><strong>dies</strong></span> <span class='ocrx_word' id='word_1_215' title='bbox 1384 2154 1512 2203; x_wconf 85' lang='lat' dir='ltr'><strong>diem</strong></span> <span class='ocrx_word' id='word_1_216' title='bbox 1549 2154 1710 2211; x_wconf 82' lang='lat' dir='ltr'><strong>docet,</strong></span> <span class='ocrx_word' id='word_1_217' title='bbox 1748 2156 1790 2203; x_wconf 88' lang='lat' dir='ltr'><strong>si</strong></span> <span class='ocrx_word' id='word_1_218' title='bbox 1826 2150 2083 2225; x_wconf 77' lang='grc' dir='ltr'><strong>δευτεραι</strong></span> <span class='ocrx_word' id='word_1_219' title='bbox 2120 2150 2417 2223; x_wconf 78' lang='grc' dir='ltr'><strong><em>φροντιδες</em></strong></span> <span class='ocrx_word' id='word_1_220' title='bbox 2452 2165 2771 2223; x_wconf 57' lang='lat' dir='ltr'><strong>commeent</strong></span> <span class='ocrx_word' id='word_1_221' title='bbox 2806 2152 2965 2210; x_wconf 73' lang='grc' dir='ltr'><strong><em>εἰσιν,</em></strong></span> <span class='ocrx_word' id='word_1_222' title='bbox 3004 2166 3091 2203; x_wconf 87' lang='lat' dir='ltr'><strong>cur</strong></span> <span class='ocrx_word' id='word_1_223' title='bbox 3122 2167 3241 2213; x_wconf 89' lang='lat' dir='ltr'><strong>non,</strong></span> <span class='ocrx_word' id='word_1_224' title='bbox 3282 2153 3369 2217; x_wconf 85' lang='lat' dir='ltr'><strong>qui</strong></span> 
     </span>
     <span class='ocr_line' id='line_1_22' title="bbox 664 2222 3369 2328; baseline -0.002 -51"><span class='ocrx_word' id='word_1_225' title='bbox 664 2230 878 2279; x_wconf 81' lang='lat' dir='ltr'><strong>seniores</strong></span> <span class='ocrx_word' id='word_1_226' title='bbox 897 2240 1080 2328; x_wconf 46' lang='lat' dir='ltr'><strong>⁴‚sumus</strong></span> <span class='ocrx_word' id='word_1_227' title='bbox 1094 2260 1108 2283; x_wconf 90' lang='lat'><strong>,</strong></span> <span class='ocrx_word' id='word_1_228' title='bbox 1149 2226 1398 2287; x_wconf 80' lang='lat' dir='ltr'><strong>juniorum</strong></span> <span class='ocrx_word' id='word_1_229' title='bbox 1433 2224 1627 2288; x_wconf 79' lang='lat' dir='ltr'><strong>prodita</strong></span> <span class='ocrx_word' id='word_1_230' title='bbox 1661 2225 1835 2275; x_wconf 86' lang='lat' dir='ltr'><strong>eodem</strong></span> <span class='ocrx_word' id='word_1_231' title='bbox 1868 2227 2013 2277; x_wconf 85' lang='lat' dir='ltr'><strong>modo</strong></span> <span class='ocrx_word' id='word_1_232' title='bbox 2048 2226 2491 2291; x_wconf 77' lang='lat' dir='ltr'><strong>magnifaceremus</strong></span> <span class='ocrx_word' id='word_1_233' title='bbox 2508 2263 2521 2287; x_wconf 90' lang='lat'><strong>,</strong></span> <span class='ocrx_word' id='word_1_234' title='bbox 2568 2242 2665 2291; x_wconf 87' lang='lat' dir='ltr'><strong>quo</strong></span> <span class='ocrx_word' id='word_1_235' title='bbox 2710 2241 2799 2277; x_wconf 83' lang='lat' dir='ltr'><strong>nos</strong></span> <span class='ocrx_word' id='word_1_236' title='bbox 2836 2227 2899 2275; x_wconf 83' lang='lat' dir='ltr'><strong>ab</strong></span> <span class='ocrx_word' id='word_1_237' title='bbox 2936 2226 3053 2289; x_wconf 84' lang='lat' dir='ltr'><strong>ipsis</strong></span> <span class='ocrx_word' id='word_1_238' title='bbox 3086 2222 3369 2289; x_wconf 68' lang='lat' dir='ltr'><strong>magnifieri</strong></span> 
     </span>
     <span class='ocr_line' id='line_1_23' title="bbox 663 2295 3371 2433; baseline -0.002 -14"><span class='ocrx_word' id='word_1_239' title='bbox 663 2295 2265 2433; x_wconf 41' lang='lat' dir='ltr'><strong>33:¹¹8&amp;orgagteriffegussessoeltmscxigsstizsepffdlYudpaeridgtgut</strong></span> <span class='ocrx_word' id='word_1_240' title='bbox 2290 2300 2545 2432; x_wconf 49' lang='grc' dir='ltr'><strong>ἓιξρξὲιέῗ</strong></span> <span class='ocrx_word' id='word_1_241' title='bbox 2560 2296 3371 2433; x_wconf 48' lang='grc' dir='ltr'><strong>ἱξῖξςίὲοὲἒφξὲἓεὲῄρὲιξὲἴ</strong></span> 
     </span>
     <span class='ocr_line' id='line_1_24' title="bbox 661 2434 3369 2505; baseline -0.001 -16"><span class='ocrx_word' id='word_1_242' title='bbox 661 2454 794 2500; x_wconf 90' lang='lat' dir='ltr'><strong>mos,</strong></span> <span class='ocrx_word' id='word_1_243' title='bbox 849 2439 935 2489; x_wconf 86' lang='lat' dir='ltr'><strong>sed</strong></span> <span class='ocrx_word' id='word_1_244' title='bbox 971 2452 1060 2501; x_wconf 88' lang='lat' dir='ltr'><strong>per</strong></span> <span class='ocrx_word' id='word_1_245' title='bbox 1093 2438 1416 2501; x_wconf 87' lang='lat' dir='ltr'><strong>posteriores,</strong></span> <span class='ocrx_word' id='word_1_246' title='bbox 1468 2438 1546 2501; x_wconf 89' lang='lat' dir='ltr'><strong>qui</strong></span> <span class='ocrx_word' id='word_1_247' title='bbox 1595 2439 1804 2487; x_wconf 79' lang='lat' dir='ltr'><strong>inventis</strong></span> <span class='ocrx_word' id='word_1_248' title='bbox 1840 2453 1933 2487; x_wconf 86' lang='lat' dir='ltr'><strong>sua</strong></span> <span class='ocrx_word' id='word_1_249' title='bbox 1968 2448 2157 2505; x_wconf 83' lang='lat' dir='ltr'><strong>quoque</strong></span> <span class='ocrx_word' id='word_1_250' title='bbox 2197 2441 2329 2490; x_wconf 88' lang='lat' dir='ltr'><strong>dona</strong></span> <span class='ocrx_word' id='word_1_251' title='bbox 2365 2440 2593 2489; x_wconf 82' lang='lat' dir='ltr'><strong>divinitus</strong></span> <span class='ocrx_word' id='word_1_252' title='bbox 2630 2452 2869 2488; x_wconf 85' lang='lat' dir='ltr'><strong>concessa</strong></span> <span class='ocrx_word' id='word_1_253' title='bbox 2904 2434 3369 2501; x_wconf 82' lang='lat' dir='ltr'><strong>superaddiderunt.</strong></span> 
     </span>
     <span class='ocr_line' id='line_1_25' title="bbox 665 2508 3375 2577; baseline -0.002 -16"><span class='ocrx_word' id='word_1_254' title='bbox 665 2510 1071 2561; x_wconf 82' lang='lat' dir='ltr'><strong>conscenderunt.</strong></span> <span class='ocrx_word' id='word_1_255' title='bbox 1146 2509 1464 2571; x_wconf 79' lang='lat' dir='ltr'><strong>Quantopere</strong></span> <span class='ocrx_word' id='word_1_256' title='bbox 1501 2508 1824 2572; x_wconf 84' lang='lat' dir='ltr'><strong>Cepernicum</strong></span> <span class='ocrx_word' id='word_1_257' title='bbox 1858 2511 1951 2561; x_wconf 88' lang='lat' dir='ltr'><strong>sibi</strong></span> <span class='ocrx_word' id='word_1_258' title='bbox 1986 2510 2289 2577; x_wconf 73' lang='lat' dir='ltr'><strong>gratulatum</strong></span> <span class='ocrx_word' id='word_1_259' title='bbox 2324 2512 2475 2561; x_wconf 79' lang='lat' dir='ltr'><strong>fuisse</strong></span> <span class='ocrx_word' id='word_1_260' title='bbox 2520 2512 2799 2573; x_wconf 85' lang='lat' dir='ltr'><strong>putabimus</strong></span> <span class='ocrx_word' id='word_1_261' title='bbox 2812 2546 2827 2567; x_wconf 88' lang='lat'>‚</span> <span class='ocrx_word' id='word_1_262' title='bbox 2874 2511 2917 2559; x_wconf 84' lang='lat' dir='ltr'><strong>si</strong></span> <span class='ocrx_word' id='word_1_263' title='bbox 2962 2510 3068 2572; x_wconf 86' lang='lat' dir='ltr'><strong>ipso</strong></span> <span class='ocrx_word' id='word_1_264' title='bbox 3116 2508 3225 2557; x_wconf 78' lang='lat' dir='ltr'><strong>vivo</strong></span> <span class='ocrx_word' id='word_1_265' title='bbox 3272 2512 3375 2557; x_wconf 76' lang='lat' dir='ltr'><strong>tna</strong></span> 
     </span>
     <span class='ocr_line' id='line_1_26' title="bbox 661 2574 3373 2648; baseline -0.003 -13"><span class='ocrx_word' id='word_1_266' title='bbox 661 2582 932 2648; x_wconf 86' lang='lat' dir='ltr'><strong>speculatio</strong></span> <span class='ocrx_word' id='word_1_267' title='bbox 971 2583 1024 2631; x_wconf 89' lang='lat' dir='ltr'><strong>in</strong></span> <span class='ocrx_word' id='word_1_268' title='bbox 1058 2581 1218 2630; x_wconf 87' lang='lat' dir='ltr'><strong>lucem</strong></span> <span class='ocrx_word' id='word_1_269' title='bbox 1253 2574 1549 2643; x_wconf 68' lang='lat' dir='ltr'><strong>prodiisset?</strong></span> <span class='ocrx_word' id='word_1_270' title='bbox 1622 2578 1766 2640; x_wconf 85' lang='lat' dir='ltr'><strong>Quod</strong></span> <span class='ocrx_word' id='word_1_271' title='bbox 1804 2590 1973 2631; x_wconf 86' lang='lat' dir='ltr'><strong>autem</strong></span> <span class='ocrx_word' id='word_1_272' title='bbox 2008 2582 2075 2633; x_wconf 89' lang='lat' dir='ltr'><strong>ad</strong></span> <span class='ocrx_word' id='word_1_273' title='bbox 2110 2598 2213 2633; x_wconf 87' lang='lat' dir='ltr'><strong>rem</strong></span> <span class='ocrx_word' id='word_1_274' title='bbox 2249 2584 2423 2647; x_wconf 88' lang='lat' dir='ltr'><strong>ipsam,</strong></span> <span class='ocrx_word' id='word_1_275' title='bbox 2462 2598 2542 2633; x_wconf 87' lang='lat' dir='ltr'><strong>me</strong></span> <span class='ocrx_word' id='word_1_276' title='bbox 2577 2596 2671 2633; x_wconf 87' lang='lat' dir='ltr'><strong>nec</strong></span> <span class='ocrx_word' id='word_1_277' title='bbox 2704 2583 2927 2645; x_wconf 82' lang='lat' dir='ltr'><strong>poenitet</strong></span> <span class='ocrx_word' id='word_1_278' title='bbox 2960 2594 3055 2630; x_wconf 87' lang='lat' dir='ltr'><strong>nec</strong></span> <span class='ocrx_word' id='word_1_279' title='bbox 3088 2578 3245 2643; x_wconf 84' lang='lat' dir='ltr'><strong>pudet</strong></span> <span class='ocrx_word' id='word_1_280' title='bbox 3280 2592 3373 2628; x_wconf 80' lang='lat' dir='ltr'><strong>eo-</strong></span> 
     </span>
     <span class='ocr_line' id='line_1_27' title="bbox 660 2650 2637 2718; baseline -0.002 -13"><span class='ocrx_word' id='word_1_281' title='bbox 660 2670 792 2713; x_wconf 87' lang='lat' dir='ltr'><strong>rum,</strong></span> <span class='ocrx_word' id='word_1_282' title='bbox 833 2667 960 2718; x_wconf 88' lang='lat' dir='ltr'><strong>quae</strong></span> <span class='ocrx_word' id='word_1_283' title='bbox 995 2654 1048 2701; x_wconf 89' lang='lat' dir='ltr'><strong>in</strong></span> <span class='ocrx_word' id='word_1_284' title='bbox 1083 2650 1389 2715; x_wconf 79' lang='lat' dir='ltr'><strong>praefatione</strong></span> <span class='ocrx_word' id='word_1_285' title='bbox 1425 2652 1476 2699; x_wconf 89' lang='lat' dir='ltr'><strong>in</strong></span> <span class='ocrx_word' id='word_1_286' title='bbox 1503 2650 1847 2701; x_wconf 78' lang='lat' dir='ltr'><strong>Nar-rationem</strong></span> <span class='ocrx_word' id='word_1_287' title='bbox 1870 2652 2068 2702; x_wconf 87' lang='lat' dir='ltr'><strong>Rhetici</strong></span> <span class='ocrx_word' id='word_1_288' title='bbox 2092 2655 2263 2715; x_wconf 83' lang='lat' dir='ltr'><strong>scripsi</strong></span> <span class='ocrx_word' id='word_1_289' title='bbox 2300 2652 2419 2715; x_wconf 77' lang='lat' dir='ltr'><strong>(vid.</strong></span> <span class='ocrx_word' id='word_1_290' title='bbox 2452 2668 2501 2717; x_wconf 86' lang='lat' dir='ltr'><strong>p.</strong></span> <span class='ocrx_word' id='word_1_291' title='bbox 2530 2650 2637 2713; x_wconf 82' lang='lat'><strong>27).</strong></span> 
     </span>
    </p>

    <p class='ocr_par' dir='ltr' id='par_1_6' title="bbox 659 2720 3381 3716">
     <span class='ocr_line' id='line_1_28' title="bbox 806 2720 3377 2787; baseline -0.002 -14"><span class='ocrx_word' id='word_1_292' title='bbox 806 2724 950 2785; x_wconf 82' lang='lat' dir='ltr'><strong>Quod</strong></span> <span class='ocrx_word' id='word_1_293' title='bbox 985 2738 1070 2787; x_wconf 91' lang='lat' dir='ltr'><strong>pro</strong></span> <span class='ocrx_word' id='word_1_294' title='bbox 1107 2722 1272 2771; x_wconf 88' lang='lat' dir='ltr'><strong>labore</strong></span> <span class='ocrx_word' id='word_1_295' title='bbox 1311 2728 1362 2771; x_wconf 91' lang='lat' dir='ltr'><strong>et</strong></span> <span class='ocrx_word' id='word_1_296' title='bbox 1397 2723 1634 2772; x_wconf 88' lang='lat' dir='ltr'><strong>sumtibus</strong></span> <span class='ocrx_word' id='word_1_297' title='bbox 1674 2728 1724 2771; x_wconf 89' lang='lat' dir='ltr'><strong>et</strong></span> <span class='ocrx_word' id='word_1_298' title='bbox 1772 2724 1988 2786; x_wconf 85' lang='lat' dir='ltr'><strong>inprimis</strong></span> <span class='ocrx_word' id='word_1_299' title='bbox 2033 2739 2117 2787; x_wconf 88' lang='lat' dir='ltr'><strong>pro</strong></span> <span class='ocrx_word' id='word_1_300' title='bbox 2163 2723 2257 2775; x_wconf 86' lang='lat' dir='ltr'><strong>hoc</strong></span> <span class='ocrx_word' id='word_1_301' title='bbox 2302 2724 2501 2773; x_wconf 83' lang='lat' dir='ltr'><strong>invento</strong></span> <span class='ocrx_word' id='word_1_302' title='bbox 2547 2731 2658 2782; x_wconf 88' lang='lat' dir='ltr'><strong>tuo,</strong></span> <span class='ocrx_word' id='word_1_303' title='bbox 2708 2724 2927 2773; x_wconf 71' lang='lat' dir='ltr'><strong>maxima</strong></span> <span class='ocrx_word' id='word_1_304' title='bbox 2970 2720 3377 2770; x_wconf 65' lang='lat' dir='ltr'><strong>remuneratione</strong></span> 
     </span>
     <span class='ocr_line' id='line_1_29' title="bbox 662 2791 3373 2862; baseline -0.003 -14"><span class='ocrx_word' id='word_1_305' title='bbox 662 2798 960 2862; x_wconf 79' lang='lat' dir='ltr'><strong>dignissimo,</strong></span> <span class='ocrx_word' id='word_1_306' title='bbox 999 2795 1088 2844; x_wconf 88' lang='lat' dir='ltr'><strong>tibi</strong></span> <span class='ocrx_word' id='word_1_307' title='bbox 1123 2793 1338 2842; x_wconf 89' lang='lat' dir='ltr'><strong>nondum</strong></span> <span class='ocrx_word' id='word_1_308' title='bbox 1377 2795 1688 2852; x_wconf 65' lang='lat' dir='ltr'><strong>satisfactum</strong></span> <span class='ocrx_word' id='word_1_309' title='bbox 1726 2801 1817 2851; x_wconf 85' lang='lat' dir='ltr'><strong>est,</strong></span> <span class='ocrx_word' id='word_1_310' title='bbox 1858 2795 1998 2844; x_wconf 90' lang='lat' dir='ltr'><strong>doleo</strong></span> <span class='ocrx_word' id='word_1_311' title='bbox 2036 2794 2363 2845; x_wconf 83' lang='lat' dir='ltr'><strong>vehementer.</strong></span> <span class='ocrx_word' id='word_1_312' title='bbox 2420 2795 2601 2845; x_wconf 85' lang='lat' dir='ltr'><strong>Verum</strong></span> <span class='ocrx_word' id='word_1_313' title='bbox 2627 2796 2697 2845; x_wconf 89' lang='lat' dir='ltr'><strong>sic</strong></span> <span class='ocrx_word' id='word_1_314' title='bbox 2724 2801 3059 2858; x_wconf 87' lang='lat' dir='ltr'><strong>comparatum</strong></span> <span class='ocrx_word' id='word_1_315' title='bbox 3094 2807 3205 2842; x_wconf 86' lang='lat' dir='ltr'><strong>esse</strong></span> <span class='ocrx_word' id='word_1_316' title='bbox 3228 2791 3373 2842; x_wconf 78' lang='lat' dir='ltr'><strong>vide·</strong></span> 
     </span>
     <span class='ocr_line' id='line_1_30' title="bbox 659 2865 3381 2931; baseline -0.001 -16"><span class='ocrx_word' id='word_1_317' title='bbox 659 2883 794 2925; x_wconf 87' lang='lat' dir='ltr'><strong>mus,</strong></span> <span class='ocrx_word' id='word_1_318' title='bbox 845 2874 927 2923; x_wconf 89' lang='lat' dir='ltr'><strong>ut,</strong></span> <span class='ocrx_word' id='word_1_319' title='bbox 978 2879 1106 2930; x_wconf 85' lang='lat' dir='ltr'><strong>quae</strong></span> <span class='ocrx_word' id='word_1_320' title='bbox 1141 2865 1289 2913; x_wconf 83' lang='lat' dir='ltr'><strong>laude</strong></span> <span class='ocrx_word' id='word_1_321' title='bbox 1337 2871 1452 2913; x_wconf 90' lang='lat' dir='ltr'><strong>sunt</strong></span> <span class='ocrx_word' id='word_1_322' title='bbox 1487 2865 1793 2929; x_wconf 83' lang='lat' dir='ltr'><strong>dignissima,</strong></span> <span class='ocrx_word' id='word_1_323' title='bbox 1830 2872 2152 2928; x_wconf 82' lang='lat' dir='ltr'><strong>spernantur.</strong></span> <span class='ocrx_word' id='word_1_324' title='bbox 2200 2881 2422 2931; x_wconf 86' lang='lat' dir='ltr'><strong>quaeque</strong></span> <span class='ocrx_word' id='word_1_325' title='bbox 2466 2867 2602 2916; x_wconf 86' lang='lat' dir='ltr'><strong>nullo</strong></span> <span class='ocrx_word' id='word_1_326' title='bbox 2648 2868 2805 2930; x_wconf 83' lang='lat' dir='ltr'><strong>pretio</strong></span> <span class='ocrx_word' id='word_1_327' title='bbox 2842 2865 3111 2929; x_wconf 74' lang='lat' dir='ltr'><strong>adaequari</strong></span> <span class='ocrx_word' id='word_1_328' title='bbox 3142 2871 3381 2927; x_wconf 75' lang='lat' dir='ltr'><strong>possunt.</strong></span> 
     </span>
     <span class='ocr_line' id='line_1_31' title="bbox 661 2935 3381 3004; baseline -0.002 -15"><span class='ocrx_word' id='word_1_329' title='bbox 661 2939 794 2988; x_wconf 87' lang='lat' dir='ltr'><strong>nullo</strong></span> <span class='ocrx_word' id='word_1_330' title='bbox 831 2939 981 2988; x_wconf 88' lang='lat' dir='ltr'><strong>etiam</strong></span> <span class='ocrx_word' id='word_1_331' title='bbox 1025 2937 1180 3000; x_wconf 86' lang='lat' dir='ltr'><strong>pretio</strong></span> <span class='ocrx_word' id='word_1_332' title='bbox 1227 2935 1380 2998; x_wconf 78' lang='lat' dir='ltr'><strong>digna</strong></span> <span class='ocrx_word' id='word_1_333' title='bbox 1424 2942 1671 2998; x_wconf 87' lang='lat' dir='ltr'><strong>putentur.</strong></span> <span class='ocrx_word' id='word_1_334' title='bbox 1747 2935 1931 2986; x_wconf 85' lang='lat' dir='ltr'><strong>Verum</strong></span> <span class='ocrx_word' id='word_1_335' title='bbox 1978 2937 2198 2987; x_wconf 86' lang='lat' dir='ltr'><strong>confidas</strong></span> <span class='ocrx_word' id='word_1_336' title='bbox 2246 2938 2438 2988; x_wconf 87' lang='lat' dir='ltr'><strong>domino</strong></span> <span class='ocrx_word' id='word_1_337' title='bbox 2476 2937 2611 2994; x_wconf 88' lang='lat' dir='ltr'><strong>Deo,</strong></span> <span class='ocrx_word' id='word_1_338' title='bbox 2660 2939 2742 3004; x_wconf 88' lang='lat' dir='ltr'><strong>qui</strong></span> <span class='ocrx_word' id='word_1_339' title='bbox 2786 2937 2875 2986; x_wconf 80' lang='lat' dir='ltr'><strong>tibi</strong></span> <span class='ocrx_word' id='word_1_340' title='bbox 2918 2936 3112 3002; x_wconf 83' lang='lat' dir='ltr'><strong>tuisque</strong></span> <span class='ocrx_word' id='word_1_341' title='bbox 3156 2935 3381 2984; x_wconf 78' lang='lat' dir='ltr'><strong>fideliter</strong></span> 
     </span>
     <span class='ocr_line' id='line_1_32' title="bbox 659 3005 3377 3076; baseline -0.002 -17"><span class='ocrx_word' id='word_1_342' title='bbox 659 3009 913 3076; x_wconf 86' lang='lat' dir='ltr'><strong>rependet,</strong></span> <span class='ocrx_word' id='word_1_343' title='bbox 953 3021 1078 3073; x_wconf 89' lang='lat' dir='ltr'><strong>quae</strong></span> <span class='ocrx_word' id='word_1_344' title='bbox 1117 3007 1200 3056; x_wconf 85' lang='lat' dir='ltr'><strong>alii</strong></span> <span class='ocrx_word' id='word_1_345' title='bbox 1237 3005 1315 3055; x_wconf 80' lang='lat' dir='ltr'><strong>vel</strong></span> <span class='ocrx_word' id='word_1_346' title='bbox 1339 3013 1530 3070; x_wconf 82' lang='lat' dir='ltr'><strong>negant</strong></span> <span class='ocrx_word' id='word_1_347' title='bbox 1552 3005 1628 3056; x_wconf 75' lang='lat' dir='ltr'><strong>vel</strong></span> <span class='ocrx_word' id='word_1_348' title='bbox 1654 3005 1899 3058; x_wconf 84' lang='lat' dir='ltr'><strong>differunt.</strong></span> <span class='ocrx_word' id='word_1_349' title='bbox 1956 3007 2163 3059; x_wconf 86' lang='lat' dir='ltr'><strong>Interim</strong></span> <span class='ocrx_word' id='word_1_350' title='bbox 2196 3010 2363 3057; x_wconf 86' lang='lat' dir='ltr'><strong>mirari</strong></span> <span class='ocrx_word' id='word_1_351' title='bbox 2399 3010 2519 3059; x_wconf 85' lang='lat' dir='ltr'><strong>satis</strong></span> <span class='ocrx_word' id='word_1_352' title='bbox 2554 3017 2694 3058; x_wconf 82' lang='lat' dir='ltr'><strong>tuam</strong></span> <span class='ocrx_word' id='word_1_353' title='bbox 2730 3021 2851 3073; x_wconf 79' lang='lat' dir='ltr'><strong>erga</strong></span> <span class='ocrx_word' id='word_1_354' title='bbox 2884 3021 2965 3056; x_wconf 90' lang='lat' dir='ltr'><strong>me</strong></span> <span class='ocrx_word' id='word_1_355' title='bbox 3000 3005 3377 3062; x_wconf 80' lang='lat' dir='ltr'><strong>liberalitatem,</strong></span> 
     </span>
     <span class='ocr_line' id='line_1_33' title="bbox 659 3076 3379 3145; baseline -0.002 -14"><span class='ocrx_word' id='word_1_356' title='bbox 659 3096 868 3145; x_wconf 84' lang='lat' dir='ltr'><strong>eamque</strong></span> <span class='ocrx_word' id='word_1_357' title='bbox 905 3079 1232 3142; x_wconf 81' lang='lat' dir='ltr'><strong>maximopere</strong></span> <span class='ocrx_word' id='word_1_358' title='bbox 1271 3078 1436 3141; x_wconf 86' lang='lat' dir='ltr'><strong>tuique</strong></span> <span class='ocrx_word' id='word_1_359' title='bbox 1474 3076 1963 3128; x_wconf 84' lang='lat' dir='ltr'><strong>honorificentissima</strong></span> <span class='ocrx_word' id='word_1_360' title='bbox 2015 3080 2186 3129; x_wconf 88' lang='lat' dir='ltr'><strong>addita</strong></span> <span class='ocrx_word' id='word_1_361' title='bbox 2226 3082 2475 3129; x_wconf 84' lang='lat' dir='ltr'><strong>mentione</strong></span> <span class='ocrx_word' id='word_1_362' title='bbox 2512 3081 2635 3129; x_wconf 86' lang='lat' dir='ltr'><strong>satis</strong></span> <span class='ocrx_word' id='word_1_363' title='bbox 2669 3077 2954 3143; x_wconf 86' lang='lat' dir='ltr'><strong>praedicare</strong></span> <span class='ocrx_word' id='word_1_364' title='bbox 2988 3091 3196 3142; x_wconf 88' lang='lat' dir='ltr'><strong>nequeo,</strong></span> <span class='ocrx_word' id='word_1_365' title='bbox 3236 3077 3379 3141; x_wconf 85' lang='lat' dir='ltr'><strong>quod</strong></span> 
     </span>
     <span class='ocr_line' id='line_1_34' title="bbox 659 3147 3381 3215; baseline -0.001 -13"><span class='ocrx_word' id='word_1_366' title='bbox 659 3159 765 3203; x_wconf 89' lang='lat' dir='ltr'><strong>tam</strong></span> <span class='ocrx_word' id='word_1_367' title='bbox 803 3151 1053 3215; x_wconf 81' lang='lat' dir='ltr'><strong>egregium</strong></span> <span class='ocrx_word' id='word_1_368' title='bbox 1089 3163 1264 3197; x_wconf 83' lang='lat' dir='ltr'><strong>munus</strong></span> <span class='ocrx_word' id='word_1_369' title='bbox 1299 3147 1528 3211; x_wconf 85' lang='lat' dir='ltr'><strong>poculum</strong></span> <span class='ocrx_word' id='word_1_370' title='bbox 1565 3149 2007 3212; x_wconf 81' lang='lat' dir='ltr'><strong>splendidissimum</strong></span> <span class='ocrx_word' id='word_1_371' title='bbox 2044 3151 2163 3200; x_wconf 90' lang='lat' dir='ltr'><strong>mihi</strong></span> <span class='ocrx_word' id='word_1_372' title='bbox 2199 3153 2389 3200; x_wconf 85' lang='lat' dir='ltr'><strong>misisti.</strong></span> <span class='ocrx_word' id='word_1_373' title='bbox 2462 3147 2643 3201; x_wconf 73' lang='lat' dir='ltr'><strong>Fateor</strong></span> <span class='ocrx_word' id='word_1_374' title='bbox 2677 3155 2826 3207; x_wconf 85' lang='lat' dir='ltr'><strong>certe,</strong></span> <span class='ocrx_word' id='word_1_375' title='bbox 2863 3163 2979 3200; x_wconf 85' lang='lat' dir='ltr'><strong>mea</strong></span> <span class='ocrx_word' id='word_1_376' title='bbox 3012 3151 3065 3198; x_wconf 88' lang='lat' dir='ltr'><strong>in</strong></span> <span class='ocrx_word' id='word_1_377' title='bbox 3100 3155 3153 3200; x_wconf 84' lang='lat' dir='ltr'><strong>te</strong></span> <span class='ocrx_word' id='word_1_378' title='bbox 3188 3150 3381 3198; x_wconf 74' lang='lat' dir='ltr'><strong>merita.</strong></span> 
     </span>
     <span class='ocr_line' id='line_1_35' title="bbox 660 3218 3377 3287; baseline -0.001 -15"><span class='ocrx_word' id='word_1_379' title='bbox 660 3224 878 3287; x_wconf 83' lang='lat' dir='ltr'><strong>profecto</strong></span> <span class='ocrx_word' id='word_1_380' title='bbox 904 3233 1214 3285; x_wconf 79' lang='lat' dir='ltr'><strong>nequaquam</strong></span> <span class='ocrx_word' id='word_1_381' title='bbox 1237 3226 1385 3268; x_wconf 84' lang='lat' dir='ltr'><strong>tanta</strong></span> <span class='ocrx_word' id='word_1_382' title='bbox 1409 3233 1535 3274; x_wconf 84' lang='lat' dir='ltr'><strong>esse,</strong></span> <span class='ocrx_word' id='word_1_383' title='bbox 1573 3227 1764 3283; x_wconf 85' lang='lat' dir='ltr'><strong>quanta</strong></span> <span class='ocrx_word' id='word_1_384' title='bbox 1797 3227 1891 3270; x_wconf 88' lang='lat' dir='ltr'><strong>tua</strong></span> <span class='ocrx_word' id='word_1_385' title='bbox 1926 3235 2047 3286; x_wconf 80' lang='lat' dir='ltr'><strong>erga</strong></span> <span class='ocrx_word' id='word_1_386' title='bbox 2079 3237 2161 3272; x_wconf 90' lang='lat' dir='ltr'><strong>me</strong></span> <span class='ocrx_word' id='word_1_387' title='bbox 2196 3222 2289 3272; x_wconf 89' lang='lat' dir='ltr'><strong>hoc</strong></span> <span class='ocrx_word' id='word_1_388' title='bbox 2327 3222 2499 3285; x_wconf 89' lang='lat' dir='ltr'><strong>poculo</strong></span> <span class='ocrx_word' id='word_1_389' title='bbox 2537 3222 2875 3272; x_wconf 77' lang='lat' dir='ltr'><strong>demonstrata</strong></span> <span class='ocrx_word' id='word_1_390' title='bbox 2910 3221 3176 3286; x_wconf 71' lang='lat' dir='ltr'><strong>gratitudo.</strong></span> <span class='ocrx_word' id='word_1_391' title='bbox 3231 3218 3377 3270; x_wconf 78' lang='lat' dir='ltr'><strong>Nam</strong></span> 
     </span>
     <span class='ocr_line' id='line_1_36' title="bbox 661 3289 3377 3360; baseline -0.001 -16"><span class='ocrx_word' id='word_1_392' title='bbox 661 3308 788 3360; x_wconf 87' lang='lat' dir='ltr'><strong>quae</strong></span> <span class='ocrx_word' id='word_1_393' title='bbox 813 3308 848 3342; x_wconf 89' lang='lat' dir='ltr'><strong>a</strong></span> <span class='ocrx_word' id='word_1_394' title='bbox 868 3307 948 3341; x_wconf 86' lang='lat' dir='ltr'><strong>me</strong></span> <span class='ocrx_word' id='word_1_395' title='bbox 973 3292 1214 3354; x_wconf 74' lang='lat' dir='ltr'><strong>praestita</strong></span> <span class='ocrx_word' id='word_1_396' title='bbox 1235 3296 1368 3346; x_wconf 76' lang='lat' dir='ltr'><strong>suut,</strong></span> <span class='ocrx_word' id='word_1_397' title='bbox 1405 3303 1470 3338; x_wconf 75' lang='lat' dir='ltr'><strong>ea·</strong></span> <span class='ocrx_word' id='word_1_398' title='bbox 1502 3289 1674 3340; x_wconf 76' lang='lat' dir='ltr'><strong>lubens</strong></span> <span class='ocrx_word' id='word_1_399' title='bbox 1697 3291 1809 3352; x_wconf 78' lang='lat' dir='ltr'><strong>feci,</strong></span> <span class='ocrx_word' id='word_1_400' title='bbox 1849 3294 2007 3342; x_wconf 85' lang='lat' dir='ltr'><strong>amico</strong></span> <span class='ocrx_word' id='word_1_401' title='bbox 2035 3295 2198 3343; x_wconf 87' lang='lat' dir='ltr'><strong>animo</strong></span> <span class='ocrx_word' id='word_1_402' title='bbox 2224 3308 2345 3359; x_wconf 79' lang='lat' dir='ltr'><strong>erga</strong></span> <span class='ocrx_word' id='word_1_403' title='bbox 2368 3295 2581 3344; x_wconf 85' lang='lat' dir='ltr'><strong>amicum</strong></span> <span class='ocrx_word' id='word_1_404' title='bbox 2603 3293 2846 3357; x_wconf 85' lang='lat' dir='ltr'><strong>praestiti,</strong></span> <span class='ocrx_word' id='word_1_405' title='bbox 2884 3293 3035 3342; x_wconf 86' lang='lat' dir='ltr'><strong>aliam</strong></span> <span class='ocrx_word' id='word_1_406' title='bbox 3070 3304 3377 3354; x_wconf 72' lang='lat' dir='ltr'><strong>compensa-</strong></span> 
     </span>
     <span class='ocr_line' id='line_1_37' title="bbox 661 3359 3377 3430; baseline -0.001 -15"><span class='ocrx_word' id='word_1_407' title='bbox 661 3365 846 3415; x_wconf 88' lang='lat' dir='ltr'><strong>tionem</strong></span> <span class='ocrx_word' id='word_1_408' title='bbox 871 3378 1030 3428; x_wconf 85' lang='lat' dir='ltr'><strong>neque</strong></span> <span class='ocrx_word' id='word_1_409' title='bbox 1056 3361 1280 3424; x_wconf 77' lang='lat' dir='ltr'><strong>exoptavi</strong></span> <span class='ocrx_word' id='word_1_410' title='bbox 1305 3375 1397 3409; x_wconf 90' lang='lat' dir='ltr'><strong>nec</strong></span> <span class='ocrx_word' id='word_1_411' title='bbox 1425 3363 1680 3424; x_wconf 84' lang='lat' dir='ltr'><strong>expectavi</strong></span> <span class='ocrx_word' id='word_1_412' title='bbox 1703 3377 1937 3427; x_wconf 87' lang='lat' dir='ltr'><strong>unquam.</strong></span> <span class='ocrx_word' id='word_1_413' title='bbox 1964 3377 2111 3430; x_wconf 88' lang='lat' dir='ltr'><strong>quam</strong></span> <span class='ocrx_word' id='word_1_414' title='bbox 2147 3365 2359 3414; x_wconf 88' lang='lat' dir='ltr'><strong>amicum</strong></span> <span class='ocrx_word' id='word_1_415' title='bbox 2384 3366 2617 3421; x_wconf 88' lang='lat' dir='ltr'><strong>animum,</strong></span> <span class='ocrx_word' id='word_1_416' title='bbox 2654 3365 2849 3428; x_wconf 87' lang='lat' dir='ltr'><strong>qualem</strong></span> <span class='ocrx_word' id='word_1_417' title='bbox 2876 3377 2997 3429; x_wconf 78' lang='lat' dir='ltr'><strong>erga</strong></span> <span class='ocrx_word' id='word_1_418' title='bbox 3019 3377 3098 3412; x_wconf 88' lang='lat' dir='ltr'><strong>me</strong></span> <span class='ocrx_word' id='word_1_419' title='bbox 3120 3359 3377 3412; x_wconf 75' lang='lat' dir='ltr'><strong>hactenns</strong></span> 
     </span>
     <span class='ocr_line' id='line_1_38' title="bbox 663 3431 3375 3498; baseline -0.001 -12"><span class='ocrx_word' id='word_1_420' title='bbox 663 3435 1024 3486; x_wconf 84' lang='lat' dir='ltr'><strong>demonstrasti.</strong></span> <span class='ocrx_word' id='word_1_421' title='bbox 1083 3432 1155 3480; x_wconf 89' lang='lat' dir='ltr'><strong>Eo</strong></span> <span class='ocrx_word' id='word_1_422' title='bbox 1182 3445 1272 3496; x_wconf 82' lang='lat' dir='ltr'><strong>ego</strong></span> <span class='ocrx_word' id='word_1_423' title='bbox 1299 3431 1369 3480; x_wconf 79' lang='lat' dir='ltr'><strong>fui</strong></span> <span class='ocrx_word' id='word_1_424' title='bbox 1405 3433 1813 3482; x_wconf 85' lang='lat' dir='ltr'><strong>contentissimus.</strong></span> <span class='ocrx_word' id='word_1_425' title='bbox 1875 3433 2119 3495; x_wconf 86' lang='lat' dir='ltr'><strong>Quoniam</strong></span> <span class='ocrx_word' id='word_1_426' title='bbox 2152 3450 2265 3485; x_wconf 80' lang='lat' dir='ltr'><strong>vero</strong></span> <span class='ocrx_word' id='word_1_427' title='bbox 2298 3437 2406 3497; x_wconf 81' lang='lat' dir='ltr'><strong>jam</strong></span> <span class='ocrx_word' id='word_1_428' title='bbox 2440 3435 2573 3485; x_wconf 87' lang='lat' dir='ltr'><strong>istud</strong></span> <span class='ocrx_word' id='word_1_429' title='bbox 2610 3434 2912 3498; x_wconf 80' lang='lat' dir='ltr'><strong>superaddis,</strong></span> <span class='ocrx_word' id='word_1_430' title='bbox 2952 3448 3043 3498; x_wconf 78' lang='lat' dir='ltr'><strong>ego</strong></span> <span class='ocrx_word' id='word_1_431' title='bbox 3082 3439 3232 3490; x_wconf 84' lang='lat' dir='ltr'><strong>certe,</strong></span> <span class='ocrx_word' id='word_1_432' title='bbox 3270 3447 3375 3498; x_wconf 81' lang='lat' dir='ltr'><strong>quo</strong></span> 
     </span>
     <span class='ocr_line' id='line_1_39' title="bbox 663 3501 3377 3570; baseline -0.001 -14"><span class='ocrx_word' id='word_1_433' title='bbox 663 3509 862 3556; x_wconf 90' lang='lat' dir='ltr'><strong>nomine</strong></span> <span class='ocrx_word' id='word_1_434' title='bbox 898 3519 1040 3570; x_wconf 86' lang='lat' dir='ltr'><strong>pares</strong></span> <span class='ocrx_word' id='word_1_435' title='bbox 1081 3517 1230 3570; x_wconf 81' lang='lat' dir='ltr'><strong>agam</strong></span> <span class='ocrx_word' id='word_1_436' title='bbox 1265 3504 1468 3567; x_wconf 78' lang='lat' dir='ltr'><strong>gratias.</strong></span> <span class='ocrx_word' id='word_1_437' title='bbox 1508 3519 1606 3553; x_wconf 89' lang='lat' dir='ltr'><strong>non</strong></span> <span class='ocrx_word' id='word_1_438' title='bbox 1641 3506 1853 3554; x_wconf 80' lang='lat' dir='ltr'><strong>invenio.</strong></span> <span class='ocrx_word' id='word_1_439' title='bbox 1928 3505 2113 3556; x_wconf 83' lang='lat' dir='ltr'><strong>Verum</strong></span> <span class='ocrx_word' id='word_1_440' title='bbox 2149 3505 2314 3557; x_wconf 90' lang='lat' dir='ltr'><strong>Deum</strong></span> <span class='ocrx_word' id='word_1_441' title='bbox 2346 3506 2437 3556; x_wconf 88' lang='lat' dir='ltr'><strong>tibi</strong></span> <span class='ocrx_word' id='word_1_442' title='bbox 2475 3501 2895 3570; x_wconf 81' lang='lat' dir='ltr'><strong>compens⁸atorem</strong></span> <span class='ocrx_word' id='word_1_443' title='bbox 2930 3506 3166 3560; x_wconf 83' lang='lat' dir='ltr'><strong>exorabo,</strong></span> <span class='ocrx_word' id='word_1_444' title='bbox 3201 3505 3377 3554; x_wconf 82' lang='lat' dir='ltr'><strong>muni·-</strong></span> 
     </span>
     <span class='ocr_line' id='line_1_40' title="bbox 663 3575 3379 3643; baseline -0.001 -16"><span class='ocrx_word' id='word_1_445' title='bbox 663 3579 1031 3629; x_wconf 84' lang='lat' dir='ltr'><strong>ficentissimum</strong></span> <span class='ocrx_word' id='word_1_446' title='bbox 1067 3576 1294 3624; x_wconf 90' lang='lat' dir='ltr'><strong>nimirum</strong></span> <span class='ocrx_word' id='word_1_447' title='bbox 1327 3575 1698 3632; x_wconf 84' lang='lat' dir='ltr'><strong>retributorem,</strong></span> <span class='ocrx_word' id='word_1_448' title='bbox 1750 3575 1836 3640; x_wconf 85' lang='lat' dir='ltr'><strong>qui</strong></span> <span class='ocrx_word' id='word_1_449' title='bbox 1878 3577 2106 3628; x_wconf 81' lang='lat' dir='ltr'><strong>videlicet</strong></span> <span class='ocrx_word' id='word_1_450' title='bbox 2138 3579 2230 3628; x_wconf 86' lang='lat' dir='ltr'><strong>tibi</strong></span> <span class='ocrx_word' id='word_1_451' title='bbox 2264 3591 2405 3641; x_wconf 86' lang='lat' dir='ltr'><strong>porro</strong></span> <span class='ocrx_word' id='word_1_452' title='bbox 2437 3591 2535 3628; x_wconf 84' lang='lat' dir='ltr'><strong>sua</strong></span> <span class='ocrx_word' id='word_1_453' title='bbox 2582 3577 2749 3643; x_wconf 78' lang='lat' dir='ltr'><strong>gratia</strong></span> <span class='ocrx_word' id='word_1_454' title='bbox 2791 3575 2951 3633; x_wconf 78' lang='lat' dir='ltr'><strong>adsit,</strong></span> <span class='ocrx_word' id='word_1_455' title='bbox 3002 3581 3055 3626; x_wconf 87' lang='lat' dir='ltr'><strong>et</strong></span> <span class='ocrx_word' id='word_1_456' title='bbox 3102 3582 3184 3633; x_wconf 89' lang='lat' dir='ltr'><strong>te,</strong></span> <span class='ocrx_word' id='word_1_457' title='bbox 3237 3589 3379 3640; x_wconf 64' lang='lat' dir='ltr'><strong>qun</strong></span> 
     </span>
     <span class='ocr_line' id='line_1_41' title="bbox 665 3645 2062 3716; baseline -0.003 -16"><span class='ocrx_word' id='word_1_458' title='bbox 665 3650 868 3716; x_wconf 70' lang='lat' dir='ltr'><strong>egregia</strong></span> <span class='ocrx_word' id='word_1_459' title='bbox 895 3649 954 3706; x_wconf 57' lang='lat' dir='ltr'><strong>⁶in</strong></span> <span class='ocrx_word' id='word_1_460' title='bbox 992 3655 1042 3697; x_wconf 90' lang='lat' dir='ltr'><strong>te</strong></span> <span class='ocrx_word' id='word_1_461' title='bbox 1081 3647 1266 3709; x_wconf 84' lang='lat' dir='ltr'><strong>coepit,</strong></span> <span class='ocrx_word' id='word_1_462' title='bbox 1305 3645 1512 3696; x_wconf 83' lang='lat' dir='ltr'><strong>feliciter</strong></span> <span class='ocrx_word' id='word_1_463' title='bbox 1547 3647 1782 3710; x_wconf 86' lang='lat' dir='ltr'><strong>perficere</strong></span> <span class='ocrx_word' id='word_1_464' title='bbox 1821 3648 2062 3714; x_wconf 79' lang='lat' dir='ltr'><strong>dignetur.</strong></span> 
     </span>
    </p>

    <p class='ocr_par' dir='ltr' id='par_1_7' title="bbox 660 3715 3378 4210">
     <span class='ocr_line' id='line_1_42' title="bbox 803 3715 3378 3783; baseline -0 -14"><span class='ocrx_word' id='word_1_465' title='bbox 803 3719 916 3770; x_wconf 83' lang='lat' dir='ltr'><strong>Hac</strong></span> <span class='ocrx_word' id='word_1_466' title='bbox 951 3716 1257 3768; x_wconf 84' lang='lat' dir='ltr'><strong>hebdomade</strong></span> <span class='ocrx_word' id='word_1_467' title='bbox 1283 3718 1552 3779; x_wconf 83' lang='lat' dir='ltr'><strong>praeterita</strong></span> <span class='ocrx_word' id='word_1_468' title='bbox 1577 3732 1636 3767; x_wconf 87' lang='lat' dir='ltr'><strong>ex</strong></span> <span class='ocrx_word' id='word_1_469' title='bbox 1660 3718 1956 3783; x_wconf 81' lang='lat' dir='ltr'><strong>Leonberga</strong></span> <span class='ocrx_word' id='word_1_470' title='bbox 1987 3718 2084 3770; x_wconf 90' lang='lat' dir='ltr'><strong>huc</strong></span> <span class='ocrx_word' id='word_1_471' title='bbox 2122 3719 2187 3770; x_wconf 87' lang='lat' dir='ltr'><strong>ad</strong></span> <span class='ocrx_word' id='word_1_472' title='bbox 2222 3735 2302 3770; x_wconf 90' lang='lat' dir='ltr'><strong>me</strong></span> <span class='ocrx_word' id='word_1_473' title='bbox 2335 3721 2472 3770; x_wconf 78' lang='lat' dir='ltr'><strong>venit</strong></span> <span class='ocrx_word' id='word_1_474' title='bbox 2506 3725 2666 3770; x_wconf 89' lang='lat' dir='ltr'><strong>mater</strong></span> <span class='ocrx_word' id='word_1_475' title='bbox 2700 3725 2805 3776; x_wconf 85' lang='lat' dir='ltr'><strong>tua,</strong></span> <span class='ocrx_word' id='word_1_476' title='bbox 2841 3725 3072 3768; x_wconf 81' lang='lat' dir='ltr'><strong>matrona</strong></span> <span class='ocrx_word' id='word_1_477' title='bbox 3106 3715 3186 3767; x_wconf 81' lang='lat' dir='ltr'><strong>vel</strong></span> <span class='ocrx_word' id='word_1_478' title='bbox 3219 3715 3378 3768; x_wconf 77' lang='lat' dir='ltr'><strong>vidua</strong></span> 
     </span>
     <span class='ocr_line' id='line_1_43' title="bbox 662 3787 3375 3856; baseline -0.001 -17"><span class='ocrx_word' id='word_1_479' title='bbox 662 3792 905 3856; x_wconf 80' lang='lat' dir='ltr'><strong>piissima.</strong></span> <span class='ocrx_word' id='word_1_480' title='bbox 954 3790 1015 3838; x_wconf 88' lang='lat' dir='ltr'><strong>de</strong></span> <span class='ocrx_word' id='word_1_481' title='bbox 1061 3788 1204 3837; x_wconf 90' lang='lat' dir='ltr'><strong>rebus</strong></span> <span class='ocrx_word' id='word_1_482' title='bbox 1249 3787 1346 3835; x_wconf 88' lang='lat' dir='ltr'><strong>tuis</strong></span> <span class='ocrx_word' id='word_1_483' title='bbox 1400 3790 1828 3853; x_wconf 85' lang='lat' dir='ltr'><strong>praesentiumque</strong></span> <span class='ocrx_word' id='word_1_484' title='bbox 1884 3805 2043 3839; x_wconf 88' lang='lat' dir='ltr'><strong>rerum</strong></span> <span class='ocrx_word' id='word_1_485' title='bbox 2096 3798 2232 3840; x_wconf 89' lang='lat' dir='ltr'><strong>statu</strong></span> <span class='ocrx_word' id='word_1_486' title='bbox 2278 3792 2421 3841; x_wconf 82' lang='lat' dir='ltr'><strong>valde</strong></span> <span class='ocrx_word' id='word_1_487' title='bbox 2458 3792 2683 3841; x_wconf 80' lang='lat' dir='ltr'><strong>sollicita.</strong></span> <span class='ocrx_word' id='word_1_488' title='bbox 2770 3789 2898 3839; x_wconf 83' lang='lat' dir='ltr'><strong>Eam</strong></span> <span class='ocrx_word' id='word_1_489' title='bbox 2944 3795 3185 3853; x_wconf 84' lang='lat' dir='ltr'><strong>quantum</strong></span> <span class='ocrx_word' id='word_1_490' title='bbox 3227 3789 3375 3851; x_wconf 82' lang='lat' dir='ltr'><strong>potui</strong></span> 
     </span>
     <span class='ocr_line' id='line_1_44' title="bbox 663 3857 3377 3926; baseline -0.001 -14"><span class='ocrx_word' id='word_1_491' title='bbox 663 3864 942 3912; x_wconf 82' lang='lat' dir='ltr'><strong>consolatus</strong></span> <span class='ocrx_word' id='word_1_492' title='bbox 979 3873 1102 3914; x_wconf 78' lang='lat' dir='ltr'><strong>sum,</strong></span> <span class='ocrx_word' id='word_1_493' title='bbox 1141 3859 1256 3923; x_wconf 83' lang='lat' dir='ltr'><strong>quia</strong></span> <span class='ocrx_word' id='word_1_494' title='bbox 1291 3857 1478 3907; x_wconf 90' lang='lat' dir='ltr'><strong>meliori</strong></span> <span class='ocrx_word' id='word_1_495' title='bbox 1514 3857 1622 3908; x_wconf 87' lang='lat' dir='ltr'><strong>loco</strong></span> <span class='ocrx_word' id='word_1_496' title='bbox 1657 3873 1744 3922; x_wconf 89' lang='lat' dir='ltr'><strong>per</strong></span> <span class='ocrx_word' id='word_1_497' title='bbox 1779 3861 1993 3924; x_wconf 75' lang='lat' dir='ltr'><strong>gratiam</strong></span> <span class='ocrx_word' id='word_1_498' title='bbox 2028 3860 2129 3911; x_wconf 90' lang='lat' dir='ltr'><strong>Dei</strong></span> <span class='ocrx_word' id='word_1_499' title='bbox 2164 3863 2265 3911; x_wconf 87' lang='lat' dir='ltr'><strong>sint</strong></span> <span class='ocrx_word' id='word_1_500' title='bbox 2296 3870 2417 3913; x_wconf 89' lang='lat' dir='ltr'><strong>tuae</strong></span> <span class='ocrx_word' id='word_1_501' title='bbox 2450 3877 2547 3920; x_wconf 86' lang='lat' dir='ltr'><strong>res,</strong></span> <span class='ocrx_word' id='word_1_502' title='bbox 2592 3877 2740 3926; x_wconf 87' lang='lat' dir='ltr'><strong>quam</strong></span> <span class='ocrx_word' id='word_1_503' title='bbox 2776 3863 2887 3926; x_wconf 82' lang='lat' dir='ltr'><strong>ipsa</strong></span> <span class='ocrx_word' id='word_1_504' title='bbox 2920 3860 2997 3910; x_wconf 79' lang='lat' dir='ltr'><strong>vel</strong></span> <span class='ocrx_word' id='word_1_505' title='bbox 3033 3859 3126 3910; x_wconf 84' lang='lat' dir='ltr'><strong>sibi</strong></span> <span class='ocrx_word' id='word_1_506' title='bbox 3158 3861 3253 3924; x_wconf 72' lang='lat' dir='ltr'><strong>ipsi</strong></span> <span class='ocrx_word' id='word_1_507' title='bbox 3288 3859 3377 3909; x_wconf 73' lang='lat' dir='ltr'><strong>vel</strong></span> 
     </span>
     <span class='ocr_line' id='line_1_45' title="bbox 663 3929 3373 3998; baseline -0.001 -15"><span class='ocrx_word' id='word_1_508' title='bbox 663 3948 723 3983; x_wconf 85' lang='lat' dir='ltr'><strong>ex</strong></span> <span class='ocrx_word' id='word_1_509' title='bbox 757 3935 962 3983; x_wconf 82' lang='lat' dir='ltr'><strong>aliorum</strong></span> <span class='ocrx_word' id='word_1_510' title='bbox 995 3943 1226 3995; x_wconf 79' lang='lat' dir='ltr'><strong>perversa</strong></span> <span class='ocrx_word' id='word_1_511' title='bbox 1261 3929 1500 3978; x_wconf 65' lang='lat' dir='ltr'><strong>relatione</strong></span> <span class='ocrx_word' id='word_1_512' title='bbox 1536 3931 1851 3994; x_wconf 78' lang='lat' dir='ltr'><strong>imaginetur.</strong></span> <span class='ocrx_word' id='word_1_513' title='bbox 1910 3929 2051 3982; x_wconf 87' lang='lat' dir='ltr'><strong>Sicut</strong></span> <span class='ocrx_word' id='word_1_514' title='bbox 2088 3935 2239 3983; x_wconf 85' lang='lat' dir='ltr'><strong>etiam</strong></span> <span class='ocrx_word' id='word_1_515' title='bbox 2274 3934 2419 3992; x_wconf 68' lang='lat' dir='ltr'><strong>longe</strong></span> <span class='ocrx_word' id='word_1_516' title='bbox 2454 3935 2613 3985; x_wconf 79' lang='lat' dir='ltr'><strong>aliter.</strong></span> <span class='ocrx_word' id='word_1_517' title='bbox 2653 3947 2801 3998; x_wconf 77' lang='lat' dir='ltr'><strong>quam</strong></span> <span class='ocrx_word' id='word_1_518' title='bbox 2836 3947 2915 3983; x_wconf 88' lang='lat' dir='ltr'><strong>res</strong></span> <span class='ocrx_word' id='word_1_519' title='bbox 2938 3945 2993 3980; x_wconf 90' lang='lat' dir='ltr'><strong>se</strong></span> <span class='ocrx_word' id='word_1_520' title='bbox 3016 3931 3221 3992; x_wconf 82' lang='lat' dir='ltr'><strong>habent,</strong></span> <span class='ocrx_word' id='word_1_521' title='bbox 3254 3943 3373 3994; x_wconf 57' lang='grc' dir='ltr'><strong>με·</strong></span> 
     </span>
     <span class='ocr_line' id='line_1_46' title="bbox 661 3999 3373 4068; baseline -0.001 -14"><span class='ocrx_word' id='word_1_522' title='bbox 661 4018 812 4054; x_wconf 85' lang='lat' dir='ltr'><strong>suasa</strong></span> <span class='ocrx_word' id='word_1_523' title='bbox 845 4003 1113 4054; x_wconf 83' lang='lat' dir='ltr'><strong>videbatur.</strong></span> <span class='ocrx_word' id='word_1_524' title='bbox 1177 4000 1255 4050; x_wconf 82' lang='lat' dir='ltr'><strong>Ea</strong></span> <span class='ocrx_word' id='word_1_525' title='bbox 1289 3999 1418 4048; x_wconf 87' lang='lat' dir='ltr'><strong>inter</strong></span> <span class='ocrx_word' id='word_1_526' title='bbox 1455 4001 1555 4051; x_wconf 84' lang='lat' dir='ltr'><strong>alia</strong></span> <span class='ocrx_word' id='word_1_527' title='bbox 1591 4003 1861 4066; x_wconf 84' lang='lat' dir='ltr'><strong>quaerebat</strong></span> <span class='ocrx_word' id='word_1_528' title='bbox 1896 4001 1958 4052; x_wconf 89' lang='lat' dir='ltr'><strong>de</strong></span> <span class='ocrx_word' id='word_1_529' title='bbox 1994 4011 2097 4060; x_wconf 87' lang='lat' dir='ltr'><strong>tuo,</strong></span> <span class='ocrx_word' id='word_1_530' title='bbox 2135 4004 2264 4068; x_wconf 86' lang='lat' dir='ltr'><strong>quod</strong></span> <span class='ocrx_word' id='word_1_531' title='bbox 2298 4005 2417 4054; x_wconf 89' lang='lat' dir='ltr'><strong>mihi</strong></span> <span class='ocrx_word' id='word_1_532' title='bbox 2454 4004 2655 4063; x_wconf 86' lang='lat' dir='ltr'><strong>debeas,</strong></span> <span class='ocrx_word' id='word_1_533' title='bbox 2694 4004 2872 4054; x_wconf 86' lang='lat' dir='ltr'><strong>debito.</strong></span> <span class='ocrx_word' id='word_1_534' title='bbox 2934 4003 3060 4068; x_wconf 68' lang='lat' dir='ltr'><strong>Ego,</strong></span> <span class='ocrx_word' id='word_1_535' title='bbox 3098 4002 3213 4066; x_wconf 81' lang='lat' dir='ltr'><strong>quid</strong></span> <span class='ocrx_word' id='word_1_536' title='bbox 3250 4001 3373 4052; x_wconf 78' lang='lat' dir='ltr'><strong>sub-</strong></span> 
     </span>
     <span class='ocr_line' id='line_1_47' title="bbox 661 4070 3377 4138; baseline -0.001 -13"><span class='ocrx_word' id='word_1_537' title='bbox 661 4083 816 4138; x_wconf 83' lang='lat' dir='ltr'><strong>esset,</strong></span> <span class='ocrx_word' id='word_1_538' title='bbox 852 4090 950 4123; x_wconf 91' lang='lat' dir='ltr'><strong>non</strong></span> <span class='ocrx_word' id='word_1_539' title='bbox 986 4072 1292 4136; x_wconf 81' lang='lat' dir='ltr'><strong>intelligens,</strong></span> <span class='ocrx_word' id='word_1_540' title='bbox 1333 4071 1457 4127; x_wconf 84' lang='lat' dir='ltr'><strong>dixi,</strong></span> <span class='ocrx_word' id='word_1_541' title='bbox 1497 4070 1627 4136; x_wconf 89' lang='lat' dir='ltr'><strong>quod</strong></span> <span class='ocrx_word' id='word_1_542' title='bbox 1661 4087 1829 4122; x_wconf 81' lang='lat' dir='ltr'><strong>verum</strong></span> <span class='ocrx_word' id='word_1_543' title='bbox 1866 4081 1966 4131; x_wconf 88' lang='lat' dir='ltr'><strong>est,</strong></span> <span class='ocrx_word' id='word_1_544' title='bbox 2014 4081 2064 4124; x_wconf 88' lang='lat' dir='ltr'><strong>te</strong></span> <span class='ocrx_word' id='word_1_545' title='bbox 2101 4076 2219 4124; x_wconf 88' lang='lat' dir='ltr'><strong>mihi</strong></span> <span class='ocrx_word' id='word_1_546' title='bbox 2256 4076 2375 4134; x_wconf 63' lang='lat' dir='ltr'><strong>nihil</strong></span> <span class='ocrx_word' id='word_1_547' title='bbox 2415 4076 2617 4138; x_wconf 90' lang='lat' dir='ltr'><strong>debere,</strong></span> <span class='ocrx_word' id='word_1_548' title='bbox 2668 4089 2763 4126; x_wconf 86' lang='lat' dir='ltr'><strong>nec</strong></span> <span class='ocrx_word' id='word_1_549' title='bbox 2796 4089 3013 4138; x_wconf 80' lang='lat' dir='ltr'><strong>unquam</strong></span> <span class='ocrx_word' id='word_1_550' title='bbox 3050 4087 3165 4123; x_wconf 85' lang='lat' dir='ltr'><strong>aere</strong></span> <span class='ocrx_word' id='word_1_551' title='bbox 3204 4073 3377 4122; x_wconf 81' lang='lat' dir='ltr'><strong>alieno</strong></span> 
     </span>
     <span class='ocr_line' id='line_1_48' title="bbox 660 4139 3371 4210; baseline -0.001 -15"><span class='ocrx_word' id='word_1_552' title='bbox 660 4147 944 4196; x_wconf 87' lang='lat' dir='ltr'><strong>obstrictum</strong></span> <span class='ocrx_word' id='word_1_553' title='bbox 979 4144 1128 4192; x_wconf 75' lang='lat' dir='ltr'><strong>fuisse</strong></span> <span class='ocrx_word' id='word_1_554' title='bbox 1166 4142 1278 4190; x_wconf 88' lang='lat' dir='ltr'><strong>dixi.</strong></span> <span class='ocrx_word' id='word_1_555' title='bbox 1356 4139 1574 4206; x_wconf 86' lang='lat' dir='ltr'><strong>Cumque</strong></span> <span class='ocrx_word' id='word_1_556' title='bbox 1609 4158 1723 4192; x_wconf 91' lang='lat' dir='ltr'><strong>mox</strong></span> <span class='ocrx_word' id='word_1_557' title='bbox 1755 4145 1982 4201; x_wconf 86' lang='lat' dir='ltr'><strong>instaret,</strong></span> <span class='ocrx_word' id='word_1_558' title='bbox 2020 4147 2249 4204; x_wconf 83' lang='lat' dir='ltr'><strong>indicavi,</strong></span> <span class='ocrx_word' id='word_1_559' title='bbox 2288 4154 2337 4196; x_wconf 89' lang='lat' dir='ltr'><strong>te</strong></span> <span class='ocrx_word' id='word_1_560' title='bbox 2376 4146 2507 4196; x_wconf 88' lang='lat' dir='ltr'><strong>nullo</strong></span> <span class='ocrx_word' id='word_1_561' title='bbox 2542 4147 2701 4206; x_wconf 87' lang='lat' dir='ltr'><strong>modo,</strong></span> <span class='ocrx_word' id='word_1_562' title='bbox 2750 4160 3039 4210; x_wconf 87' lang='lat' dir='ltr'><strong>quocunque</strong></span> <span class='ocrx_word' id='word_1_563' title='bbox 3075 4145 3371 4208; x_wconf 79' lang='lat' dir='ltr'><strong>accipiatur,</strong></span> 
     </span>
    </p>
   </div>
   <div class='ocr_carea' id='block_1_6' title="bbox 657 4213 3480 4283">
    <p class='ocr_par' dir='ltr' id='par_1_8' title="bbox 657 4213 3480 4283">
     <span class='ocr_line' id='line_1_49' title="bbox 657 4213 3480 4283; baseline -0.001 -16"><span class='ocrx_word' id='word_1_564' title='bbox 657 4217 778 4266; x_wconf 86' lang='lat' dir='ltr'><strong>mihi</strong></span> <span class='ocrx_word' id='word_1_565' title='bbox 813 4216 1076 4281; x_wconf 87' lang='lat' dir='ltr'><strong>quidquam</strong></span> <span class='ocrx_word' id='word_1_566' title='bbox 1113 4213 1305 4263; x_wconf 89' lang='lat' dir='ltr'><strong>debere.</strong></span> <span class='ocrx_word' id='word_1_567' title='bbox 1373 4213 1480 4262; x_wconf 87' lang='lat' dir='ltr'><strong>Etsi</strong></span> <span class='ocrx_word' id='word_1_568' title='bbox 1515 4215 1648 4262; x_wconf 85' lang='lat' dir='ltr'><strong>enim</strong></span> <span class='ocrx_word' id='word_1_569' title='bbox 1681 4223 1879 4278; x_wconf 86' lang='lat' dir='ltr'><strong>propter</strong></span> <span class='ocrx_word' id='word_1_570' title='bbox 1914 4217 2152 4279; x_wconf 82' lang='lat' dir='ltr'><strong>quasdam</strong></span> <span class='ocrx_word' id='word_1_571' title='bbox 2200 4219 2383 4282; x_wconf 86' lang='lat' dir='ltr'><strong>opellas</strong></span> <span class='ocrx_word' id='word_1_572' title='bbox 2400 4253 2414 4278; x_wconf 82' lang='grc'><em>,</em></span> <span class='ocrx_word' id='word_1_573' title='bbox 2466 4231 2595 4283; x_wconf 81' lang='lat' dir='ltr'><strong>quae</strong></span> <span class='ocrx_word' id='word_1_574' title='bbox 2628 4218 2809 4268; x_wconf 85' lang='lat' dir='ltr'><strong>nullius</strong></span> <span class='ocrx_word' id='word_1_575' title='bbox 2848 4217 2983 4281; x_wconf 81' lang='lat' dir='ltr'><strong>apud</strong></span> <span class='ocrx_word' id='word_1_576' title='bbox 3016 4229 3097 4265; x_wconf 90' lang='lat' dir='ltr'><strong>me</strong></span> <span class='ocrx_word' id='word_1_577' title='bbox 3130 4215 3375 4264; x_wconf 76' lang='lat' dir='ltr'><strong>momenti</strong></span> <span class='ocrx_word' id='word_1_578' title='bbox 3474 4238 3480 4242; x_wconf 94' lang='lat'>·</span> 
     </span>
    </p>
   </div>
   <div class='ocr_carea' id='block_1_7' title="bbox 656 4285 3377 4996">
    <p class='ocr_par' dir='ltr' id='par_1_9' title="bbox 656 4285 3377 4996">
     <span class='ocr_line' id='line_1_50' title="bbox 659 4285 3373 4353; baseline -0 -16"><span class='ocrx_word' id='word_1_579' title='bbox 659 4290 773 4350; x_wconf 84' lang='lat' dir='ltr'><strong>sint,</strong></span> <span class='ocrx_word' id='word_1_580' title='bbox 813 4286 998 4353; x_wconf 87' lang='lat' dir='ltr'><strong>aliquid</strong></span> <span class='ocrx_word' id='word_1_581' title='bbox 1035 4285 1366 4348; x_wconf 85' lang='lat' dir='ltr'><strong>spoponderis,</strong></span> <span class='ocrx_word' id='word_1_582' title='bbox 1405 4291 1574 4334; x_wconf 88' lang='lat' dir='ltr'><strong>tamen</strong></span> <span class='ocrx_word' id='word_1_583' title='bbox 1611 4285 1660 4333; x_wconf 89' lang='lat' dir='ltr'><strong>id</strong></span> <span class='ocrx_word' id='word_1_584' title='bbox 1699 4286 1831 4349; x_wconf 85' lang='lat' dir='ltr'><strong>apud</strong></span> <span class='ocrx_word' id='word_1_585' title='bbox 1865 4301 1945 4335; x_wconf 89' lang='lat' dir='ltr'><strong>me</strong></span> <span class='ocrx_word' id='word_1_586' title='bbox 1982 4287 2109 4337; x_wconf 85' lang='lat' dir='ltr'><strong>adeo</strong></span> <span class='ocrx_word' id='word_1_587' title='bbox 2144 4290 2195 4338; x_wconf 87' lang='lat' dir='ltr'><strong>in</strong></span> <span class='ocrx_word' id='word_1_588' title='bbox 2233 4290 2449 4340; x_wconf 86' lang='lat' dir='ltr'><strong>debitum</strong></span> <span class='ocrx_word' id='word_1_589' title='bbox 2474 4305 2576 4339; x_wconf 92' lang='lat' dir='ltr'><strong>non</strong></span> <span class='ocrx_word' id='word_1_590' title='bbox 2600 4289 2796 4342; x_wconf 80' lang='lat' dir='ltr'><strong>cadere.</strong></span> <span class='ocrx_word' id='word_1_591' title='bbox 2835 4294 2894 4338; x_wconf 87' lang='lat' dir='ltr'><strong>ut</strong></span> <span class='ocrx_word' id='word_1_592' title='bbox 2930 4301 3097 4338; x_wconf 90' lang='lat' dir='ltr'><strong>eorum</strong></span> <span class='ocrx_word' id='word_1_593' title='bbox 3128 4301 3225 4336; x_wconf 88' lang='lat' dir='ltr'><strong>nec</strong></span> <span class='ocrx_word' id='word_1_594' title='bbox 3258 4301 3373 4336; x_wconf 82' lang='lat' dir='ltr'><strong>me—</strong></span> 
     </span>
     <span class='ocr_line' id='line_1_51' title="bbox 657 4356 3377 4420; baseline -0.001 -10"><span class='ocrx_word' id='word_1_595' title='bbox 657 4360 909 4416; x_wconf 84' lang='lat' dir='ltr'><strong>minerim,</strong></span> <span class='ocrx_word' id='word_1_596' title='bbox 960 4371 1053 4407; x_wconf 87' lang='lat' dir='ltr'><strong>nec</strong></span> <span class='ocrx_word' id='word_1_597' title='bbox 1089 4363 1285 4420; x_wconf 86' lang='lat' dir='ltr'><strong>propter</strong></span> <span class='ocrx_word' id='word_1_598' title='bbox 1318 4356 1644 4418; x_wconf 76' lang='lat' dir='ltr'><strong>interruptum</strong></span> <span class='ocrx_word' id='word_1_599' title='bbox 1681 4371 1800 4420; x_wconf 82' lang='lat' dir='ltr'><strong>opus</strong></span> <span class='ocrx_word' id='word_1_600' title='bbox 1836 4359 2119 4409; x_wconf 83' lang='lat' dir='ltr'><strong>meminisse</strong></span> <span class='ocrx_word' id='word_1_601' title='bbox 2154 4361 2329 4410; x_wconf 79' lang='lat' dir='ltr'><strong>velim:</strong></span> <span class='ocrx_word' id='word_1_602' title='bbox 2380 4361 2692 4411; x_wconf 87' lang='lat' dir='ltr'><strong>nihilominus</strong></span> <span class='ocrx_word' id='word_1_603' title='bbox 2738 4367 2907 4410; x_wconf 84' lang='lat' dir='ltr'><strong>tamen</strong></span> <span class='ocrx_word' id='word_1_604' title='bbox 2958 4365 3011 4408; x_wconf 88' lang='lat' dir='ltr'><strong>te</strong></span> <span class='ocrx_word' id='word_1_605' title='bbox 3046 4366 3185 4408; x_wconf 86' lang='lat' dir='ltr'><strong>tuam</strong></span> <span class='ocrx_word' id='word_1_606' title='bbox 3220 4357 3377 4408; x_wconf 81' lang='lat' dir='ltr'><strong>fidem</strong></span> 
     </span>
     <span class='ocr_line' id='line_1_52' title="bbox 659 4427 3371 4496; baseline -0.001 -17"><span class='ocrx_word' id='word_1_607' title='bbox 659 4430 999 4494; x_wconf 87' lang='lat' dir='ltr'><strong>superabunde</strong></span> <span class='ocrx_word' id='word_1_608' title='bbox 1039 4435 1090 4477; x_wconf 92' lang='lat' dir='ltr'><strong>et</strong></span> <span class='ocrx_word' id='word_1_609' title='bbox 1124 4428 1270 4484; x_wconf 84' lang='lat' dir='ltr'><strong>ultra,</strong></span> <span class='ocrx_word' id='word_1_610' title='bbox 1311 4441 1458 4491; x_wconf 83' lang='lat' dir='ltr'><strong>quam</strong></span> <span class='ocrx_word' id='word_1_611' title='bbox 1498 4441 1589 4489; x_wconf 81' lang='lat' dir='ltr'><strong>par</strong></span> <span class='ocrx_word' id='word_1_612' title='bbox 1622 4428 1702 4486; x_wconf 87' lang='lat' dir='ltr'><strong>sit,</strong></span> <span class='ocrx_word' id='word_1_613' title='bbox 1741 4427 2023 4486; x_wconf 89' lang='lat' dir='ltr'><strong>redemisse,</strong></span> <span class='ocrx_word' id='word_1_614' title='bbox 2060 4431 2207 4480; x_wconf 86' lang='lat' dir='ltr'><strong>misso</strong></span> <span class='ocrx_word' id='word_1_615' title='bbox 2231 4432 2458 4484; x_wconf 76' lang='lat' dir='ltr'><strong>videlicet</strong></span> <span class='ocrx_word' id='word_1_616' title='bbox 2494 4432 2668 4496; x_wconf 82' lang='lat' dir='ltr'><strong>poculo</strong></span> <span class='ocrx_word' id='word_1_617' title='bbox 2708 4437 2759 4481; x_wconf 88' lang='lat' dir='ltr'><strong>et</strong></span> <span class='ocrx_word' id='word_1_618' title='bbox 2794 4431 3012 4494; x_wconf 87' lang='lat' dir='ltr'><strong>specioso</strong></span> <span class='ocrx_word' id='word_1_619' title='bbox 3050 4435 3103 4479; x_wconf 90' lang='lat' dir='ltr'><strong>et</strong></span> <span class='ocrx_word' id='word_1_620' title='bbox 3136 4429 3371 4493; x_wconf 88' lang='lat' dir='ltr'><strong>pretioso,</strong></span> 
     </span>
     <span class='ocr_line' id='line_1_53' title="bbox 661 4494 3371 4562; baseline -0.001 -12"><span class='ocrx_word' id='word_1_621' title='bbox 661 4500 839 4550; x_wconf 86' lang='lat' dir='ltr'><strong>additis</strong></span> <span class='ocrx_word' id='word_1_622' title='bbox 890 4503 1042 4550; x_wconf 86' lang='lat' dir='ltr'><strong>etiam</strong></span> <span class='ocrx_word' id='word_1_623' title='bbox 1093 4494 1124 4546; x_wconf 80' lang='lat'>6</span> <span class='ocrx_word' id='word_1_624' title='bbox 1162 4497 1530 4547; x_wconf 83' lang='lat' dir='ltr'><strong>Ferdinandicie</strong></span> <span class='ocrx_word' id='word_1_625' title='bbox 1584 4513 1670 4561; x_wconf 88' lang='lat' dir='ltr'><strong>pro</strong></span> <span class='ocrx_word' id='word_1_626' title='bbox 1717 4499 1943 4562; x_wconf 86' lang='lat' dir='ltr'><strong>operculo</strong></span> <span class='ocrx_word' id='word_1_627' title='bbox 1990 4501 2306 4554; x_wconf 85' lang='lat' dir='ltr'><strong>conficiendo.</strong></span> <span class='ocrx_word' id='word_1_628' title='bbox 2388 4501 2475 4553; x_wconf 87' lang='lat' dir='ltr'><strong>Me</strong></span> <span class='ocrx_word' id='word_1_629' title='bbox 2520 4502 2699 4552; x_wconf 90' lang='lat' dir='ltr'><strong>idcirco</strong></span> <span class='ocrx_word' id='word_1_630' title='bbox 2746 4508 2911 4560; x_wconf 89' lang='lat' dir='ltr'><strong>tuum,</strong></span> <span class='ocrx_word' id='word_1_631' title='bbox 2958 4515 3055 4550; x_wconf 89' lang='lat' dir='ltr'><strong>non</strong></span> <span class='ocrx_word' id='word_1_632' title='bbox 3102 4507 3272 4551; x_wconf 83' lang='lat' dir='ltr'><strong>autem</strong></span> <span class='ocrx_word' id='word_1_633' title='bbox 3316 4507 3371 4548; x_wconf 84' lang='lat' dir='ltr'><strong>te</strong></span> 
     </span>
     <span class='ocr_line' id='line_1_54' title="bbox 657 4569 3373 4638; baseline -0 -18"><span class='ocrx_word' id='word_1_634' title='bbox 657 4585 824 4622; x_wconf 85' lang='lat' dir='ltr'><strong>meum</strong></span> <span class='ocrx_word' id='word_1_635' title='bbox 859 4586 968 4621; x_wconf 87' lang='lat' dir='ltr'><strong>esse</strong></span> <span class='ocrx_word' id='word_1_636' title='bbox 997 4571 1278 4620; x_wconf 86' lang='lat' dir='ltr'><strong>debitorem.</strong></span> <span class='ocrx_word' id='word_1_637' title='bbox 1337 4569 1396 4618; x_wconf 86' lang='lat' dir='ltr'><strong>Id</strong></span> <span class='ocrx_word' id='word_1_638' title='bbox 1431 4575 1592 4618; x_wconf 82' lang='lat' dir='ltr'><strong>mater</strong></span> <span class='ocrx_word' id='word_1_639' title='bbox 1627 4577 1718 4618; x_wconf 85' lang='lat' dir='ltr'><strong>tua</strong></span> <span class='ocrx_word' id='word_1_640' title='bbox 1754 4571 2011 4620; x_wconf 79' lang='lat' dir='ltr'><strong>videbatur</strong></span> <span class='ocrx_word' id='word_1_641' title='bbox 2048 4585 2157 4622; x_wconf 87' lang='lat' dir='ltr'><strong>cum</strong></span> <span class='ocrx_word' id='word_1_642' title='bbox 2194 4576 2519 4624; x_wconf 84' lang='lat' dir='ltr'><strong>admiratione</strong></span> <span class='ocrx_word' id='word_1_643' title='bbox 2558 4573 2727 4624; x_wconf 86' lang='lat' dir='ltr'><strong>audire</strong></span> <span class='ocrx_word' id='word_1_644' title='bbox 2762 4585 3064 4638; x_wconf 84' lang='lat' dir='ltr'><strong>responsum,</strong></span> <span class='ocrx_word' id='word_1_645' title='bbox 3104 4578 3215 4636; x_wconf 83' lang='lat' dir='ltr'><strong>post</strong></span> <span class='ocrx_word' id='word_1_646' title='bbox 3236 4573 3373 4622; x_wconf 83' lang='lat' dir='ltr'><strong>enim</strong></span> 
     </span>
     <span class='ocr_line' id='line_1_55' title="bbox 659 4641 3377 4708; baseline 0.001 -16"><span class='ocrx_word' id='word_1_647' title='bbox 659 4643 890 4693; x_wconf 77' lang='lat' dir='ltr'><strong>confessa</strong></span> <span class='ocrx_word' id='word_1_648' title='bbox 925 4649 1018 4697; x_wconf 80' lang='lat' dir='ltr'><strong>est.</strong></span> <span class='ocrx_word' id='word_1_649' title='bbox 1053 4657 1107 4692; x_wconf 86' lang='lat' dir='ltr'><strong>se</strong></span> <span class='ocrx_word' id='word_1_650' title='bbox 1141 4642 1194 4690; x_wconf 89' lang='lat' dir='ltr'><strong>in</strong></span> <span class='ocrx_word' id='word_1_651' title='bbox 1229 4655 1294 4692; x_wconf 87' lang='lat' dir='ltr'><strong>ea</strong></span> <span class='ocrx_word' id='word_1_652' title='bbox 1327 4641 1646 4704; x_wconf 81' lang='lat' dir='ltr'><strong>persuasione</strong></span> <span class='ocrx_word' id='word_1_653' title='bbox 1683 4642 1850 4698; x_wconf 81' lang='lat' dir='ltr'><strong>fuisse,</strong></span> <span class='ocrx_word' id='word_1_654' title='bbox 1890 4655 1949 4692; x_wconf 87' lang='lat' dir='ltr'><strong>ac</strong></span> <span class='ocrx_word' id='word_1_655' title='bbox 1976 4644 2019 4691; x_wconf 89' lang='lat' dir='ltr'><strong>si</strong></span> <span class='ocrx_word' id='word_1_656' title='bbox 2042 4649 2099 4693; x_wconf 90' lang='lat' dir='ltr'><strong>tu</strong></span> <span class='ocrx_word' id='word_1_657' title='bbox 2120 4647 2241 4696; x_wconf 85' lang='lat' dir='ltr'><strong>mihi</strong></span> <span class='ocrx_word' id='word_1_658' title='bbox 2266 4645 2370 4696; x_wconf 84' lang='lat'><strong>200</strong></span> <span class='ocrx_word' id='word_1_659' title='bbox 2392 4647 2602 4696; x_wconf 79' lang='lat' dir='ltr'><strong>florenos</strong></span> <span class='ocrx_word' id='word_1_660' title='bbox 2628 4644 2849 4706; x_wconf 82' lang='lat' dir='ltr'><strong>deberes,</strong></span> <span class='ocrx_word' id='word_1_661' title='bbox 2886 4651 3036 4708; x_wconf 78' lang='lat' dir='ltr'><strong>atque</strong></span> <span class='ocrx_word' id='word_1_662' title='bbox 3064 4657 3135 4704; x_wconf 84' lang='lat' dir='ltr'><strong>se,</strong></span> <span class='ocrx_word' id='word_1_663' title='bbox 3172 4651 3377 4706; x_wconf 78' lang='lat' dir='ltr'><strong>propter</strong></span> 
     </span>
     <span class='ocr_line' id='line_1_56' title="bbox 660 4713 3369 4780; baseline -0.004 -16"><span class='ocrx_word' id='word_1_664' title='bbox 660 4715 868 4764; x_wconf 86' lang='lat' dir='ltr'><strong>dilatam</strong></span> <span class='ocrx_word' id='word_1_665' title='bbox 903 4713 1210 4772; x_wconf 86' lang='lat' dir='ltr'><strong>solutionem,</strong></span> <span class='ocrx_word' id='word_1_666' title='bbox 1247 4726 1398 4778; x_wconf 86' lang='lat' dir='ltr'><strong>quam</strong></span> <span class='ocrx_word' id='word_1_667' title='bbox 1433 4716 1519 4762; x_wconf 91' lang='lat' dir='ltr'><strong>tuo</strong></span> <span class='ocrx_word' id='word_1_668' title='bbox 1557 4713 1756 4762; x_wconf 86' lang='lat' dir='ltr'><strong>nomine</strong></span> <span class='ocrx_word' id='word_1_669' title='bbox 1786 4721 2041 4776; x_wconf 83' lang='lat' dir='ltr'><strong>praestare</strong></span> <span class='ocrx_word' id='word_1_670' title='bbox 2068 4715 2295 4776; x_wconf 82' lang='lat' dir='ltr'><strong>debebat,</strong></span> <span class='ocrx_word' id='word_1_671' title='bbox 2332 4719 2465 4768; x_wconf 86' lang='lat' dir='ltr'><strong>male</strong></span> <span class='ocrx_word' id='word_1_672' title='bbox 2490 4716 2766 4768; x_wconf 74' lang='lat' dir='ltr'><strong>audituram</strong></span> <span class='ocrx_word' id='word_1_673' title='bbox 2792 4729 2916 4766; x_wconf 85' lang='lat' dir='ltr'><strong>esse.</strong></span> <span class='ocrx_word' id='word_1_674' title='bbox 2974 4714 3053 4764; x_wconf 86' lang='lat' dir='ltr'><strong>Ex</strong></span> <span class='ocrx_word' id='word_1_675' title='bbox 3085 4730 3179 4780; x_wconf 67' lang='lat' dir='ltr'><strong>qun</strong></span> <span class='ocrx_word' id='word_1_676' title='bbox 3208 4716 3369 4764; x_wconf 64' lang='lat' dir='ltr'><strong>anun..</strong></span> 
     </span>
     <span class='ocr_line' id='line_1_57' title="bbox 659 4783 3366 4854; baseline -0.001 -16"><span class='ocrx_word' id='word_1_677' title='bbox 659 4787 914 4838; x_wconf 80' lang='lat' dir='ltr'><strong>advertere</strong></span> <span class='ocrx_word' id='word_1_678' title='bbox 949 4785 1174 4842; x_wconf 78' lang='lat' dir='ltr'><strong>videbar,</strong></span> <span class='ocrx_word' id='word_1_679' title='bbox 1212 4785 1351 4848; x_wconf 85' lang='lat' dir='ltr'><strong>quasi</strong></span> <span class='ocrx_word' id='word_1_680' title='bbox 1389 4783 1450 4832; x_wconf 90' lang='lat' dir='ltr'><strong>ob</strong></span> <span class='ocrx_word' id='word_1_681' title='bbox 1487 4783 1637 4834; x_wconf 89' lang='lat' dir='ltr'><strong>alium</strong></span> <span class='ocrx_word' id='word_1_682' title='bbox 1675 4783 1891 4848; x_wconf 87' lang='lat' dir='ltr'><strong>aliquem</strong></span> <span class='ocrx_word' id='word_1_683' title='bbox 1926 4783 2077 4834; x_wconf 81' lang='lat' dir='ltr'><strong>finem</strong></span> <span class='ocrx_word' id='word_1_684' title='bbox 2112 4789 2244 4838; x_wconf 84' lang='lat' dir='ltr'><strong>istud</strong></span> <span class='ocrx_word' id='word_1_685' title='bbox 2282 4791 2327 4839; x_wconf 90' lang='lat' dir='ltr'><strong>ei</strong></span> <span class='ocrx_word' id='word_1_686' title='bbox 2361 4789 2684 4854; x_wconf 83' lang='lat' dir='ltr'><strong>persuaseris,</strong></span> <span class='ocrx_word' id='word_1_687' title='bbox 2724 4787 2880 4853; x_wconf 90' lang='lat' dir='ltr'><strong>quod,</strong></span> <span class='ocrx_word' id='word_1_688' title='bbox 2916 4787 2958 4836; x_wconf 88' lang='lat' dir='ltr'><strong>si</strong></span> <span class='ocrx_word' id='word_1_689' title='bbox 2993 4787 3214 4850; x_wconf 86' lang='lat' dir='ltr'><strong>primitus</strong></span> <span class='ocrx_word' id='word_1_690' title='bbox 3250 4785 3366 4834; x_wconf 89' lang='lat' dir='ltr'><strong>sub-</strong></span> 
     </span>
     <span class='ocr_line' id='line_1_58' title="bbox 657 4856 3365 4924; baseline -0.001 -17"><span class='ocrx_word' id='word_1_691' title='bbox 657 4859 932 4907; x_wconf 77' lang='lat' dir='ltr'><strong>olfecissem</strong></span> <span class='ocrx_word' id='word_1_692' title='bbox 949 4891 963 4915; x_wconf 94' lang='lat'><strong>,</strong></span> <span class='ocrx_word' id='word_1_693' title='bbox 1002 4871 1113 4906; x_wconf 85' lang='lat' dir='ltr'><strong>eam</strong></span> <span class='ocrx_word' id='word_1_694' title='bbox 1147 4856 1514 4918; x_wconf 86' lang='lat' dir='ltr'><strong>persuasionem</strong></span> <span class='ocrx_word' id='word_1_695' title='bbox 1551 4869 1645 4902; x_wconf 89' lang='lat' dir='ltr'><strong>non</strong></span> <span class='ocrx_word' id='word_1_696' title='bbox 1686 4857 1881 4904; x_wconf 85' lang='lat' dir='ltr'><strong>omnino</strong></span> <span class='ocrx_word' id='word_1_697' title='bbox 1922 4861 2221 4910; x_wconf 85' lang='lat' dir='ltr'><strong>exemissem.</strong></span> <span class='ocrx_word' id='word_1_698' title='bbox 2286 4860 2471 4909; x_wconf 86' lang='lat' dir='ltr'><strong>Verum</strong></span> <span class='ocrx_word' id='word_1_699' title='bbox 2507 4873 2599 4924; x_wconf 77' lang='lat' dir='ltr'><strong>ego</strong></span> <span class='ocrx_word' id='word_1_700' title='bbox 2637 4865 2911 4908; x_wconf 85' lang='lat' dir='ltr'><strong>ceterarum</strong></span> <span class='ocrx_word' id='word_1_701' title='bbox 2944 4873 3109 4908; x_wconf 85' lang='lat' dir='ltr'><strong>rerum</strong></span> <span class='ocrx_word' id='word_1_702' title='bbox 3142 4859 3365 4922; x_wconf 79' lang='lat' dir='ltr'><strong>ignarus,</strong></span> 
     </span>
     <span class='ocr_line' id='line_1_59' title="bbox 656 4925 3371 4996; baseline -0.002 -13"><span class='ocrx_word' id='word_1_703' title='bbox 656 4928 786 4994; x_wconf 84' lang='lat' dir='ltr'><strong>quod</strong></span> <span class='ocrx_word' id='word_1_704' title='bbox 821 4939 988 4977; x_wconf 77' lang='lat' dir='ltr'><strong>venun</strong></span> <span class='ocrx_word' id='word_1_705' title='bbox 1025 4935 1126 4982; x_wconf 83' lang='lat' dir='ltr'><strong>est,</strong></span> <span class='ocrx_word' id='word_1_706' title='bbox 1175 4925 1390 4990; x_wconf 77' lang='lat' dir='ltr'><strong>ingenue</strong></span> <span class='ocrx_word' id='word_1_707' title='bbox 1425 4925 1684 4976; x_wconf 80' lang='lat' dir='ltr'><strong>inculcavi.</strong></span> <span class='ocrx_word' id='word_1_708' title='bbox 1757 4927 1899 4978; x_wconf 87' lang='lat' dir='ltr'><strong>Istud</strong></span> <span class='ocrx_word' id='word_1_709' title='bbox 1936 4941 2051 4993; x_wconf 75' lang='lat' dir='ltr'><strong>ergo</strong></span> <span class='ocrx_word' id='word_1_710' title='bbox 2089 4933 2131 4980; x_wconf 86' lang='lat' dir='ltr'><strong>si</strong></span> <span class='ocrx_word' id='word_1_711' title='bbox 2168 4933 2258 4983; x_wconf 85' lang='lat' dir='ltr'><strong>tibi</strong></span> <span class='ocrx_word' id='word_1_712' title='bbox 2294 4932 2585 4982; x_wconf 75' lang='lat' dir='ltr'><strong>detrimento</strong></span> <span class='ocrx_word' id='word_1_713' title='bbox 2632 4929 2795 4996; x_wconf 78' lang='lat' dir='ltr'><strong>aliquo</strong></span> <span class='ocrx_word' id='word_1_714' title='bbox 2842 4931 2930 4992; x_wconf 85' lang='lat' dir='ltr'><strong>sit,</strong></span> <span class='ocrx_word' id='word_1_715' title='bbox 2980 4943 3082 4980; x_wconf 87' lang='lat' dir='ltr'><strong>uon</strong></span> <span class='ocrx_word' id='word_1_716' title='bbox 3118 4941 3230 4988; x_wconf 84' lang='lat' dir='ltr'><strong>me,</strong></span> <span class='ocrx_word' id='word_1_717' title='bbox 3276 4928 3371 4982; x_wconf 82' lang='lat' dir='ltr'><strong>sed</strong></span> 
     </span>
    </p>
   </div>
  </div>
 </body>
</html>
