3634 5575
459 359 598 432 304·
1301 361 1506 414 Literae
1538 361 1746 428 Keplerl
1781 361 2085 428 aliorumque
2114 367 2325 414 mutatae

459 523 764 590 anologio».
793 521 1130 588 disquirenda.
1167 521 1374 572 ulterius
1407 531 1710 587 progressus,
1747 523 1800 570 in
1836 521 1993 572 literis
2028 522 2079 572 d.
2116 522 2165 572 d.
2204 520 2289 572 25.
2310 521 2463 572 Mart.
2504 518 2874 582 1011„mioo
2908 520 3181 586 Κομπι-

457 602 630 661 rogat,
666 601 725 644 ut
759 594 1066 658 experiatur,
1115 609 1236 644 num
1273 589 1304 640 9
1340 593 1488 644 hom
1526 592 1850 657 astrologicae
1885 593 1977 643 sibi
2011 593 2169 656 possit
2203 593 2475 644 eunden-0⁸⁴
2558 592 2749 653 Quibus
2786 607 2897 643 cum
2934 592 3183 656 Kopion:

457 682 558 716 non
594 667 766 716 statim
803 664 1141 728 responderet,
1182 665 1248 714 ad
1285 664 1486 715 easdem
1522 663 1652 712 redit
1687 665 2005 727 quaestiones
2042 665 2093 713 in
2131 664 2285 714 literis
2324 664 2373 714 d.
2411 664 2461 715 d.
2505 661 2584 712 18.
2613 663 2759 727 Maji,
2799 671 2851 713 et
2884 663 3034 728 paulo
3068 669 3181 728 post

459 735 537 800 (e.
574 731 718 797 Julii)
763 735 892 786 haee
939 735 1178 800 prioribus
1224 734 1512 799 superaddit
1545 733 1851 784 Vickenius·
1911 735 2157 798 proprium
2204 734 2338 784 hunc
2389 735 2702 785 tabellarium
2739 735 3013 784 amandare
3048 733 3179 784 volui

461 805 704 874 (Pi-agam
741 803 1082 868 Guelferbyto)
1138 807 1432 856 amicissime
1481 819 1694 870 rogans,
1750 809 1810 854 ut
1845 805 1965 854 mihi
2010 812 2117 854 tam
2172 820 2390 856 novem
2434 805 2647 866 horas.
2705 819 2855 871 quam
2908 805 3179 856 tabulas

473 877 756 928 Cornelii
791 878 1117 943 Agrippae
1152 891 1240 940 pro
1273 875 1562 942 inquirendo
1598 877 1746 942 genio
1783 876 2031 940 explicare
2066 875 2205 926 velis.

597 949 922 1013 Keplerus
959 946 1238 1011 respondit:

633 1019 791 1082 Nob.
841 1027 906 1080 et
953 1017 1117 1081 Clar.
1167 1017 1303 1080 Vir.
1395 1015 1546 1079 Cum
1603 1017 1713 1079 sub
1768 1017 1944 1078 finem
1991 1017 2217 1080 mensis
2262 1019 2412 1097 Maji
2459 1017 2732 1080 Lincium
2787 1018 3171 1097 exspatiatus

461 1127 687 1182 essem,
755 1107 948 1170 literis
1015 1105 1398 1168 amanuensis
1463 1105 1604 1166 mihi
1660 1125 1730 1166 eo
1787 1104 2187 1185 significatum
2245 1117 2371 1176 est,
2442 1107 2615 1167 binas
2686 1115 2824 1169 tuas
2871 1106 3169 1186 epistolas

459 1204 707 1277 apertas
753 1215 876 1257 una
921 1213 1052 1258 cum
1101 1194 1251 1257 libro
1300 1193 1358 1255 in
1405 1212 1572 1256 meas
1620 1194 1804 1255 aedes
1852 1193 2122 1263 delatas,
2172 1214 2309 1268 eas;
2358 1195 2453 1256 die
2503 1192 2611 1257 23.
2660 1195 2824 1257 Junii
2871 1213 3171 1266 reversae,

460 1284 683 1347 inveni.
778 1284 969 1346 Paulo
1013 1291 1156 1363 post
1202 1281 1448 1344 advenit
1492 1283 1762 1354 nunciuS,
1809 1300 2163 1361 responsum
2208 1301 2405 1344 meum
2451 1283 2719 1364 exigens,
2768 1283 2863 1345 cui
2910 1283 3008 1344 hic
3057 1283 3171 1344 ad-

448 1374 680 1454 jectam
745 1372 1032 1434 schedam
1095 1371 1309 1452 scripsi
1378 1371 1595 1443 (scheda
1629 1381 1758 1430 haee
1796 1372 2001 1444 deest),
2081 1370 2224 1449 quia
2286 1373 2646 1450 respondere
2712 1390 2827 1434 non
2892 1372 3173 1434 vacabat.

459 1462 708 1524 Interim
741 1482 794 1522 -a
841 1461 937 1522 die
983 1460 1098 1523 mei
1146 1460 1376 1522 reditus
1425 1459 1623 1539 eoepit
1669 1467 1990 1538 aegrotare
2038 1477 2188 1520 uxor
2234 1479 2403 1534 mea,
2452 1478 2603 1539 quae
2653 1457 2713 1523 3.
2760 1459 2909 1521 Julii
2956 1460 3173 1521 deces-

463 1551 566 1624 sit,
613 1557 678 1610 et
724 1547 786 1612 5.
834 1549 1104 1628 ejusdem
1153 1549 1396 1628 sepulta
1443 1554 1559 1610 est.
1651 1547 1748 1610 Ex
1796 1566 1867 1608 eo
1916 1565 2176 1626 occupor
2241 1567 2385 1610 cura
2430 1548 2779 1624 liberorum,
2846 1547 3173 1627 consigna-

456 1637 620 1700 tione
665 1637 971 1712 bonorum,
1021 1644 1085 1698 et
1131 1634 1423 1700 divisione
1471 1635 1871 1698 haereditatis
1918 1634 2077 1696 inter
2122 1636 2253 1716 ejus
2300 1637 2612 1712 haeredes,
2662 1656 2826 1699 meos
2855 1655 3073 1718 pueros
3113 1643 3177 1697 et

458 1725 836 1807 privignam:
915 1727 1212 1788 intestata
1257 1725 1412 1786 enim
1469 1724 1770 1800 decessit,
1848 1723 1996 1785 nihil
2056 1723 2202 1786 mihi
2260 1725 2493 1787 relicto.
2586 1725 2722 1789 Non
2768 1725 2947 1788 valde
2993 1725 3177 1805 igitur

381 1863 388 1868 .
460 1821 793 1894 opportune
843 1813 1268 1894 superveniunt
1316 1821 1458 1874 tuae
1487 1810 1865 1875 monitoriae.
1940 1811 2348 1890 Respondebo
2378 1821 2583 1877 tamen
2614 1815 2835 1894 aliqua,
2887 1821 2953 1875 et
2985 1833 3170 1893 prae-

461 1902 704 1966 mittam
750 1903 898 1965 duas
947 1901 1330 1983 quaestiones
1377 1901 1451 1963 de
1498 1920 1749 1964 novem
1796 1901 1999 1963 horis
2048 1910 2121 1962 et
2166 1903 2407 1982 genio.

642 1989 814 2053 Scito
861 1990 1074 2071 igitur,
1132 2009 1228 2052 me
1274 1989 1666 2052 fundamenta
1709 1989 2019 2069 utriusque
2065 1989 2153 2050 rei
2200 1992 2279 2053 ad
2324 2009 2580 2070 unguem
2628 1998 2863 2066 tenere3
2938 1997 3175 2052 tantum

459 2099 603 2142 vero
651 2079 866 2154 abest,
933 2086 1004 2141 ut
1055 2099 1132 2141 ea
1177 2076 1287 2141 tibi
1334 2079 1638 2158 aperiam,
1706 2088 1772 2141 ut
1801 2097 1934 2157 ⁸per
1980 2077 2166 2140 horae
2212 2079 2476 2158 spatium
2524 2079 2669 2142 nihil
2718 2080 2879 2140 aliud
2928 2078 3173 2159 egerim,

455 2169 577 2234 nisi
626 2167 972 2248 cogitarim,
1031 2165 1243 2247 quibus
1292 2167 1403 2229 tibi
1451 2167 1651 2228 verbis
1699 2167 1931 2229 idoneis
1998 2185 2231 2228 meam
2296 2167 2526 2229 animi
2584 2167 3174 2248 indignationem

455 2255 660 2320 satis
708 2257 1102 2337 explicem,
1151 2257 1249 2336 qui
1297 2256 1592 2318 hactenus
1641 2255 2147 2317 astronomica
2193 2275 2442 2334 rogans,
2493 2265 2599 2318 aut
2646 2263 2808 2318 certe
2856 2259 3173 2321 astrolo-

464 2345 638 2426 gica
680 2339 1005 2428 ε’πιχνα,
1061 2345 1213 2425 jam
1257 2345 1490 2425 plane
1538 2345 1624 2406 ad
1674 2342 2171 2406 tenebricosa
2226 2345 2409 2416 ista,
2474 2363 2547 2405 ne
2597 2345 2736 2425 quid
2785 2343 2981 2407 dicam
3028 2365 3172 2424 gra-

453 2432 610 2505 vius,
663 2431 1014 2495 amicitia
1059 2441 1322 2496 nostra
1379 2431 1747 2494 statueris
1797 2431 2027 2494 abuti.
2120 2432 2253 2494 Hoc
2300 2431 2484 2512 igitur
2530 2433 2640 2495 tibi
2686 2451 2795 2514 pro
2843 2443 3011 2496 certo
3058 2432 3173 2495 ha-

453 2521 662 2597 beto„
704 2523 777 2585 de
826 2540 1041 2608 novem
1089 2521 1254 2584 horis
1301 2541 1376 2584 ne
1423 2540 1533 2604 gry
1582 2521 1818 2601 quidem
1867 2539 1961 2581 me
2007 2519 2264 2598 posthac
2310 2541 2424 2588 seu
2465 2522 2692 2601 scripto
2740 2542 2847 2584 seu
2892 2531 3175 2584 oretenus

457 2629 912 2691 responsurum,
959 2630 1076 2672 uon
1107 2611 1158 2672 si
1201 2619 1442 2672 centum
1470 2610 1732 2682 florenis,
1783 2627 1933 2688 quos
1961 2609 2104 2670 mihi
2135 2609 2514 2672 meditareris
2543 2611 2804 2684 mittere,
2853 2631 2947 2673 me
2975 2611 3169 2691 ipsum

457 2698 704 2762 silentio
754 2699 1090 2779 privarem,
1162 2705 1268 2762 aut
1313 2698 1364 2759 si
1416 2697 1598 2760 etiam
1646 2697 1704 2759 in
1753 2698 2096 2760 universum
2152 2698 2616 2760 renunciandum
2664 2708 2830 2761 esset
2875 2699 3175 2762 amicitiae

456 2796 726 2851 nostrae.
819 2787 980 2851 Nam
1027 2787 1123 2851 cui
1171 2789 1326 2849 bono
1373 2786 1717 2861 scriberem,
1768 2806 1901 2848 cum
1950 2785 2355 2849 certissimum
2400 2785 2713 2862 haberem,
2762 2797 2823 2850 te
2870 2809 2989 2851 non
3036 2808 3172 2850 cre-

460 2877 740 2951 diturum,
793 2876 1069 2957 quicquid
1121 2876 1195 2939 de
1243 2875 1518 2956 genuinis
1565 2883 1631 2937 et
1666 2874 1989 2955 ipsissimis
2028 2875 2116 2935 rei
2154 2874 2563 2938 fundamentis
2595 2894 2789 2939 essem
2820 2879 3171 2956 scripturus.

459 2964 697 3025 Valeas
746 2964 934 3043 igitur
979 2984 1113 3027 cnm
1159 2964 1275 3026 hac
1323 2962 1675 3043 quaestione
1738 2963 1923 3024 semel
1982 2981 2090 3042 pro
2148 2980 2386 3044 semper
2440 2964 2501 3026 in
2564 2964 2839 3028 solidum.
2933 2967 3170 3039 Altera,

458 3054 534 3115 de
581 3052 780 3133 genio,
831 3070 1004 3114 suum
1052 3052 1322 3133 sequitur
1367 3050 1658 3125 ordinem,
1704 3050 1945 3130 vidique
1999 3051 2184 3113 talem
2222 3052 2469 3131 genesin
2502 3052 2789 3117 Caesaris
2835 3055 3175 3115 confectam

451 3161 490 3202 a
533 3139 822 3203 Pistorio.
921 3138 1012 3203 At
1055 3140 1200 3203 mihi
1246 3140 1455 3201 videor
1502 3140 1730 3201 famam
1776 3138 2108 3201 astronomi
2157 3148 2220 3200 et
2264 3140 2607 3226 philosophi
2636 3140 3068 3217 imminuturus,
3118 3141 3173 3205 si

420 3238 689 3292 --tentem
736 3220 981 3291 imitari‘
1007 3231 1366 3311 exemplum.
1459 3227 1620 3289 Vale
1668 3228 1854 3308 igitur
1901 3236 1963 3289 et
2018 3247 2153 3289 cum
2198 3228 2349 3303 ista,
2411 3240 2477 3291 et
2520 3250 2615 3291 me
2662 3229 2911 3291 missum
2961 3232 3170 3294 facito.
3192 3260 3208 3276 =

401 3338 406 3342 ·
452 3318 582 3381 Res
620 3325 760 3379 tuas
790 3316 902 3379 tibi
931 3318 1193 3383 habeto:
1244 3308 1487 3380 remitto
1516 3315 1674 3378 enim
1709 3325 1775 3379 et
1805 3316 1975 3378 illam
2006 3318 2295 3392 tabulam,
2346 3326 2411 3380 et
2434 3319 2589 3381 hunc
2618 3318 2931 3400 Agrippae
2960 3320 3173 3383 librum

447 3405 793 3486 ceteroquin
841 3405 1032 3467 multa
1077 3406 1411 3469 eruditione
1460 3406 1766 3467 refertum.

719 3494 897 3557 Nunc
944 3496 1022 3557 ad
1070 3495 1224 3557 alias
1272 3493 1698 3575 quaestiones:

636 3582 704 3657 1)
751 3583 1140 3647 Protestatus
1187 3602 1316 3647 sum
1367 3586 1448 3657 (in
1482 3591 1638 3641 literis
1676 3590 1968 3656 deperditis,
2022 3590 2074 3640 d.
2112 3590 2309 3656 Pragse
2347 3590 2396 3641 d.
2444 3589 2523 3641 17.
2560 3586 2767 3659 Mart),
2817 3582 3171 3646 directio-

443 3690 604 3735 nem
650 3670 1125 3753 planetarum
1171 3680 1506 3735 ceterorum
1551 3691 1823 3753 pugnare
1872 3690 2004 3735 cum
2034 3671 2438 3733 fundamentis
2484 3674 2601 3735 mei
2648 3671 2809 3734 modi
2839 3672 3171 3753 dirigendi:

447 3759 655 3821 addidi
699 3770 946 3835 tamen,
1015 3760 1068 3821 si
1118 3760 1250 3841 quis
1297 3760 1486 3821 vellet
1539 3768 1603 3821 et
1647 3770 1886 3821 ceteros
1932 3760 2227 3839 dirigere,
2296 3763 2591 3839 quomodo
2638 3769 2762 3823 tum
2810 3769 2979 3823 esset
3021 3778 3169 3840 pro-

350 3910 355 3915 .
445 3848 795 3911 cedendum.
870 3848 1044 3909 Hunc
1081 3856 1148 3911 tu
1194 3865 1544 3928 processum
1589 3848 1927 3910 rectissime
1964 3848 2311 3928 percepisti,
2360 3850 2470 3911 sed
2514 3848 2841 3924 inutiliter3
2900 3849 3167 3929 abundes

447 3945 650 3999 tamen
699 3944 802 3999 tuo
851 3956 1031 3999 sensu
1077 3954 1257 4017 super
1302 3956 1432 4001 usu.

628 4021 698 4099 2)
749 4024 849 4087 M
833 4026 984 4087 ulle
1000 4045 1027 4087 r
1040 4044 1118 4087 us
1165 4026 1302 4099 (tum
1337 4034 1572 4099 temporis
1605 4032 1989 4083 mathematicus
2026 4032 2255 4083 electoris
2278 4034 2725 4102 Braudenburgici.
2760 4036 2897 4101 prins
2920 4034 3169 4099 Tyehonis

443 4112 774 4168 domesticus,
813 4126 944 4163 anno
987 4110 1123 4163 ¹608
1157 4116 1210 4165 in
1247 4114 1448 4171 schola,
1487 4127 1636 4179 quam
1679 4112 1867 4163 elector
1900 4114 1953 4163 in
2011 4112 2191 4170 ..Valle
2226 4113 2538 4165 JoachImica
2570 4116 2733 4165 nova⁴⁸
2782 4116 3019 4177 condidit,
3056 4130 3165 4180 pro-

443 4185 680 4235 fusorem
701 4184 1110 4237 mathematicum
1133 4186 1254 4251 egit,
1277 4186 1571 4250 simulque„
1577 4183 1836 4233 architecti
1864 4190 1916 4233 et
1938 4184 2119 4233 tribuni
2148 4186 2326 4235 aerarii
2350 4187 2584 4236 munere“
2610 4188 2947 4253 fungebatur
2933 4204 2987 4237 m
3012 4186 3165 4237 confi·

444 4265 628 4315 dende
660 4264 798 4314 tona
831 4262 898 4315 ad
934 4264 1281 4315 connectenda
1303 4265 1510 4315 flamna
1530 4262 1766 4319 flavilem
1791 4270 1845 4313 et
1870 4260 2109 4325 oderam)
2149 4257 2434 4319 memoria
2464 4258 2669 4337 lapsus
2699 4267 2824 4333 est3
2864 4278 3167 4339 nunquam

442 4364 588 4409 usus
617 4364 752 4407 sum
781 4344 956 4407 desili
989 4340 1193 4419 (36⁶),
1225 4363 1333 4408 nec
1361 4346 1808 4426 semiquadra'to
1840 4342 1954 4419 (45
1968 4340 2039 4419 ⁰),
2092 4345 2199 4405 sed
2228 4346 2529 4426 biquintili
2553 4344 2713 4420 (147
2726 4342 2779 4421 ⁰)
2830 4356 2893 4409 et
2922 4348 3163 4427 sesqui-

444 4437 738 4515 quadrato
767 4453 876 4496 seu
905 4434 1234 4514 sesquadro
1267 4432 1424 4509 (135
1438 4430 1488 4509 ⁰)
1537 4442 1679 4497 tunc
1726 4454 1871 4495 usus
1918 4453 2093 4511 sum„
2119 4454 2249 4496 cum
2298 4434 2607 4498 nobiscum
2649 4445 2817 4500 esset
2844 4437 3161 4499 Miillerus.

441 4523 584 4587 Jam
620 4542 763 4585 vero
791 4522 1003 4585 omitto
1033 4523 1426 4603 sesquadrum
1456 4523 1532 4586 ob
1563 4542 1780 4585 causas
1811 4530 2163 4603 sequentes:
2214 4522 2604 4603 Experientia
2641 4533 2923 4603 testatur,
2972 4526 3159 4588 semi-

443 4620 620 4673 sexto
641 4609 758 4685 (30
769 4607 821 4686 ο)
843 4629 1126 4692 magnam
1151 4611 1274 4673 vim
1303 4612 1522 4687 inesse,
1555 4618 1770 4674 contra
1798 4612 2127 4692 sesquadro
2158 4630 2270 4674 non
2298 4611 2649 4675 notabilem.
2698 4612 2993 4676 Rationes
3014 4632 3158 4674 vero

445 4700 830 4762 harmonicae
879 4700 1084 4762 locant
1129 4700 1392 4763 secundo
1450 4701 1582 4762 loco
1627 4708 1770 4780 post
1815 4700 2129 4763 evidentes
2179 4700 2425 4761 decilem
2476 4696 2658 4775 (36⁰)
2715 4712 2778 4764 et
2825 4702 3157 4765 tridecilem

445 4784 694 4863 (108⁰),
743 4788 818 4851 de
866 4788 1081 4871 quibus
1128 4788 1500 4870 experientia
1542 4788 1722 4869 plane
1771 4789 1916 4851 nihil
1945 4790 2239 4851 hactenus
2270 4788 2601 4851 constituit.
2678 4792 2883 4854 Tertio
2924 4792 3157 4854 demum

445 4876 578 4941 loco
623 4886 763 4939 sunt
819 4878 1238 4959 semiquadrus
1293 4873 1476 4954 (45⁰)
1543 4886 1610 4939 et
1672 4878 2037 4957 sesquadrus
2112 4872 2271 4952 (135
2286 4871 2364 4949 ⁰).
2457 4878 2609 4940 Puto
2678 4880 2859 4961 igitur
2920 4880 3155 4961 operari
