<?xml version="1.0" encoding="UTF-8"?>
<!DOCTYPE html PUBLIC "-//W3C//DTD XHTML 1.0 Transitional//EN"
    "http://www.w3.org/TR/xhtml1/DTD/xhtml1-transitional.dtd">
<html xmlns="http://www.w3.org/1999/xhtml" xml:lang="en" lang="en">
 <head>
  <title>
</title>
<meta http-equiv="Content-Type" content="text/html;charset=utf-8" />
  <meta name='ocr-system' content='tesseract 3.04.00' />
  <meta name='ocr-capabilities' content='ocr_page ocr_carea ocr_par ocr_line ocrx_word'/>
</head>
<body>
  <div class='ocr_page' id='page_1' title='image "./joanniskepleria30frisgoog_0190.png"; bbox 0 0 3634 5575; ppageno 0'>
   <div class='ocr_carea' id='block_1_1' title="bbox 1545 383 3071 455">
    <p class='ocr_par' dir='ltr' id='par_1_1' title="bbox 1545 383 3071 455">
     <span class='ocr_line' id='line_1_1' title="bbox 1545 383 3071 455; baseline 0.012 -18"><span class='ocrx_word' id='word_1_1' title='bbox 1545 383 1710 450; x_wconf 67' lang='lat' dir='ltr'><strong>caput</strong></span> <span class='ocrx_word' id='word_1_2' title='bbox 1743 385 1877 441; x_wconf 76' lang='lat' dir='ltr'><strong>xlx.</strong></span> <span class='ocrx_word' id='word_1_3' title='bbox 2946 386 3071 455; x_wconf 69' lang='lat'><strong>471</strong></span> 
     </span>
    </p>
   </div>
   <div class='ocr_carea' id='block_1_2' title="bbox 343 535 3136 4789">
    <p class='ocr_par' dir='ltr' id='par_1_2' title="bbox 348 535 3136 2041">
     <span class='ocr_line' id='line_1_2' title="bbox 353 535 3079 624; baseline 0.002 -21"><span class='ocrx_word' id='word_1_4' title='bbox 353 535 692 605; x_wconf 77' lang='lat' dir='ltr'><strong>existimem</strong></span> <span class='ocrx_word' id='word_1_5' title='bbox 735 549 830 617; x_wconf 90' lang='lat' dir='ltr'><strong>te,</strong></span> <span class='ocrx_word' id='word_1_6' title='bbox 877 542 1070 606; x_wconf 83' lang='lat' dir='ltr'><strong>lector</strong></span> <span class='ocrx_word' id='word_1_7' title='bbox 1125 560 1346 622; x_wconf 82' lang='lat' dir='ltr'><strong>aeque,</strong></span> <span class='ocrx_word' id='word_1_8' title='bbox 1411 542 1468 606; x_wconf 81' lang='lat' dir='ltr'><strong>si</strong></span> <span class='ocrx_word' id='word_1_9' title='bbox 1513 542 1760 624; x_wconf 88' lang='lat' dir='ltr'><strong>aliquid·</strong></span> <span class='ocrx_word' id='word_1_10' title='bbox 1783 544 2041 624; x_wconf 82' lang='lat' dir='ltr'><strong>amplius</strong></span> <span class='ocrx_word' id='word_1_11' title='bbox 2088 545 2277 607; x_wconf 82' lang='lat' dir='ltr'><strong>etiam</strong></span> <span class='ocrx_word' id='word_1_12' title='bbox 2322 545 2595 620; x_wconf 81' lang='lat' dir='ltr'><strong>deesset,</strong></span> <span class='ocrx_word' id='word_1_13' title='bbox 2654 554 3079 608; x_wconf 78' lang='lat' dir='ltr'><strong>concoctarum</strong></span> 
     </span>
     <span class='ocr_line' id='line_1_3' title="bbox 353 631 3136 715; baseline 0.003 -28"><span class='ocrx_word' id='word_1_14' title='bbox 353 633 534 706; x_wconf 88' lang='lat' dir='ltr'><strong>atque</strong></span> <span class='ocrx_word' id='word_1_15' title='bbox 591 637 1036 694; x_wconf 83' lang='lat' dir='ltr'><strong>excusaturum.</strong></span> <span class='ocrx_word' id='word_1_16' title='bbox 1127 631 1340 709; x_wconf 81' lang='lat' dir='ltr'>Neque</span> <span class='ocrx_word' id='word_1_17' title='bbox 1405 631 1548 694; x_wconf 91' lang='lat' dir='ltr'><strong>mihi</strong></span> <span class='ocrx_word' id='word_1_18' title='bbox 1595 632 1780 712; x_wconf 87' lang='lat' dir='ltr'><strong>digna</strong></span> <span class='ocrx_word' id='word_1_19' title='bbox 1827 633 2067 697; x_wconf 88' lang='lat' dir='ltr'><strong>videtur</strong></span> <span class='ocrx_word' id='word_1_20' title='bbox 2130 635 2259 715; x_wconf 74' lang='lat' dir='ltr'><strong>ejus</strong></span> <span class='ocrx_word' id='word_1_21' title='bbox 2316 641 2517 696; x_wconf 88' lang='lat' dir='ltr'><strong>motus</strong></span> <span class='ocrx_word' id='word_1_22' title='bbox 2576 633 2935 708; x_wconf 77' lang='lat' dir='ltr'><strong>diversitas,</strong></span> <span class='ocrx_word' id='word_1_23' title='bbox 3002 634 3078 695; x_wconf 80' lang='lat' dir='ltr'><strong>do</strong></span> <span class='ocrx_word' id='word_1_24' title='bbox 3121 687 3136 696; x_wconf 80' lang='grc'><strong>.</strong></span> 
     </span>
     <span class='ocr_line' id='line_1_4' title="bbox 353 718 3075 803; baseline 0.001 -25"><span class='ocrx_word' id='word_1_25' title='bbox 353 733 469 794; x_wconf 86' lang='lat' dir='ltr'><strong>qua</strong></span> <span class='ocrx_word' id='word_1_26' title='bbox 527 735 812 796; x_wconf 82' lang='lat' dir='ltr'><strong>magnam</strong></span> <span class='ocrx_word' id='word_1_27' title='bbox 875 720 1048 782; x_wconf 89' lang='lat' dir='ltr'><strong>litem</strong></span> <span class='ocrx_word' id='word_1_28' title='bbox 1111 718 1476 794; x_wconf 57' lang='lat' dir='ltr'><strong>moveamb).</strong></span> <span class='ocrx_word' id='word_1_29' title='bbox 1589 719 1883 792; x_wconf 85' lang='lat' dir='ltr'><strong>Quamvis</strong></span> <span class='ocrx_word' id='word_1_30' title='bbox 1956 723 2173 785; x_wconf 87' lang='lat' dir='ltr'><strong>melius</strong></span> <span class='ocrx_word' id='word_1_31' title='bbox 2245 741 2311 784; x_wconf 88' lang='lat' dir='ltr'><strong>se</strong></span> <span class='ocrx_word' id='word_1_32' title='bbox 2376 723 2539 802; x_wconf 89' lang='lat' dir='ltr'><strong>gerit</strong></span> <span class='ocrx_word' id='word_1_33' title='bbox 2604 741 2783 803; x_wconf 86' lang='lat' dir='ltr'><strong>quam</strong></span> <span class='ocrx_word' id='word_1_34' title='bbox 2837 719 3075 784; x_wconf 84' lang='lat' dir='ltr'><strong>Venus:</strong></span> 
     </span>
     <span class='ocr_line' id='line_1_5' title="bbox 354 803 3076 892; baseline 0.003 -26"><span class='ocrx_word' id='word_1_35' title='bbox 354 803 500 866; x_wconf 74' lang='lat' dir='ltr'><strong>facit</strong></span> <span class='ocrx_word' id='word_1_36' title='bbox 557 805 714 869; x_wconf 90' lang='lat' dir='ltr'><strong>enim</strong></span> <span class='ocrx_word' id='word_1_37' title='bbox 773 808 944 870; x_wconf 87' lang='lat' dir='ltr'><strong>unius</strong></span> <span class='ocrx_word' id='word_1_38' title='bbox 990 815 1228 888; x_wconf 80' lang='lat' dir='ltr'><strong>tantum</strong></span> <span class='ocrx_word' id='word_1_39' title='bbox 1285 805 1512 888; x_wconf 81' lang='lat' dir='ltr'><strong>gradus</strong></span> <span class='ocrx_word' id='word_1_40' title='bbox 1559 809 1991 886; x_wconf 84' lang='lat' dir='ltr'><strong>differentiam,</strong></span> <span class='ocrx_word' id='word_1_41' title='bbox 2054 812 2211 892; x_wconf 84' lang='lat' dir='ltr'><strong>quod</strong></span> <span class='ocrx_word' id='word_1_42' title='bbox 2268 812 2483 874; x_wconf 87' lang='lat' dir='ltr'><strong>mirum</strong></span> <span class='ocrx_word' id='word_1_43' title='bbox 2541 819 2669 874; x_wconf 83' lang='lat' dir='ltr'><strong>est:</strong></span> <span class='ocrx_word' id='word_1_44' title='bbox 2719 810 2873 872; x_wconf 84' lang='lat' dir='ltr'><strong>adeo</strong></span> <span class='ocrx_word' id='word_1_45' title='bbox 2920 829 3076 874; x_wconf 86' lang='lat' dir='ltr'><strong>uun·-</strong></span> 
     </span>
     <span class='ocr_line' id='line_1_6' title="bbox 352 894 3078 1002; baseline 0.002 -48"><span class='ocrx_word' id='word_1_46' title='bbox 352 910 528 994; x_wconf 78' lang='lat' dir='ltr'><strong>quam</strong></span> <span class='ocrx_word' id='word_1_47' title='bbox 571 912 690 956; x_wconf 87' lang='lat' dir='ltr'><strong>nou</strong></span> <span class='ocrx_word' id='word_1_48' title='bbox 741 894 946 960; x_wconf 76' lang='lat' dir='ltr'><strong>fallaci</strong></span> <span class='ocrx_word' id='word_1_49' title='bbox 991 903 1090 960; x_wconf 86' lang='lat' dir='ltr'><strong>est</strong></span> <span class='ocrx_word' id='word_1_50' title='bbox 1133 895 1390 977; x_wconf 88' lang='lat' dir='ltr'><strong>ingenio.</strong></span> <span class='ocrx_word' id='word_1_51' title='bbox 1483 896 1668 962; x_wconf 84' lang='lat' dir='ltr'><strong>Certe</strong></span> <span class='ocrx_word' id='word_1_52' title='bbox 1706 918 1857 961; x_wconf 88' lang='lat' dir='ltr'><strong>unus</strong></span> <span class='ocrx_word' id='word_1_53' title='bbox 1906 899 2001 962; x_wconf 90' lang='lat' dir='ltr'><strong>hic</strong></span> <span class='ocrx_word' id='word_1_54' title='bbox 2048 907 2162 977; x_wconf 86' lang='lat' dir='ltr'><strong>est,</strong></span> <span class='ocrx_word' id='word_1_55' title='bbox 2214 901 2311 981; x_wconf 92' lang='lat' dir='ltr'><strong>qui</strong></span> <span class='ocrx_word' id='word_1_56' title='bbox 2360 899 2805 1002; x_wconf 78' lang='lat' dir='ltr'><strong>astrologorum</strong></span> <span class='ocrx_word' id='word_1_57' title='bbox 2855 899 3078 962; x_wconf 82' lang='lat' dir='ltr'><strong>famam</strong></span> 
     </span>
     <span class='ocr_line' id='line_1_7' title="bbox 352 981 3077 1064; baseline 0.001 -20"><span class='ocrx_word' id='word_1_58' title='bbox 352 981 611 1044; x_wconf 77' lang='lat' dir='ltr'><strong>maxime</strong></span> <span class='ocrx_word' id='word_1_59' title='bbox 673 984 990 1064; x_wconf 88' lang='lat' dir='ltr'><strong>prostituit</strong></span> <span class='ocrx_word' id='word_1_60' title='bbox 1051 992 1116 1046; x_wconf 85' lang='lat' dir='ltr'><strong>et</strong></span> <span class='ocrx_word' id='word_1_61' title='bbox 1183 994 1580 1048; x_wconf 87' lang='lat' dir='ltr'><strong>meteororum</strong></span> <span class='ocrx_word' id='word_1_62' title='bbox 1645 987 1939 1050; x_wconf 86' lang='lat' dir='ltr'><strong>rationem</strong></span> <span class='ocrx_word' id='word_1_63' title='bbox 2002 1007 2237 1052; x_wconf 84' lang='lat' dir='ltr'><strong>omnem</strong></span> <span class='ocrx_word' id='word_1_64' title='bbox 2303 988 2529 1050; x_wconf 83' lang='lat' dir='ltr'><strong>turbat.</strong></span> <span class='ocrx_word' id='word_1_65' title='bbox 2622 987 2707 1048; x_wconf 86' lang='lat' dir='ltr'><strong>Et</strong></span> <span class='ocrx_word' id='word_1_66' title='bbox 2758 987 2815 1051; x_wconf 88' lang='lat' dir='ltr'><strong>in</strong></span> <span class='ocrx_word' id='word_1_67' title='bbox 2876 987 3077 1048; x_wconf 88' lang='lat' dir='ltr'><strong>ventis</strong></span> 
     </span>
     <span class='ocr_line' id='line_1_8' title="bbox 352 1069 3075 1158; baseline 0.002 -28"><span class='ocrx_word' id='word_1_68' title='bbox 352 1069 587 1149; x_wconf 81' lang='lat' dir='ltr'><strong>quidem</strong></span> <span class='ocrx_word' id='word_1_69' title='bbox 631 1071 1053 1151; x_wconf 78' lang='lat' dir='ltr'><strong>praedicendis</strong></span> <span class='ocrx_word' id='word_1_70' title='bbox 1103 1075 1282 1153; x_wconf 86' lang='lat' dir='ltr'><strong>(quos</strong></span> <span class='ocrx_word' id='word_1_71' title='bbox 1331 1075 1668 1138; x_wconf 89' lang='lat' dir='ltr'><strong>certissime</strong></span> <span class='ocrx_word' id='word_1_72' title='bbox 1717 1076 2013 1152; x_wconf 87' lang='lat' dir='ltr'><strong>concitat,</strong></span> <span class='ocrx_word' id='word_1_73' title='bbox 2074 1079 2549 1158; x_wconf 74' lang='lat' dir='ltr'><strong>quotiescunque</strong></span> <span class='ocrx_word' id='word_1_74' title='bbox 2598 1076 2743 1140; x_wconf 87' lang='lat' dir='ltr'><strong>locis</strong></span> <span class='ocrx_word' id='word_1_75' title='bbox 2794 1083 2890 1138; x_wconf 87' lang='lat' dir='ltr'><strong>est</strong></span> <span class='ocrx_word' id='word_1_76' title='bbox 2937 1076 3075 1137; x_wconf 90' lang='lat' dir='ltr'><strong>ido-</strong></span> 
     </span>
     <span class='ocr_line' id='line_1_9' title="bbox 353 1157 3075 1247; baseline 0.003 -27"><span class='ocrx_word' id='word_1_77' title='bbox 353 1157 514 1232; x_wconf 86' lang='lat' dir='ltr'><strong>neis)</strong></span> <span class='ocrx_word' id='word_1_78' title='bbox 561 1179 746 1243; x_wconf 85' lang='lat' dir='ltr'><strong>saepe</strong></span> <span class='ocrx_word' id='word_1_79' title='bbox 805 1164 958 1224; x_wconf 87' lang='lat' dir='ltr'><strong>adeo</strong></span> <span class='ocrx_word' id='word_1_80' title='bbox 1005 1163 1310 1226; x_wconf 81' lang='lat' dir='ltr'><strong>constanti</strong></span> <span class='ocrx_word' id='word_1_81' title='bbox 1369 1183 1614 1226; x_wconf 86' lang='lat' dir='ltr'><strong>numero</strong></span> <span class='ocrx_word' id='word_1_82' title='bbox 1662 1165 1895 1228; x_wconf 89' lang='lat' dir='ltr'><strong>dierum</strong></span> <span class='ocrx_word' id='word_1_83' title='bbox 1943 1165 2213 1242; x_wconf 88' lang='lat' dir='ltr'><strong>aberrat,</strong></span> <span class='ocrx_word' id='word_1_84' title='bbox 2286 1175 2351 1228; x_wconf 89' lang='lat' dir='ltr'><strong>ut</strong></span> <span class='ocrx_word' id='word_1_85' title='bbox 2412 1185 2623 1247; x_wconf 88' lang='lat' dir='ltr'><strong>parum</strong></span> <span class='ocrx_word' id='word_1_86' title='bbox 2671 1164 2861 1239; x_wconf 88' lang='lat' dir='ltr'><strong>absit,</strong></span> <span class='ocrx_word' id='word_1_87' title='bbox 2934 1165 3075 1244; x_wconf 82' lang='lat' dir='ltr'><strong>quin</strong></span> 
     </span>
     <span class='ocr_line' id='line_1_10' title="bbox 355 1247 3073 1336; baseline 0.002 -28"><span class='ocrx_word' id='word_1_88' title='bbox 355 1255 479 1310; x_wconf 86' lang='lat' dir='ltr'><strong>tum</strong></span> <span class='ocrx_word' id='word_1_89' title='bbox 526 1247 656 1328; x_wconf 88' lang='lat' dir='ltr'><strong>ejus</strong></span> <span class='ocrx_word' id='word_1_90' title='bbox 703 1249 762 1310; x_wconf 90' lang='lat' dir='ltr'><strong>in</strong></span> <span class='ocrx_word' id='word_1_91' title='bbox 809 1250 1190 1331; x_wconf 81' lang='lat' dir='ltr'>ephemeride</span> <span class='ocrx_word' id='word_1_92' title='bbox 1235 1251 1454 1316; x_wconf 83' lang='lat' dir='ltr'><strong>vitiose</strong></span> <span class='ocrx_word' id='word_1_93' title='bbox 1484 1252 1784 1331; x_wconf 89' lang='lat' dir='ltr'><strong>proditum</strong></span> <span class='ocrx_word' id='word_1_94' title='bbox 1815 1253 2100 1318; x_wconf 86' lang='lat' dir='ltr'><strong>circulum</strong></span> <span class='ocrx_word' id='word_1_95' title='bbox 2142 1255 2441 1336; x_wconf 78' lang='lat' dir='ltr'><strong>corrigere</strong></span> <span class='ocrx_word' id='word_1_96' title='bbox 2489 1254 2716 1335; x_wconf 83' lang='lat' dir='ltr'><strong>possim</strong></span> <span class='ocrx_word' id='word_1_97' title='bbox 2733 1255 2819 1326; x_wconf 79' lang='lat'><strong>⁶):</strong></span> <span class='ocrx_word' id='word_1_98' title='bbox 2870 1253 3073 1332; x_wconf 85' lang='lat' dir='ltr'><strong>itaque</strong></span> 
     </span>
     <span class='ocr_line' id='line_1_11' title="bbox 352 1334 3069 1422; baseline 0.001 -24"><span class='ocrx_word' id='word_1_99' title='bbox 352 1334 404 1398; x_wconf 87' lang='lat' dir='ltr'><strong>si</strong></span> <span class='ocrx_word' id='word_1_100' title='bbox 449 1355 622 1415; x_wconf 88' lang='lat' dir='ltr'><strong>quem</strong></span> <span class='ocrx_word' id='word_1_101' title='bbox 669 1345 1078 1402; x_wconf 76' lang='lat' dir='ltr'><strong>astronomum</strong></span> <span class='ocrx_word' id='word_1_102' title='bbox 1123 1357 1434 1404; x_wconf 85' lang='lat' dir='ltr'><strong>cernerem</strong></span> <span class='ocrx_word' id='word_1_103' title='bbox 1481 1341 1724 1404; x_wconf 87' lang='lat' dir='ltr'><strong>nimium</strong></span> <span class='ocrx_word' id='word_1_104' title='bbox 1767 1342 2027 1420; x_wconf 79' lang='lat' dir='ltr'><strong>sollicite</strong></span> <span class='ocrx_word' id='word_1_105' title='bbox 2078 1343 2365 1406; x_wconf 89' lang='lat' dir='ltr'><strong>rimandis</strong></span> <span class='ocrx_word' id='word_1_106' title='bbox 2410 1344 2695 1422; x_wconf 87' lang='lat' dir='ltr'><strong>planetae</strong></span> <span class='ocrx_word' id='word_1_107' title='bbox 2742 1341 2919 1420; x_wconf 83' lang='lat' dir='ltr'><strong>hujus</strong></span> <span class='ocrx_word' id='word_1_108' title='bbox 2968 1360 3069 1402; x_wconf 75' lang='lat' dir='ltr'><strong>er-</strong></span> 
     </span>
     <span class='ocr_line' id='line_1_12' title="bbox 348 1423 3071 1512; baseline 0.001 -26"><span class='ocrx_word' id='word_1_109' title='bbox 348 1423 581 1488; x_wconf 86' lang='lat' dir='ltr'><strong>roribus</strong></span> <span class='ocrx_word' id='word_1_110' title='bbox 623 1426 994 1501; x_wconf 85' lang='lat' dir='ltr'><strong>incumbere,</strong></span> <span class='ocrx_word' id='word_1_111' title='bbox 1055 1428 1222 1491; x_wconf 89' lang='lat' dir='ltr'><strong>illum</strong></span> <span class='ocrx_word' id='word_1_112' title='bbox 1271 1449 1382 1509; x_wconf 88' lang='lat' dir='ltr'><strong>ego</strong></span> <span class='ocrx_word' id='word_1_113' title='bbox 1433 1449 1764 1504; x_wconf 88' lang='lat' dir='ltr'><strong>monerem,</strong></span> <span class='ocrx_word' id='word_1_114' title='bbox 1832 1439 1898 1493; x_wconf 89' lang='lat' dir='ltr'><strong>ut</strong></span> <span class='ocrx_word' id='word_1_115' title='bbox 1944 1438 2178 1512; x_wconf 89' lang='lat' dir='ltr'><strong>tempus</strong></span> <span class='ocrx_word' id='word_1_116' title='bbox 2240 1432 2385 1494; x_wconf 89' lang='lat' dir='ltr'><strong>illud</strong></span> <span class='ocrx_word' id='word_1_117' title='bbox 2446 1431 2671 1494; x_wconf 86' lang='lat' dir='ltr'><strong>rectius</strong></span> <span class='ocrx_word' id='word_1_118' title='bbox 2720 1431 3071 1504; x_wconf 80' lang='lat' dir='ltr'><strong>collocaret,</strong></span> 
     </span>
     <span class='ocr_line' id='line_1_13' title="bbox 349 1513 3075 1598; baseline 0.003 -25"><span class='ocrx_word' id='word_1_119' title='bbox 349 1521 412 1574; x_wconf 88' lang='lat' dir='ltr'><strong>et</strong></span> <span class='ocrx_word' id='word_1_120' title='bbox 458 1513 756 1578; x_wconf 87' lang='lat' dir='ltr'><strong>Tellurem</strong></span> <span class='ocrx_word' id='word_1_121' title='bbox 803 1525 984 1597; x_wconf 87' lang='lat' dir='ltr'><strong>atque</strong></span> <span class='ocrx_word' id='word_1_122' title='bbox 1033 1517 1186 1579; x_wconf 89' lang='lat' dir='ltr'><strong>hanc</strong></span> <span class='ocrx_word' id='word_1_123' title='bbox 1233 1517 1594 1580; x_wconf 79' lang='lat' dir='ltr'><strong>ambientem</strong></span> <span class='ocrx_word' id='word_1_124' title='bbox 1637 1519 1892 1594; x_wconf 89' lang='lat' dir='ltr'><strong>Lunam,</strong></span> <span class='ocrx_word' id='word_1_125' title='bbox 1942 1517 2327 1598; x_wconf 67' lang='lat' dir='ltr'><strong>n&#39;roepysgatov</strong></span> <span class='ocrx_word' id='word_1_126' title='bbox 2364 1520 2552 1593; x_wconf 78' lang='lat' dir='ltr'><strong>siduS‚</strong></span> <span class='ocrx_word' id='word_1_127' title='bbox 2605 1537 2857 1598; x_wconf 86' lang='lat' dir='ltr'><strong>quarum</strong></span> <span class='ocrx_word' id='word_1_128' title='bbox 2907 1517 3075 1580; x_wconf 89' lang='lat' dir='ltr'><strong>illam</strong></span> 
     </span>
     <span class='ocr_line' id='line_1_14' title="bbox 349 1601 3076 1688; baseline 0.001 -24"><span class='ocrx_word' id='word_1_129' title='bbox 349 1601 630 1682; x_wconf 85' lang='lat' dir='ltr'><strong>pedibus,</strong></span> <span class='ocrx_word' id='word_1_130' title='bbox 682 1603 838 1666; x_wconf 86' lang='lat' dir='ltr'><strong>hanc</strong></span> <span class='ocrx_word' id='word_1_131' title='bbox 884 1604 1072 1666; x_wconf 89' lang='lat' dir='ltr'><strong>oculis</strong></span> <span class='ocrx_word' id='word_1_132' title='bbox 1117 1606 1384 1686; x_wconf 84' lang='lat' dir='ltr'><strong>proxime</strong></span> <span class='ocrx_word' id='word_1_133' title='bbox 1433 1607 1812 1687; x_wconf 84' lang='lat' dir='ltr'><strong>attingimus,</strong></span> <span class='ocrx_word' id='word_1_134' title='bbox 1862 1609 2042 1681; x_wconf 88' lang='lat' dir='ltr'><strong>haec,</strong></span> <span class='ocrx_word' id='word_1_135' title='bbox 2092 1609 2362 1688; x_wconf 85' lang='lat' dir='ltr'><strong>inquam,</strong></span> <span class='ocrx_word' id='word_1_136' title='bbox 2428 1607 2633 1672; x_wconf 85' lang='lat' dir='ltr'><strong>sidera</strong></span> <span class='ocrx_word' id='word_1_137' title='bbox 2676 1605 2881 1686; x_wconf 89' lang='lat' dir='ltr'><strong>potius</strong></span> <span class='ocrx_word' id='word_1_138' title='bbox 2930 1625 3076 1683; x_wconf 85' lang='lat' dir='ltr'><strong>spe-</strong></span> 
     </span>
     <span class='ocr_line' id='line_1_15' title="bbox 350 1691 3073 1778; baseline 0.001 -26"><span class='ocrx_word' id='word_1_139' title='bbox 350 1691 600 1766; x_wconf 88' lang='lat' dir='ltr'><strong>culetur,</strong></span> <span class='ocrx_word' id='word_1_140' title='bbox 650 1710 920 1774; x_wconf 84' lang='lat' dir='ltr'><strong>quaeque</strong></span> <span class='ocrx_word' id='word_1_141' title='bbox 968 1693 1280 1772; x_wconf 57' lang='lat' dir='ltr'><strong>in‚eorum</strong></span> <span class='ocrx_word' id='word_1_142' title='bbox 1324 1695 1588 1758; x_wconf 89' lang='lat' dir='ltr'><strong>motibus</strong></span> <span class='ocrx_word' id='word_1_143' title='bbox 1632 1697 1810 1776; x_wconf 89' lang='lat' dir='ltr'><strong>inque</strong></span> <span class='ocrx_word' id='word_1_144' title='bbox 1864 1696 2189 1776; x_wconf 82' lang='lat' dir='ltr'><strong>eclipsibus</strong></span> <span class='ocrx_word' id='word_1_145' title='bbox 2237 1698 2429 1758; x_wconf 87' lang='lat' dir='ltr'><strong>adhuc</strong></span> <span class='ocrx_word' id='word_1_146' title='bbox 2474 1713 2812 1778; x_wconf 82' lang='lat' dir='ltr'><strong>peccamus,</strong></span> <span class='ocrx_word' id='word_1_147' title='bbox 2866 1693 3073 1756; x_wconf 84' lang='lat' dir='ltr'><strong>limet:</strong></span> 
     </span>
     <span class='ocr_line' id='line_1_16' title="bbox 351 1780 3079 1863; baseline 0.001 -23"><span class='ocrx_word' id='word_1_148' title='bbox 351 1786 478 1841; x_wconf 90' lang='lat' dir='ltr'><strong>tum</strong></span> <span class='ocrx_word' id='word_1_149' title='bbox 523 1780 762 1842; x_wconf 87' lang='lat' dir='ltr'><strong>demum</strong></span> <span class='ocrx_word' id='word_1_150' title='bbox 799 1799 1045 1863; x_wconf 84' lang='lat' dir='ltr'><strong>operam</strong></span> <span class='ocrx_word' id='word_1_151' title='bbox 1091 1783 1169 1846; x_wconf 87' lang='lat' dir='ltr'><strong>ad</strong></span> <span class='ocrx_word' id='word_1_152' title='bbox 1205 1784 1566 1846; x_wconf 82' lang='lat' dir='ltr'><strong>Mercurium</strong></span> <span class='ocrx_word' id='word_1_153' title='bbox 1621 1786 1971 1848; x_wconf 86' lang='lat' dir='ltr'><strong>transferat.</strong></span> <span class='ocrx_word' id='word_1_154' title='bbox 2070 1786 2311 1847; x_wconf 86' lang='lat' dir='ltr'><strong>Interea</strong></span> <span class='ocrx_word' id='word_1_155' title='bbox 2370 1785 2425 1846; x_wconf 90' lang='lat' dir='ltr'><strong>si</strong></span> <span class='ocrx_word' id='word_1_156' title='bbox 2473 1783 2653 1846; x_wconf 86' lang='lat' dir='ltr'><strong>venia</strong></span> <span class='ocrx_word' id='word_1_157' title='bbox 2708 1781 2872 1860; x_wconf 85' lang='lat' dir='ltr'><strong>digni</strong></span> <span class='ocrx_word' id='word_1_158' title='bbox 2934 1790 3079 1844; x_wconf 84' lang='lat' dir='ltr'><strong>sunt</strong></span> 
     </span>
     <span class='ocr_line' id='line_1_17' title="bbox 351 1868 3069 1954; baseline -0 -24"><span class='ocrx_word' id='word_1_159' title='bbox 351 1885 586 1930; x_wconf 89' lang='lat' dir='ltr'><strong>errores</strong></span> <span class='ocrx_word' id='word_1_160' title='bbox 629 1868 794 1932; x_wconf 86' lang='lat' dir='ltr'><strong>circa</strong></span> <span class='ocrx_word' id='word_1_161' title='bbox 837 1870 1096 1934; x_wconf 83' lang='lat' dir='ltr'><strong>Telluris</strong></span> <span class='ocrx_word' id='word_1_162' title='bbox 1134 1879 1197 1932; x_wconf 89' lang='lat' dir='ltr'><strong>et</strong></span> <span class='ocrx_word' id='word_1_163' title='bbox 1243 1872 1452 1934; x_wconf 88' lang='lat' dir='ltr'><strong>Lunae</strong></span> <span class='ocrx_word' id='word_1_164' title='bbox 1500 1880 1724 1948; x_wconf 89' lang='lat' dir='ltr'><strong>motus,</strong></span> <span class='ocrx_word' id='word_1_165' title='bbox 1791 1873 1979 1936; x_wconf 90' lang='lat' dir='ltr'><strong>multo</strong></span> <span class='ocrx_word' id='word_1_166' title='bbox 2036 1875 2231 1954; x_wconf 84' lang='lat' dir='ltr'><strong>magis</strong></span> <span class='ocrx_word' id='word_1_167' title='bbox 2299 1874 2361 1936; x_wconf 91' lang='lat' dir='ltr'><strong>id</strong></span> <span class='ocrx_word' id='word_1_168' title='bbox 2404 1872 2785 1935; x_wconf 78' lang='lat' dir='ltr'><strong>merebuntur</strong></span> <span class='ocrx_word' id='word_1_169' title='bbox 2833 1889 3069 1932; x_wconf 86' lang='lat' dir='ltr'><strong>errores</strong></span> 
     </span>
     <span class='ocr_line' id='line_1_18' title="bbox 351 1957 2981 2041; baseline 0.001 -24"><span class='ocrx_word' id='word_1_170' title='bbox 351 1957 408 2018; x_wconf 91' lang='lat' dir='ltr'><strong>in</strong></span> <span class='ocrx_word' id='word_1_171' title='bbox 456 1957 778 2034; x_wconf 82' lang='lat' dir='ltr'><strong>Mercurio,</strong></span> <span class='ocrx_word' id='word_1_172' title='bbox 828 1958 930 2038; x_wconf 90' lang='lat' dir='ltr'><strong>qui</strong></span> <span class='ocrx_word' id='word_1_173' title='bbox 975 1967 1040 2021; x_wconf 89' lang='lat' dir='ltr'><strong>et</strong></span> <span class='ocrx_word' id='word_1_174' title='bbox 1085 1961 1374 2022; x_wconf 85' lang='lat' dir='ltr'><strong>remotior</strong></span> <span class='ocrx_word' id='word_1_175' title='bbox 1419 1981 1458 2022; x_wconf 86' lang='lat' dir='ltr'><strong>a</strong></span> <span class='ocrx_word' id='word_1_176' title='bbox 1503 1961 1674 2024; x_wconf 88' lang='lat' dir='ltr'><strong>nobis</strong></span> <span class='ocrx_word' id='word_1_177' title='bbox 1723 1969 1839 2038; x_wconf 89' lang='lat' dir='ltr'><strong>est,</strong></span> <span class='ocrx_word' id='word_1_178' title='bbox 1890 1971 1954 2024; x_wconf 88' lang='lat' dir='ltr'><strong>et</strong></span> <span class='ocrx_word' id='word_1_179' title='bbox 2000 1964 2125 2025; x_wconf 83' lang='lat' dir='ltr'><strong>fere</strong></span> <span class='ocrx_word' id='word_1_180' title='bbox 2172 1981 2407 2041; x_wconf 85' lang='lat' dir='ltr'><strong>semper</strong></span> <span class='ocrx_word' id='word_1_181' title='bbox 2452 1961 2563 2022; x_wconf 91' lang='lat' dir='ltr'><strong>sub</strong></span> <span class='ocrx_word' id='word_1_182' title='bbox 2610 1959 2755 2021; x_wconf 89' lang='lat' dir='ltr'><strong>Sole</strong></span> <span class='ocrx_word' id='word_1_183' title='bbox 2808 1961 2981 2026; x_wconf 83' lang='lat' dir='ltr'><strong>latet.</strong></span> 
     </span>
    </p>

    <p class='ocr_par' dir='ltr' id='par_1_3' title="bbox 353 2045 3073 2387">
     <span class='ocr_line' id='line_1_19' title="bbox 528 2045 3073 2130; baseline -0 -23"><span class='ocrx_word' id='word_1_184' title='bbox 528 2045 734 2126; x_wconf 89' lang='lat' dir='ltr'><strong>Atque</strong></span> <span class='ocrx_word' id='word_1_185' title='bbox 801 2047 898 2109; x_wconf 90' lang='lat' dir='ltr'><strong>hic</strong></span> <span class='ocrx_word' id='word_1_186' title='bbox 957 2067 1192 2110; x_wconf 86' lang='lat' dir='ltr'><strong>rursum</strong></span> <span class='ocrx_word' id='word_1_187' title='bbox 1251 2057 1320 2110; x_wconf 90' lang='lat' dir='ltr'><strong>ut</strong></span> <span class='ocrx_word' id='word_1_188' title='bbox 1385 2049 1586 2129; x_wconf 86' lang='lat' dir='ltr'><strong>priore</strong></span> <span class='ocrx_word' id='word_1_189' title='bbox 1647 2051 1846 2129; x_wconf 88' lang='lat' dir='ltr'><strong>capite</strong></span> <span class='ocrx_word' id='word_1_190' title='bbox 1924 2051 2224 2114; x_wconf 87' lang='lat' dir='ltr'><strong>coronidis</strong></span> <span class='ocrx_word' id='word_1_191' title='bbox 2302 2050 2432 2112; x_wconf 90' lang='lat' dir='ltr'><strong>loco</strong></span> <span class='ocrx_word' id='word_1_192' title='bbox 2481 2048 2775 2129; x_wconf 88' lang='lat' dir='ltr'><strong>epistolae</strong></span> <span class='ocrx_word' id='word_1_193' title='bbox 2836 2056 3073 2130; x_wconf 86' lang='lat' dir='ltr'><strong>partem</strong></span> 
     </span>
     <span class='ocr_line' id='line_1_20' title="bbox 353 2134 3075 2220; baseline 0.001 -24"><span class='ocrx_word' id='word_1_194' title='bbox 353 2134 684 2210; x_wconf 83' lang='lat' dir='ltr'><strong>ascribam,</strong></span> <span class='ocrx_word' id='word_1_195' title='bbox 755 2153 934 2215; x_wconf 88' lang='lat' dir='ltr'><strong>quam</strong></span> <span class='ocrx_word' id='word_1_196' title='bbox 980 2138 1348 2200; x_wconf 82' lang='lat' dir='ltr'><strong>Maestlinus</strong></span> <span class='ocrx_word' id='word_1_197' title='bbox 1393 2139 1472 2202; x_wconf 88' lang='lat' dir='ltr'><strong>ad</strong></span> <span class='ocrx_word' id='word_1_198' title='bbox 1519 2159 1614 2202; x_wconf 91' lang='lat' dir='ltr'><strong>me</strong></span> <span class='ocrx_word' id='word_1_199' title='bbox 1661 2139 1859 2203; x_wconf 84' lang='lat' dir='ltr'><strong>misit.</strong></span> <span class='ocrx_word' id='word_1_200' title='bbox 1927 2140 2101 2220; x_wconf 89' lang='lat' dir='ltr'><strong>idque</strong></span> <span class='ocrx_word' id='word_1_201' title='bbox 2160 2139 2391 2202; x_wconf 88' lang='lat' dir='ltr'><strong>duabus</strong></span> <span class='ocrx_word' id='word_1_202' title='bbox 2439 2139 2513 2200; x_wconf 91' lang='lat' dir='ltr'><strong>de</strong></span> <span class='ocrx_word' id='word_1_203' title='bbox 2561 2137 2792 2212; x_wconf 87' lang='lat' dir='ltr'><strong>causis,</strong></span> <span class='ocrx_word' id='word_1_204' title='bbox 2860 2135 3075 2215; x_wconf 86' lang='lat' dir='ltr'><strong>prima,</strong></span> 
     </span>
     <span class='ocr_line' id='line_1_21' title="bbox 351 2223 3075 2387; baseline 0 -104.001"><span class='ocrx_word' id='word_1_205' title='bbox 351 2223 519 2374; x_wconf 74' lang='lat' dir='ltr'><strong>Suia</strong></span> <span class='ocrx_word' id='word_1_206' title='bbox 537 2223 612 2284; x_wconf 87' lang='lat' dir='ltr'><strong>de</strong></span> <span class='ocrx_word' id='word_1_207' title='bbox 629 2225 1110 2387; x_wconf 47' lang='grc' dir='ltr'>ιξῆιιοοοεεαιία</span> <span class='ocrx_word' id='word_1_208' title='bbox 1155 2234 1218 2287; x_wconf 90' lang='lat' dir='ltr'><strong>te</strong></span> <span class='ocrx_word' id='word_1_209' title='bbox 1265 2234 1500 2296; x_wconf 89' lang='lat' dir='ltr'><strong>monet,</strong></span> <span class='ocrx_word' id='word_1_210' title='bbox 1567 2229 1796 2301; x_wconf 86' lang='lat' dir='ltr'><strong>altera,</strong></span> <span class='ocrx_word' id='word_1_211' title='bbox 1860 2229 2000 2309; x_wconf 88' lang='lat' dir='ltr'><strong>quia</strong></span> <span class='ocrx_word' id='word_1_212' title='bbox 2046 2235 2228 2307; x_wconf 83' lang='lat' dir='ltr'><strong>caput</strong></span> <span class='ocrx_word' id='word_1_213' title='bbox 2290 2228 2401 2289; x_wconf 89' lang='lat' dir='ltr'><strong>hoc</strong></span> <span class='ocrx_word' id='word_1_214' title='bbox 2456 2227 2686 2308; x_wconf 89' lang='lat' dir='ltr'><strong>passim</strong></span> <span class='ocrx_word' id='word_1_215' title='bbox 2742 2223 3075 2287; x_wconf 81' lang='lat' dir='ltr'><strong>confirmat.</strong></span> 
     </span>
    </p>

    <p class='ocr_par' dir='ltr' id='par_1_4' title="bbox 403 2311 646 2373">
     <span class='ocr_line' id='line_1_22' title="bbox 403 2311 646 2373; baseline 0.01 -2"><span class='ocrx_word' id='word_1_216' title='bbox 403 2329 456 2373; x_wconf 74' lang='lat' dir='ltr'><strong>nc</strong></span> <span class='ocrx_word' id='word_1_217' title='bbox 503 2311 646 2373; x_wconf 83' lang='lat' dir='ltr'><strong>ille:</strong></span> 
     </span>
    </p>

    <p class='ocr_par' dir='ltr' id='par_1_5' title="bbox 343 2400 3081 4789">
     <span class='ocr_line' id='line_1_23' title="bbox 538 2400 3077 2484; baseline -0 -22.984"><span class='ocrx_word' id='word_1_218' title='bbox 538 2400 730 2476; x_wconf 78' lang='lat' dir='ltr'><strong>„Tam</strong></span> <span class='ocrx_word' id='word_1_219' title='bbox 775 2400 1069 2463; x_wconf 89' lang='lat' dir='ltr'><strong>mirabilis</strong></span> <span class='ocrx_word' id='word_1_220' title='bbox 1117 2411 1212 2463; x_wconf 90' lang='lat' dir='ltr'><strong>est</strong></span> <span class='ocrx_word' id='word_1_221' title='bbox 1238 2401 1590 2476; x_wconf 88' lang='lat' dir='ltr'><strong>Mercurius,</strong></span> <span class='ocrx_word' id='word_1_222' title='bbox 1639 2411 1707 2464; x_wconf 91' lang='lat' dir='ltr'><strong>ut</strong></span> <span class='ocrx_word' id='word_1_223' title='bbox 1751 2421 1959 2484; x_wconf 87' lang='lat' dir='ltr'><strong>parum</strong></span> <span class='ocrx_word' id='word_1_224' title='bbox 2009 2403 2287 2476; x_wconf 83' lang='lat' dir='ltr'><strong>abfuerit,</strong></span> <span class='ocrx_word' id='word_1_225' title='bbox 2338 2401 2475 2483; x_wconf 87' lang='lat' dir='ltr'><strong>quin</strong></span> <span class='ocrx_word' id='word_1_226' title='bbox 2525 2402 2707 2463; x_wconf 87' lang='lat' dir='ltr'><strong>etiam</strong></span> <span class='ocrx_word' id='word_1_227' title='bbox 2754 2419 2847 2462; x_wconf 90' lang='lat' dir='ltr'><strong>me</strong></span> <span class='ocrx_word' id='word_1_228' title='bbox 2897 2400 3077 2461; x_wconf 83' lang='lat' dir='ltr'><strong>fefel-</strong></span> 
     </span>
     <span class='ocr_line' id='line_1_24' title="bbox 353 2487 3077 2571; baseline -0 -21"><span class='ocrx_word' id='word_1_229' title='bbox 353 2487 552 2552; x_wconf 86' lang='lat' dir='ltr'><strong>lisset.</strong></span> <span class='ocrx_word' id='word_1_230' title='bbox 644 2489 776 2552; x_wconf 89' lang='lat' dir='ltr'><strong>Nec</strong></span> <span class='ocrx_word' id='word_1_231' title='bbox 830 2489 1080 2563; x_wconf 89' lang='lat' dir='ltr'><strong>mirum,</strong></span> <span class='ocrx_word' id='word_1_232' title='bbox 1147 2491 1304 2571; x_wconf 77' lang='lat' dir='ltr'><strong>quia,</strong></span> <span class='ocrx_word' id='word_1_233' title='bbox 1345 2492 1525 2553; x_wconf 86' lang='lat' dir='ltr'><strong>etiam</strong></span> <span class='ocrx_word' id='word_1_234' title='bbox 1575 2487 1908 2570; x_wconf 87' lang='lat' dir='ltr'><strong>Copernico</strong></span> <span class='ocrx_word' id='word_1_235' title='bbox 1968 2499 2029 2553; x_wconf 90' lang='lat' dir='ltr'><strong>et</strong></span> <span class='ocrx_word' id='word_1_236' title='bbox 2073 2491 2455 2553; x_wconf 88' lang='lat' dir='ltr'><strong>Rheinholdo</strong></span> <span class='ocrx_word' id='word_1_237' title='bbox 2514 2491 2836 2552; x_wconf 87' lang='lat' dir='ltr'><strong>admodum</strong></span> <span class='ocrx_word' id='word_1_238' title='bbox 2883 2489 3077 2550; x_wconf 89' lang='lat' dir='ltr'><strong>mole-</strong></span> 
     </span>
     <span class='ocr_line' id='line_1_25' title="bbox 355 2577 3081 2660; baseline -0 -22"><span class='ocrx_word' id='word_1_239' title='bbox 355 2585 514 2638; x_wconf 88' lang='lat' dir='ltr'><strong>stum</strong></span> <span class='ocrx_word' id='word_1_240' title='bbox 545 2577 732 2640; x_wconf 83' lang='lat' dir='ltr'><strong>fuisse</strong></span> <span class='ocrx_word' id='word_1_241' title='bbox 763 2579 1199 2644; x_wconf 76' lang='lat' dir='ltr'><strong>animadverto.</strong></span> <span class='ocrx_word' id='word_1_242' title='bbox 1297 2578 1666 2659; x_wconf 88' lang='lat' dir='ltr'><strong>Copernicus</strong></span> <span class='ocrx_word' id='word_1_243' title='bbox 1701 2581 1814 2648; x_wconf 86' lang='lat' dir='ltr'><strong>hoc</strong></span> <span class='ocrx_word' id='word_1_244' title='bbox 1855 2581 1929 2641; x_wconf 89' lang='lat' dir='ltr'><strong>de</strong></span> <span class='ocrx_word' id='word_1_245' title='bbox 1960 2600 2027 2642; x_wconf 91' lang='lat' dir='ltr'><strong>se</strong></span> <span class='ocrx_word' id='word_1_246' title='bbox 2063 2580 2195 2660; x_wconf 91' lang='lat' dir='ltr'><strong>ipso</strong></span> <span class='ocrx_word' id='word_1_247' title='bbox 2236 2580 2480 2654; x_wconf 85' lang='lat' dir='ltr'><strong>fatetur,</strong></span> <span class='ocrx_word' id='word_1_248' title='bbox 2533 2577 2822 2656; x_wconf 69' lang='lat' dir='ltr'><strong>„multis</strong></span> <span class='ocrx_word' id='word_1_249' title='bbox 2856 2577 3081 2658; x_wconf 89' lang='lat' dir='ltr'><strong>(inquit</strong></span> 
     </span>
     <span class='ocr_line' id='line_1_26' title="bbox 353 2663 3073 2747; baseline -0 -20"><span class='ocrx_word' id='word_1_250' title='bbox 353 2665 456 2728; x_wconf 88' lang='lat' dir='ltr'><strong>lib.</strong></span> <span class='ocrx_word' id='word_1_251' title='bbox 510 2667 590 2728; x_wconf 88' lang='lat' dir='ltr'><strong>V.</strong></span> <span class='ocrx_word' id='word_1_252' title='bbox 643 2686 775 2747; x_wconf 87' lang='lat' dir='ltr'><strong>cap.</strong></span> <span class='ocrx_word' id='word_1_253' title='bbox 817 2663 958 2742; x_wconf 88' lang='lat'>30.)</span> <span class='ocrx_word' id='word_1_254' title='bbox 1005 2667 1360 2746; x_wconf 83' lang='lat' dir='ltr'><strong>ambagibus</strong></span> <span class='ocrx_word' id='word_1_255' title='bbox 1409 2677 1471 2732; x_wconf 89' lang='lat' dir='ltr'><strong>et</strong></span> <span class='ocrx_word' id='word_1_256' title='bbox 1517 2668 1825 2730; x_wconf 85' lang='lat' dir='ltr'><strong>laboribus</strong></span> <span class='ocrx_word' id='word_1_257' title='bbox 1874 2688 1982 2730; x_wconf 90' lang='lat' dir='ltr'><strong>uos</strong></span> <span class='ocrx_word' id='word_1_258' title='bbox 2029 2669 2212 2732; x_wconf 88' lang='lat' dir='ltr'><strong>torsit</strong></span> <span class='ocrx_word' id='word_1_259' title='bbox 2256 2669 2369 2730; x_wconf 90' lang='lat' dir='ltr'><strong>hoc</strong></span> <span class='ocrx_word' id='word_1_260' title='bbox 2418 2667 2606 2744; x_wconf 76' lang='lat' dir='ltr'><strong>siduS,</strong></span> <span class='ocrx_word' id='word_1_261' title='bbox 2657 2673 2727 2728; x_wconf 91' lang='lat' dir='ltr'><strong>ut</strong></span> <span class='ocrx_word' id='word_1_262' title='bbox 2762 2668 2893 2746; x_wconf 76' lang='lat' dir='ltr'><strong>eJus</strong></span> <span class='ocrx_word' id='word_1_263' title='bbox 2940 2682 3073 2728; x_wconf 89' lang='lat' dir='ltr'><strong>mo·-</strong></span> 
     </span>
     <span class='ocr_line' id='line_1_27' title="bbox 351 2754 3077 2839; baseline 0 -22"><span class='ocrx_word' id='word_1_264' title='bbox 351 2762 450 2817; x_wconf 88' lang='lat' dir='ltr'><strong>tus</strong></span> <span class='ocrx_word' id='word_1_265' title='bbox 486 2755 1016 2827; x_wconf 34' lang='lat' dir='ltr'><strong>,scrutaremur.““</strong></span> <span class='ocrx_word' id='word_1_266' title='bbox 1110 2756 1289 2821; x_wconf 85' lang='lat' dir='ltr'><strong>Unde</strong></span> <span class='ocrx_word' id='word_1_267' title='bbox 1336 2765 1761 2839; x_wconf 83' lang='lat' dir='ltr'><strong>praeterquam</strong></span> <span class='ocrx_word' id='word_1_268' title='bbox 1791 2758 1947 2839; x_wconf 89' lang='lat' dir='ltr'><strong>quod</strong></span> <span class='ocrx_word' id='word_1_269' title='bbox 1978 2759 2181 2821; x_wconf 89' lang='lat' dir='ltr'><strong>nullas</strong></span> <span class='ocrx_word' id='word_1_270' title='bbox 2226 2777 2369 2821; x_wconf 86' lang='lat' dir='ltr'><strong>suas</strong></span> <span class='ocrx_word' id='word_1_271' title='bbox 2408 2755 2687 2838; x_wconf 90' lang='lat' dir='ltr'><strong>proprias</strong></span> <span class='ocrx_word' id='word_1_272' title='bbox 2716 2754 2939 2818; x_wconf 85' lang='lat' dir='ltr'><strong>recitat</strong></span> <span class='ocrx_word' id='word_1_273' title='bbox 2966 2754 3077 2817; x_wconf 88' lang='lat' dir='ltr'><strong>ob-</strong></span> 
     </span>
     <span class='ocr_line' id='line_1_28' title="bbox 349 2845 3075 2925; baseline -0 -20"><span class='ocrx_word' id='word_1_274' title='bbox 349 2845 726 2907; x_wconf 87' lang='lat' dir='ltr'><strong>servationes</strong></span> <span class='ocrx_word' id='word_1_275' title='bbox 771 2846 830 2907; x_wconf 89' lang='lat' dir='ltr'><strong>in</strong></span> <span class='ocrx_word' id='word_1_276' title='bbox 881 2850 924 2923; x_wconf 65' lang='lat'><strong>32</strong></span> <span class='ocrx_word' id='word_1_277' title='bbox 969 2846 1244 2919; x_wconf 86' lang='lat' dir='ltr'><strong>habitas,</strong></span> <span class='ocrx_word' id='word_1_278' title='bbox 1309 2848 1418 2909; x_wconf 86' lang='lat' dir='ltr'><strong>sed</strong></span> <span class='ocrx_word' id='word_1_279' title='bbox 1475 2869 1514 2909; x_wconf 86' lang='lat' dir='ltr'><strong>a</strong></span> <span class='ocrx_word' id='word_1_280' title='bbox 1557 2848 1913 2910; x_wconf 87' lang='lat' dir='ltr'><strong>Bernhardo</strong></span> <span class='ocrx_word' id='word_1_281' title='bbox 1961 2846 2239 2909; x_wconf 88' lang='lat' dir='ltr'><strong>Waltero</strong></span> <span class='ocrx_word' id='word_1_282' title='bbox 2286 2847 2682 2925; x_wconf 69' lang='lat' dir='ltr'><strong>Noribergico</strong></span> <span class='ocrx_word' id='word_1_283' title='bbox 2740 2850 3075 2907; x_wconf 87' lang='lat' dir='ltr'><strong>mutuatur:</strong></span> 
     </span>
     <span class='ocr_line' id='line_1_29' title="bbox 349 2927 3077 3015; baseline 0 -22"><span class='ocrx_word' id='word_1_284' title='bbox 349 2931 534 2994; x_wconf 86' lang='lat' dir='ltr'><strong>etiam</strong></span> <span class='ocrx_word' id='word_1_285' title='bbox 561 2933 624 2993; x_wconf 90' lang='lat' dir='ltr'><strong>in</strong></span> <span class='ocrx_word' id='word_1_286' title='bbox 663 2935 922 3013; x_wconf 85' lang='lat' dir='ltr'><strong>apogaei</strong></span> <span class='ocrx_word' id='word_1_287' title='bbox 957 2934 1152 3013; x_wconf 86' lang='lat' dir='ltr'><strong>ipsius</strong></span> <span class='ocrx_word' id='word_1_288' title='bbox 1181 2935 1314 3000; x_wconf 88' lang='lat' dir='ltr'><strong>loco</strong></span> <span class='ocrx_word' id='word_1_289' title='bbox 1343 2937 1672 2999; x_wconf 88' lang='lat' dir='ltr'><strong>statuendo</strong></span> <span class='ocrx_word' id='word_1_290' title='bbox 1719 2936 1835 2997; x_wconf 89' lang='lat' dir='ltr'><strong>sibi</strong></span> <span class='ocrx_word' id='word_1_291' title='bbox 1883 2955 1997 2997; x_wconf 90' lang='lat' dir='ltr'><strong>nou</strong></span> <span class='ocrx_word' id='word_1_292' title='bbox 2028 2943 2291 2997; x_wconf 86' lang='lat' dir='ltr'><strong>constat.</strong></span> <span class='ocrx_word' id='word_1_293' title='bbox 2359 2936 2519 2997; x_wconf 89' lang='lat' dir='ltr'><strong>Nam</strong></span> <span class='ocrx_word' id='word_1_294' title='bbox 2546 2952 2721 3015; x_wconf 90' lang='lat' dir='ltr'><strong>quem</strong></span> <span class='ocrx_word' id='word_1_295' title='bbox 2744 2936 2913 3011; x_wconf 84' lang='lat' dir='ltr'><strong>(cap.</strong></span> <span class='ocrx_word' id='word_1_296' title='bbox 2936 2927 3077 3005; x_wconf 86' lang='lat'>26.)</span> 
     </span>
     <span class='ocr_line' id='line_1_30' title="bbox 349 3020 3077 3103; baseline 0 -22"><span class='ocrx_word' id='word_1_297' title='bbox 349 3020 410 3082; x_wconf 88' lang='lat' dir='ltr'><strong>iu</strong></span> <span class='ocrx_word' id='word_1_298' title='bbox 456 3021 668 3100; x_wconf 88' lang='lat' dir='ltr'><strong>primis</strong></span> <span class='ocrx_word' id='word_1_299' title='bbox 713 3022 1008 3085; x_wconf 83' lang='lat' dir='ltr'><strong>Antonini</strong></span> <span class='ocrx_word' id='word_1_300' title='bbox 1057 3024 1250 3096; x_wconf 88' lang='lat' dir='ltr'><strong>annis,</strong></span> <span class='ocrx_word' id='word_1_301' title='bbox 1301 3023 1464 3086; x_wconf 83' lang='lat' dir='ltr'><strong>circa</strong></span> <span class='ocrx_word' id='word_1_302' title='bbox 1511 3042 1728 3087; x_wconf 86' lang='lat' dir='ltr'><strong>annum</strong></span> <span class='ocrx_word' id='word_1_303' title='bbox 1775 3022 2005 3087; x_wconf 87' lang='lat' dir='ltr'><strong>Christi</strong></span> <span class='ocrx_word' id='word_1_304' title='bbox 2061 3021 2205 3087; x_wconf 86' lang='grc'><strong>140.</strong></span> <span class='ocrx_word' id='word_1_305' title='bbox 2248 3024 2431 3103; x_wconf 83' lang='lat' dir='ltr'><strong>juxta</strong></span> <span class='ocrx_word' id='word_1_306' title='bbox 2476 3022 2813 3085; x_wconf 86' lang='lat' dir='ltr'><strong>Ptolemaei</strong></span> <span class='ocrx_word' id='word_1_307' title='bbox 2860 3020 3077 3082; x_wconf 81' lang='lat' dir='ltr'><strong>obser·-</strong></span> 
     </span>
     <span class='ocr_line' id='line_1_31' title="bbox 349 3106 3079 3189; baseline -0 -19"><span class='ocrx_word' id='word_1_308' title='bbox 349 3110 626 3171; x_wconf 76' lang='lat' dir='ltr'><strong>vationes</strong></span> <span class='ocrx_word' id='word_1_309' title='bbox 705 3111 936 3173; x_wconf 88' lang='lat' dir='ltr'><strong>invenit</strong></span> <span class='ocrx_word' id='word_1_310' title='bbox 1001 3111 1058 3172; x_wconf 90' lang='lat' dir='ltr'><strong>in</strong></span> <span class='ocrx_word' id='word_1_311' title='bbox 1143 3106 1264 3173; x_wconf 89' lang='grc'><strong>100</strong></span> <span class='ocrx_word' id='word_1_312' title='bbox 1325 3124 1420 3179; x_wconf 47' lang='lat' dir='ltr'>Q</span> <span class='ocrx_word' id='word_1_313' title='bbox 1501 3120 1562 3175; x_wconf 89' lang='lat' dir='ltr'><strong>et</strong></span> <span class='ocrx_word' id='word_1_314' title='bbox 1619 3111 1730 3174; x_wconf 88' lang='lat' dir='ltr'><strong>sub</strong></span> <span class='ocrx_word' id='word_1_315' title='bbox 1785 3113 2035 3174; x_wconf 88' lang='lat' dir='ltr'><strong>stellato</strong></span> <span class='ocrx_word' id='word_1_316' title='bbox 2090 3113 2233 3174; x_wconf 86' lang='lat' dir='ltr'><strong>orbe</strong></span> <span class='ocrx_word' id='word_1_317' title='bbox 2292 3113 2347 3172; x_wconf 89' lang='lat' dir='ltr'><strong>in</strong></span> <span class='ocrx_word' id='word_1_318' title='bbox 2399 3107 2569 3175; x_wconf 80' lang='grc'>1830</span> <span class='ocrx_word' id='word_1_319' title='bbox 2612 3108 2720 3173; x_wconf 79' lang='lat'><strong>20⁴</strong></span> <span class='ocrx_word' id='word_1_320' title='bbox 2788 3130 2824 3169; x_wconf 89' lang='lat' dir='ltr'><strong>a</strong></span> <span class='ocrx_word' id='word_1_321' title='bbox 2882 3108 3079 3189; x_wconf 82' lang='lat' dir='ltr'><strong>prima</strong></span> 
     </span>
     <span class='ocr_line' id='line_1_32' title="bbox 349 3196 3079 3283; baseline 0 -24"><span class='ocrx_word' id='word_1_322' title='bbox 349 3199 536 3261; x_wconf 89' lang='lat' dir='ltr'><strong>stella</strong></span> <span class='ocrx_word' id='word_1_323' title='bbox 579 3198 680 3274; x_wconf 71' lang='grc' dir='ltr'><strong>Υ·</strong></span> <span class='ocrx_word' id='word_1_324' title='bbox 747 3200 998 3262; x_wconf 90' lang='lat' dir='ltr'><strong>eundem</strong></span> <span class='ocrx_word' id='word_1_325' title='bbox 1061 3196 1226 3263; x_wconf 86' lang='grc'>1830</span> <span class='ocrx_word' id='word_1_326' title='bbox 1283 3198 1394 3263; x_wconf 83' lang='grc'><strong>20’</strong></span> <span class='ocrx_word' id='word_1_327' title='bbox 1441 3202 1602 3283; x_wconf 87' lang='lat' dir='ltr'><strong>(cap.</strong></span> <span class='ocrx_word' id='word_1_328' title='bbox 1661 3199 1798 3274; x_wconf 83' lang='lat'>29.)</span> <span class='ocrx_word' id='word_1_329' title='bbox 1860 3202 2095 3281; x_wconf 87' lang='lat' dir='ltr'><strong>reponit</strong></span> <span class='ocrx_word' id='word_1_330' title='bbox 2154 3201 2229 3262; x_wconf 88' lang='lat' dir='ltr'><strong>ad</strong></span> <span class='ocrx_word' id='word_1_331' title='bbox 2296 3198 2401 3262; x_wconf 80' lang='grc'><strong>21.</strong></span> <span class='ocrx_word' id='word_1_332' title='bbox 2463 3218 2683 3261; x_wconf 88' lang='lat' dir='ltr'><strong>annum</strong></span> <span class='ocrx_word' id='word_1_333' title='bbox 2741 3196 3079 3261; x_wconf 84' lang='lat' dir='ltr'><strong>Ptolemaei</strong></span> 
     </span>
     <span class='ocr_line' id='line_1_33' title="bbox 349 3286 3073 3369; baseline -0.001 -20"><span class='ocrx_word' id='word_1_334' title='bbox 349 3286 752 3367; x_wconf 89' lang='lat' dir='ltr'><strong>Philadelphi,</strong></span> <span class='ocrx_word' id='word_1_335' title='bbox 803 3288 1048 3368; x_wconf 88' lang='lat' dir='ltr'><strong>perinde</strong></span> <span class='ocrx_word' id='word_1_336' title='bbox 1097 3308 1168 3350; x_wconf 89' lang='lat' dir='ltr'><strong>ac</strong></span> <span class='ocrx_word' id='word_1_337' title='bbox 1217 3290 1268 3351; x_wconf 89' lang='lat' dir='ltr'><strong>si</strong></span> <span class='ocrx_word' id='word_1_338' title='bbox 1317 3290 1428 3353; x_wconf 91' lang='lat' dir='ltr'><strong>hoc</strong></span> <span class='ocrx_word' id='word_1_339' title='bbox 1477 3294 1520 3369; x_wconf 66' lang='grc' dir='ltr'><strong>ζξ</strong></span> <span class='ocrx_word' id='word_1_340' title='bbox 1566 3308 1901 3369; x_wconf 85' lang='lat' dir='ltr'><strong>apogaeum</strong></span> <span class='ocrx_word' id='word_1_341' title='bbox 1948 3289 2108 3351; x_wconf 89' lang='lat' dir='ltr'><strong>intra</strong></span> <span class='ocrx_word' id='word_1_342' title='bbox 2154 3286 2285 3352; x_wconf 84' lang='grc'><strong>400</strong></span> <span class='ocrx_word' id='word_1_343' title='bbox 2316 3308 2503 3351; x_wconf 89' lang='lat' dir='ltr'><strong>anuos</strong></span> <span class='ocrx_word' id='word_1_344' title='bbox 2543 3286 2931 3351; x_wconf 89' lang='lat' dir='ltr'><strong>intermedios</strong></span> <span class='ocrx_word' id='word_1_345' title='bbox 2963 3286 3073 3347; x_wconf 87' lang='lat' dir='ltr'><strong>sub</strong></span> 
     </span>
     <span class='ocr_line' id='line_1_34' title="bbox 351 3370 3075 3461; baseline -0.001 -24"><span class='ocrx_word' id='word_1_346' title='bbox 351 3377 613 3456; x_wconf 85' lang='lat' dir='ltr'><strong>sphaera</strong></span> <span class='ocrx_word' id='word_1_347' title='bbox 673 3377 923 3441; x_wconf 86' lang='lat' dir='ltr'><strong>fixarum</strong></span> <span class='ocrx_word' id='word_1_348' title='bbox 986 3376 1300 3440; x_wconf 87' lang='lat' dir='ltr'><strong>stellarum</strong></span> <span class='ocrx_word' id='word_1_349' title='bbox 1365 3378 1672 3442; x_wconf 89' lang='lat' dir='ltr'><strong>immotum</strong></span> <span class='ocrx_word' id='word_1_350' title='bbox 1723 3378 2083 3461; x_wconf 83' lang='lat' dir='ltr'><strong>quievisset3</strong></span> <span class='ocrx_word' id='word_1_351' title='bbox 2150 3397 2281 3440; x_wconf 89' lang='lat' dir='ltr'><strong>cum</strong></span> <span class='ocrx_word' id='word_1_352' title='bbox 2349 3388 2554 3438; x_wconf 88' lang='lat' dir='ltr'><strong>tamen</strong></span> <span class='ocrx_word' id='word_1_353' title='bbox 2620 3378 2783 3457; x_wconf 87' lang='lat' dir='ltr'><strong>(cap.</strong></span> <span class='ocrx_word' id='word_1_354' title='bbox 2843 3370 2949 3437; x_wconf 90' lang='grc'><strong>30.</strong></span> <span class='ocrx_word' id='word_1_355' title='bbox 3014 3374 3075 3435; x_wconf 89' lang='lat' dir='ltr'><strong>in</strong></span> 
     </span>
     <span class='ocr_line' id='line_1_35' title="bbox 350 3460 3073 3548; baseline -0.001 -21"><span class='ocrx_word' id='word_1_356' title='bbox 350 3464 494 3540; x_wconf 83' lang='lat' dir='ltr'><strong>flue)</strong></span> <span class='ocrx_word' id='word_1_357' title='bbox 545 3460 628 3527; x_wconf 88' lang='grc'><strong>63</strong></span> <span class='ocrx_word' id='word_1_358' title='bbox 677 3466 851 3529; x_wconf 88' lang='lat' dir='ltr'><strong>annis</strong></span> <span class='ocrx_word' id='word_1_359' title='bbox 896 3485 1005 3548; x_wconf 88' lang='lat' dir='ltr'><strong>per</strong></span> <span class='ocrx_word' id='word_1_360' title='bbox 1052 3484 1232 3529; x_wconf 89' lang='lat' dir='ltr'><strong>uuum</strong></span> <span class='ocrx_word' id='word_1_361' title='bbox 1277 3468 1530 3548; x_wconf 86' lang='lat' dir='ltr'><strong>gradum</strong></span> <span class='ocrx_word' id='word_1_362' title='bbox 1575 3476 1804 3530; x_wconf 90' lang='lat' dir='ltr'><strong>motum</strong></span> <span class='ocrx_word' id='word_1_363' title='bbox 1852 3466 2036 3529; x_wconf 85' lang='lat' dir='ltr'><strong>fuisse</strong></span> <span class='ocrx_word' id='word_1_364' title='bbox 2088 3468 2201 3546; x_wconf 89' lang='lat' dir='ltr'><strong>ipsi</strong></span> <span class='ocrx_word' id='word_1_365' title='bbox 2247 3467 2555 3539; x_wconf 86' lang='lat' dir='ltr'><strong>videatur;</strong></span> <span class='ocrx_word' id='word_1_366' title='bbox 2614 3465 2789 3528; x_wconf 87' lang='lat' dir='ltr'><strong>addit</strong></span> <span class='ocrx_word' id='word_1_367' title='bbox 2834 3473 3073 3525; x_wconf 89' lang='lat' dir='ltr'><strong>autem.</strong></span> 
     </span>
     <span class='ocr_line' id='line_1_36' title="bbox 349 3552 3077 3634; baseline -0.001 -19"><span class='ocrx_word' id='word_1_368' title='bbox 349 3554 404 3615; x_wconf 90' lang='lat' dir='ltr'><strong>si</strong></span> <span class='ocrx_word' id='word_1_369' title='bbox 449 3554 626 3615; x_wconf 90' lang='lat' dir='ltr'><strong>modo</strong></span> <span class='ocrx_word' id='word_1_370' title='bbox 673 3556 944 3634; x_wconf 86' lang='lat' dir='ltr'><strong>aequalis</strong></span> <span class='ocrx_word' id='word_1_371' title='bbox 993 3554 1196 3618; x_wconf 82' lang='lat' dir='ltr'><strong>fuerit.</strong></span> <span class='ocrx_word' id='word_1_372' title='bbox 1287 3556 1729 3618; x_wconf 89' lang='lat' dir='ltr'><strong>Rheinholdum</strong></span> <span class='ocrx_word' id='word_1_373' title='bbox 1778 3555 1837 3617; x_wconf 91' lang='lat' dir='ltr'><strong>in</strong></span> <span class='ocrx_word' id='word_1_374' title='bbox 1877 3556 2089 3617; x_wconf 90' lang='lat' dir='ltr'><strong>iisdem</strong></span> <span class='ocrx_word' id='word_1_375' title='bbox 2118 3554 2577 3617; x_wconf 83' lang='lat' dir='ltr'><strong>difficultatibus</strong></span> <span class='ocrx_word' id='word_1_376' title='bbox 2620 3553 2895 3615; x_wconf 86' lang='lat' dir='ltr'><strong>haesisse</strong></span> <span class='ocrx_word' id='word_1_377' title='bbox 2944 3552 3077 3613; x_wconf 87' lang='lat' dir='ltr'><strong>cal-</strong></span> 
     </span>
     <span class='ocr_line' id='line_1_37' title="bbox 351 3641 3078 3724; baseline -0.001 -19"><span class='ocrx_word' id='word_1_378' title='bbox 351 3642 520 3705; x_wconf 89' lang='lat' dir='ltr'><strong>culus</strong></span> <span class='ocrx_word' id='word_1_379' title='bbox 583 3643 1046 3708; x_wconf 84' lang='lat' dir='ltr'><strong>Prutenicarum</strong></span> <span class='ocrx_word' id='word_1_380' title='bbox 1107 3644 1446 3707; x_wconf 87' lang='lat' dir='ltr'><strong>tabularum</strong></span> <span class='ocrx_word' id='word_1_381' title='bbox 1505 3646 1736 3724; x_wconf 87' lang='lat' dir='ltr'><strong>prodit,</strong></span> <span class='ocrx_word' id='word_1_382' title='bbox 1813 3662 1931 3723; x_wconf 91' lang='lat' dir='ltr'><strong>quo</strong></span> <span class='ocrx_word' id='word_1_383' title='bbox 1994 3645 2295 3724; x_wconf 85' lang='lat' dir='ltr'><strong>arguitur,</strong></span> <span class='ocrx_word' id='word_1_384' title='bbox 2371 3642 2817 3705; x_wconf 85' lang='lat' dir='ltr'><strong>Rheinholdum</strong></span> <span class='ocrx_word' id='word_1_385' title='bbox 2882 3641 3078 3703; x_wconf 87' lang='lat' dir='ltr'><strong>locum</strong></span> 
     </span>
     <span class='ocr_line' id='line_1_38' title="bbox 351 3730 3080 3813; baseline -0 -21"><span class='ocrx_word' id='word_1_386' title='bbox 351 3731 608 3811; x_wconf 81' lang='lat' dir='ltr'><strong>apogaei</strong></span> <span class='ocrx_word' id='word_1_387' title='bbox 653 3732 830 3813; x_wconf 88' lang='lat' dir='ltr'><strong>hujus</strong></span> <span class='ocrx_word' id='word_1_388' title='bbox 877 3733 956 3795; x_wconf 88' lang='lat' dir='ltr'><strong>ad</strong></span> <span class='ocrx_word' id='word_1_389' title='bbox 1014 3739 1250 3811; x_wconf 89' lang='lat' dir='ltr'><strong>tempus</strong></span> <span class='ocrx_word' id='word_1_390' title='bbox 1313 3734 1460 3796; x_wconf 88' lang='lat' dir='ltr'><strong>illud</strong></span> <span class='ocrx_word' id='word_1_391' title='bbox 1505 3732 1893 3812; x_wconf 89' lang='lat' dir='ltr'><strong>Philadelphi</strong></span> <span class='ocrx_word' id='word_1_392' title='bbox 1950 3732 2313 3795; x_wconf 87' lang='lat' dir='ltr'><strong>assumsisse</strong></span> <span class='ocrx_word' id='word_1_393' title='bbox 2360 3731 2615 3794; x_wconf 89' lang='lat' dir='ltr'><strong>eundem</strong></span> <span class='ocrx_word' id='word_1_394' title='bbox 2662 3730 2899 3810; x_wconf 89' lang='lat' dir='ltr'><strong>quidem</strong></span> <span class='ocrx_word' id='word_1_395' title='bbox 2946 3747 3080 3791; x_wconf 88' lang='lat' dir='ltr'><strong>cum</strong></span> 
     </span>
     <span class='ocr_line' id='line_1_39' title="bbox 351 3814 3078 3902; baseline -0.001 -20"><span class='ocrx_word' id='word_1_396' title='bbox 351 3818 714 3898; x_wconf 89' lang='lat' dir='ltr'><strong>Copernico,</strong></span> <span class='ocrx_word' id='word_1_397' title='bbox 765 3820 886 3884; x_wconf 87' lang='lat' dir='ltr'><strong>vid.</strong></span> <span class='ocrx_word' id='word_1_398' title='bbox 947 3814 1107 3885; x_wconf 82' lang='lat'><strong>183⁰</strong></span> <span class='ocrx_word' id='word_1_399' title='bbox 1151 3818 1260 3883; x_wconf 76' lang='lat'><strong>20‘</strong></span> <span class='ocrx_word' id='word_1_400' title='bbox 1307 3840 1346 3882; x_wconf 93' lang='lat' dir='ltr'><strong>a</strong></span> <span class='ocrx_word' id='word_1_401' title='bbox 1391 3824 1587 3902; x_wconf 89' lang='lat' dir='ltr'><strong>prima</strong></span> <span class='ocrx_word' id='word_1_402' title='bbox 1633 3822 1816 3885; x_wconf 85' lang='lat' dir='ltr'><strong>stella</strong></span> <span class='ocrx_word' id='word_1_403' title='bbox 1863 3821 1963 3898; x_wconf 82' lang='grc' dir='ltr'><strong>’Υ”;</strong></span> <span class='ocrx_word' id='word_1_404' title='bbox 2024 3830 2093 3884; x_wconf 86' lang='lat' dir='ltr'><strong>at</strong></span> <span class='ocrx_word' id='word_1_405' title='bbox 2138 3822 2216 3883; x_wconf 89' lang='lat' dir='ltr'><strong>ad</strong></span> <span class='ocrx_word' id='word_1_406' title='bbox 2262 3819 2600 3883; x_wconf 84' lang='lat' dir='ltr'><strong>Ptolemaei</strong></span> <span class='ocrx_word' id='word_1_407' title='bbox 2646 3828 2883 3897; x_wconf 88' lang='lat' dir='ltr'><strong>tempus</strong></span> <span class='ocrx_word' id='word_1_408' title='bbox 2928 3817 3078 3879; x_wconf 89' lang='lat' dir='ltr'><strong>illud</strong></span> 
     </span>
     <span class='ocr_line' id='line_1_40' title="bbox 346 3904 3077 3990; baseline -0.001 -21"><span class='ocrx_word' id='word_1_409' title='bbox 346 3908 407 3969; x_wconf 93' lang='lat' dir='ltr'><strong>in</strong></span> <span class='ocrx_word' id='word_1_410' title='bbox 456 3908 650 3970; x_wconf 89' lang='lat' dir='ltr'><strong>locum</strong></span> <span class='ocrx_word' id='word_1_411' title='bbox 695 3908 876 3990; x_wconf 86' lang='lat' dir='ltr'><strong>longe</strong></span> <span class='ocrx_word' id='word_1_412' title='bbox 923 3910 1182 3971; x_wconf 84' lang='lat' dir='ltr'><strong>alienum</strong></span> <span class='ocrx_word' id='word_1_413' title='bbox 1232 3931 1270 3971; x_wconf 92' lang='lat' dir='ltr'><strong>a</strong></span> <span class='ocrx_word' id='word_1_414' title='bbox 1315 3910 1660 3973; x_wconf 83' lang='lat' dir='ltr'><strong>manifestis</strong></span> <span class='ocrx_word' id='word_1_415' title='bbox 1689 3910 2029 3973; x_wconf 87' lang='lat' dir='ltr'><strong>Ptolemaei</strong></span> <span class='ocrx_word' id='word_1_416' title='bbox 2076 3909 2601 3972; x_wconf 87' lang='lat' dir='ltr'><strong>observationibus</strong></span> <span class='ocrx_word' id='word_1_417' title='bbox 2648 3915 2711 3970; x_wconf 90' lang='lat' dir='ltr'><strong>et</strong></span> <span class='ocrx_word' id='word_1_418' title='bbox 2758 3904 3077 3986; x_wconf 88' lang='lat' dir='ltr'><strong>Copernici</strong></span> 
     </span>
     <span class='ocr_line' id='line_1_41' title="bbox 343 3982 3079 4080; baseline -0.001 -22"><span class='ocrx_word' id='word_1_419' title='bbox 343 3998 810 4061; x_wconf 80' lang='lat' dir='ltr'><strong>resumtionibus</strong></span> <span class='ocrx_word' id='word_1_420' title='bbox 877 3998 1064 4061; x_wconf 89' lang='lat' dir='ltr'><strong>cadit.</strong></span> <span class='ocrx_word' id='word_1_421' title='bbox 1178 3999 1268 4061; x_wconf 90' lang='lat' dir='ltr'><strong>Ibi</strong></span> <span class='ocrx_word' id='word_1_422' title='bbox 1329 4000 1484 4061; x_wconf 88' lang='lat' dir='ltr'><strong>enim</strong></span> <span class='ocrx_word' id='word_1_423' title='bbox 1553 4000 1717 4061; x_wconf 88' lang='lat' dir='ltr'><strong>locus</strong></span> <span class='ocrx_word' id='word_1_424' title='bbox 1781 4000 1913 4079; x_wconf 89' lang='lat' dir='ltr'><strong>ejus</strong></span> <span class='ocrx_word' id='word_1_425' title='bbox 1970 4006 2355 4080; x_wconf 85' lang='lat' dir='ltr'><strong>computatur</strong></span> <span class='ocrx_word' id='word_1_426' title='bbox 2408 4016 2525 4060; x_wconf 90' lang='lat' dir='ltr'><strong>uon</strong></span> <span class='ocrx_word' id='word_1_427' title='bbox 2590 3982 2759 4060; x_wconf 81' lang='lat'><strong>183⁰</strong></span> <span class='ocrx_word' id='word_1_428' title='bbox 2803 3992 2911 4057; x_wconf 77' lang='lat'><strong>20⁴</strong></span> <span class='ocrx_word' id='word_1_429' title='bbox 2968 4012 3079 4055; x_wconf 86' lang='lat' dir='ltr'><strong>nee</strong></span> 
     </span>
     <span class='ocr_line' id='line_1_42' title="bbox 359 4079 3080 4165; baseline -0.002 -18"><span class='ocrx_word' id='word_1_430' title='bbox 359 4080 474 4148; x_wconf 84' lang='lat'><strong>10⁰</strong></span> <span class='ocrx_word' id='word_1_431' title='bbox 518 4096 642 4162; x_wconf 45' lang='lat' dir='ltr'><strong>st,</strong></span> <span class='ocrx_word' id='word_1_432' title='bbox 691 4088 802 4149; x_wconf 88' lang='lat' dir='ltr'><strong>sed</strong></span> <span class='ocrx_word' id='word_1_433' title='bbox 857 4082 1018 4151; x_wconf 80' lang='grc'>1880</span> <span class='ocrx_word' id='word_1_434' title='bbox 1061 4083 1169 4151; x_wconf 81' lang='lat'><strong>50¹</strong></span> <span class='ocrx_word' id='word_1_435' title='bbox 1216 4088 1328 4151; x_wconf 91' lang='lat' dir='ltr'><strong>sub</strong></span> <span class='ocrx_word' id='word_1_436' title='bbox 1375 4090 1518 4150; x_wconf 87' lang='lat' dir='ltr'><strong>orbe</strong></span> <span class='ocrx_word' id='word_1_437' title='bbox 1577 4088 1858 4163; x_wconf 89' lang='lat' dir='ltr'><strong>stellato,</strong></span> <span class='ocrx_word' id='word_1_438' title='bbox 1910 4094 1973 4150; x_wconf 93' lang='lat' dir='ltr'><strong>et</strong></span> <span class='ocrx_word' id='word_1_439' title='bbox 2025 4085 2145 4151; x_wconf 89' lang='grc'><strong>150</strong></span> <span class='ocrx_word' id='word_1_440' title='bbox 2189 4084 2298 4153; x_wconf 83' lang='grc'><strong>30’</strong></span> <span class='ocrx_word' id='word_1_441' title='bbox 2347 4096 2473 4161; x_wconf 61' lang='lat'><strong>⁸0¹⁶,</strong></span> <span class='ocrx_word' id='word_1_442' title='bbox 2534 4084 2786 4165; x_wconf 89' lang='lat' dir='ltr'><strong>ideoque</strong></span> <span class='ocrx_word' id='word_1_443' title='bbox 2850 4079 3080 4145; x_wconf 88' lang='lat' dir='ltr'><strong>numeri</strong></span> 
     </span>
     <span class='ocr_line' id='line_1_43' title="bbox 346 4174 3081 4258; baseline -0.001 -23"><span class='ocrx_word' id='word_1_444' title='bbox 346 4174 436 4237; x_wconf 88' lang='lat' dir='ltr'><strong>illi</strong></span> <span class='ocrx_word' id='word_1_445' title='bbox 481 4176 598 4237; x_wconf 89' lang='lat' dir='ltr'><strong>mei</strong></span> <span class='ocrx_word' id='word_1_446' title='bbox 644 4176 724 4238; x_wconf 92' lang='lat' dir='ltr'><strong>ad</strong></span> <span class='ocrx_word' id='word_1_447' title='bbox 769 4176 1106 4239; x_wconf 85' lang='lat' dir='ltr'><strong>Ptolemaei</strong></span> <span class='ocrx_word' id='word_1_448' title='bbox 1154 4176 1393 4258; x_wconf 90' lang='lat' dir='ltr'><strong>quidem</strong></span> <span class='ocrx_word' id='word_1_449' title='bbox 1439 4178 1706 4253; x_wconf 71' lang='lat' dir='ltr'><strong>seculum</strong></span> <span class='ocrx_word' id='word_1_450' title='bbox 1756 4177 2192 4241; x_wconf 88' lang='lat' dir='ltr'><strong>accommodati</strong></span> <span class='ocrx_word' id='word_1_451' title='bbox 2242 4185 2409 4251; x_wconf 89' lang='lat' dir='ltr'><strong>suut,</strong></span> <span class='ocrx_word' id='word_1_452' title='bbox 2426 4174 2495 4248; x_wconf 87' lang='grc'><strong>*)</strong></span> <span class='ocrx_word' id='word_1_453' title='bbox 2560 4193 2677 4237; x_wconf 87' lang='grc' dir='ltr'>ιιοιι</span> <span class='ocrx_word' id='word_1_454' title='bbox 2728 4180 2965 4246; x_wconf 79' lang='lat' dir='ltr'><strong>autem,</strong></span> <span class='ocrx_word' id='word_1_455' title='bbox 3011 4178 3081 4231; x_wconf 87' lang='lat' dir='ltr'><strong>ut</strong></span> 
     </span>
     <span class='ocr_line' id='line_1_44' title="bbox 346 4220 3075 4345; baseline -0.001 -20"><span class='ocrx_word' id='word_1_456' title='bbox 346 4264 534 4327; x_wconf 88' lang='lat' dir='ltr'><strong>ceteri</strong></span> <span class='ocrx_word' id='word_1_457' title='bbox 577 4283 687 4345; x_wconf 91' lang='lat' dir='ltr'><strong>per</strong></span> <span class='ocrx_word' id='word_1_458' title='bbox 723 4266 924 4329; x_wconf 86' lang='lat' dir='ltr'><strong>omnia</strong></span> <span class='ocrx_word' id='word_1_459' title='bbox 969 4266 1199 4329; x_wconf 89' lang='lat' dir='ltr'><strong>calculo</strong></span> <span class='ocrx_word' id='word_1_460' title='bbox 1247 4266 1586 4330; x_wconf 87' lang='lat' dir='ltr'><strong>tabularum</strong></span> <span class='ocrx_word' id='word_1_461' title='bbox 1636 4266 2111 4341; x_wconf 86' lang='lat' dir='ltr'><strong>Prutenicarum,</strong></span> <span class='ocrx_word' id='word_1_462' title='bbox 2163 4267 2271 4327; x_wconf 89' lang='lat' dir='ltr'><strong>sed</strong></span> <span class='ocrx_word' id='word_1_463' title='bbox 2308 4262 2645 4327; x_wconf 87' lang='lat' dir='ltr'><strong>Ptolemaei</strong></span> <span class='ocrx_word' id='word_1_464' title='bbox 2693 4220 3075 4325; x_wconf 78' lang='lat' dir='ltr'><strong>observa’tio-</strong></span> 
     </span>
     <span class='ocr_line' id='line_1_45' title="bbox 344 4351 3075 4437; baseline -0.003 -22"><span class='ocrx_word' id='word_1_465' title='bbox 344 4351 518 4417; x_wconf 87' lang='lat' dir='ltr'><strong>nibus</strong></span> <span class='ocrx_word' id='word_1_466' title='bbox 573 4354 962 4428; x_wconf 88' lang='lat' dir='ltr'><strong>conveniunt,</strong></span> <span class='ocrx_word' id='word_1_467' title='bbox 1031 4374 1138 4417; x_wconf 88' lang='lat' dir='ltr'><strong>eas</strong></span> <span class='ocrx_word' id='word_1_468' title='bbox 1199 4354 1358 4417; x_wconf 87' lang='lat' dir='ltr'><strong>enim</strong></span> <span class='ocrx_word' id='word_1_469' title='bbox 1406 4354 1778 4435; x_wconf 90' lang='lat' dir='ltr'><strong>Copernicus</strong></span> <span class='ocrx_word' id='word_1_470' title='bbox 1836 4375 2065 4437; x_wconf 90' lang='lat' dir='ltr'><strong>quoque</strong></span> <span class='ocrx_word' id='word_1_471' title='bbox 2123 4364 2188 4417; x_wconf 89' lang='lat' dir='ltr'><strong>et</strong></span> <span class='ocrx_word' id='word_1_472' title='bbox 2242 4354 2491 4419; x_wconf 88' lang='lat' dir='ltr'><strong>retinuit</strong></span> <span class='ocrx_word' id='word_1_473' title='bbox 2546 4360 2611 4415; x_wconf 90' lang='lat' dir='ltr'><strong>et</strong></span> <span class='ocrx_word' id='word_1_474' title='bbox 2664 4357 2909 4413; x_wconf 87' lang='lat' dir='ltr'><strong>secutus</strong></span> <span class='ocrx_word' id='word_1_475' title='bbox 2956 4355 3075 4421; x_wconf 88' lang='lat' dir='ltr'><strong>est,</strong></span> 
     </span>
     <span class='ocr_line' id='line_1_46' title="bbox 347 4435 3077 4523; baseline -0.003 -17"><span class='ocrx_word' id='word_1_476' title='bbox 347 4450 528 4523; x_wconf 82' lang='lat' dir='ltr'><strong>atque</strong></span> <span class='ocrx_word' id='word_1_477' title='bbox 591 4444 834 4505; x_wconf 87' lang='lat' dir='ltr'><strong>eosdem</strong></span> <span class='ocrx_word' id='word_1_478' title='bbox 899 4442 1038 4507; x_wconf 87' lang='lat' dir='ltr'><strong>inde</strong></span> <span class='ocrx_word' id='word_1_479' title='bbox 1091 4462 1370 4506; x_wconf 88' lang='lat' dir='ltr'><strong>numeros</strong></span> <span class='ocrx_word' id='word_1_480' title='bbox 1431 4444 1736 4523; x_wconf 84' lang='lat' dir='ltr'><strong>produxit.</strong></span> <span class='ocrx_word' id='word_1_481' title='bbox 1830 4445 1934 4506; x_wconf 89' lang='lat' dir='ltr'><strong>Ad</strong></span> <span class='ocrx_word' id='word_1_482' title='bbox 1989 4452 2263 4507; x_wconf 86' lang='lat' dir='ltr'><strong>nostram</strong></span> <span class='ocrx_word' id='word_1_483' title='bbox 2320 4450 2523 4506; x_wconf 89' lang='lat' dir='ltr'><strong>autem</strong></span> <span class='ocrx_word' id='word_1_484' title='bbox 2576 4439 2707 4503; x_wconf 83' lang='lat' dir='ltr'><strong>sive</strong></span> <span class='ocrx_word' id='word_1_485' title='bbox 2756 4435 3077 4516; x_wconf 82' lang='lat' dir='ltr'><strong>Copernici</strong></span> 
     </span>
     <span class='ocr_line' id='line_1_47' title="bbox 345 4526 3073 4611; baseline -0.003 -17"><span class='ocrx_word' id='word_1_486' title='bbox 345 4540 614 4594; x_wconf 82' lang='lat' dir='ltr'><strong>aetatem</strong></span> <span class='ocrx_word' id='word_1_487' title='bbox 686 4550 967 4595; x_wconf 90' lang='lat' dir='ltr'><strong>numeros</strong></span> <span class='ocrx_word' id='word_1_488' title='bbox 1031 4534 1212 4595; x_wconf 88' lang='lat' dir='ltr'><strong>hosce</strong></span> <span class='ocrx_word' id='word_1_489' title='bbox 1279 4543 1632 4611; x_wconf 83' lang='lat' dir='ltr'><strong>computare</strong></span> <span class='ocrx_word' id='word_1_490' title='bbox 1709 4551 1829 4594; x_wconf 88' lang='lat' dir='ltr'><strong>non</strong></span> <span class='ocrx_word' id='word_1_491' title='bbox 1896 4532 2087 4606; x_wconf 85' lang='lat' dir='ltr'><strong>volui,</strong></span> <span class='ocrx_word' id='word_1_492' title='bbox 2158 4540 2485 4611; x_wconf 83' lang='lat' dir='ltr'><strong>propterea</strong></span> <span class='ocrx_word' id='word_1_493' title='bbox 2548 4529 2707 4611; x_wconf 89' lang='lat' dir='ltr'><strong>quod</strong></span> <span class='ocrx_word' id='word_1_494' title='bbox 2764 4526 2805 4587; x_wconf 89' lang='lat' dir='ltr'><strong>ii</strong></span> <span class='ocrx_word' id='word_1_495' title='bbox 2894 4526 3073 4605; x_wconf 85' lang='lat' dir='ltr'><strong>longe</strong></span> 
     </span>
     <span class='ocr_line' id='line_1_48' title="bbox 345 4613 3073 4701; baseline -0.003 -20"><span class='ocrx_word' id='word_1_496' title='bbox 345 4620 450 4682; x_wconf 88' lang='lat' dir='ltr'><strong>alii</strong></span> <span class='ocrx_word' id='word_1_497' title='bbox 495 4621 736 4690; x_wconf 80' lang='lat' dir='ltr'><strong>fierent,</strong></span> <span class='ocrx_word' id='word_1_498' title='bbox 799 4628 1048 4701; x_wconf 89' lang='lat' dir='ltr'><strong>propter</strong></span> <span class='ocrx_word' id='word_1_499' title='bbox 1093 4620 1606 4683; x_wconf 83' lang='lat' dir='ltr'><strong>eccentricitatem</strong></span> <span class='ocrx_word' id='word_1_500' title='bbox 1655 4621 1818 4682; x_wconf 87' lang='lat' dir='ltr'><strong>orbis</strong></span> <span class='ocrx_word' id='word_1_501' title='bbox 1866 4621 2069 4700; x_wconf 78' lang='lat' dir='ltr'><strong>magni</strong></span> <span class='ocrx_word' id='word_1_502' title='bbox 2128 4621 2520 4683; x_wconf 87' lang='lat' dir='ltr'><strong>diminutam·</strong></span> <span class='ocrx_word' id='word_1_503' title='bbox 2502 4666 2519 4694; x_wconf 92' lang='lat'>‚</span> <span class='ocrx_word' id='word_1_504' title='bbox 2584 4626 2649 4680; x_wconf 85' lang='lat' dir='ltr'><strong>et</strong></span> <span class='ocrx_word' id='word_1_505' title='bbox 2708 4614 2867 4696; x_wconf 82' lang='lat' dir='ltr'><strong>quod</strong></span> <span class='ocrx_word' id='word_1_506' title='bbox 2915 4613 3073 4695; x_wconf 81' lang='lat' dir='ltr'><strong>apud</strong></span> 
     </span>
     <span class='ocr_line' id='line_1_49' title="bbox 347 4704 3075 4789; baseline -0.003 -17"><span class='ocrx_word' id='word_1_507' title='bbox 347 4706 744 4789; x_wconf 85' lang='lat' dir='ltr'><strong>Copernicurn</strong></span> <span class='ocrx_word' id='word_1_508' title='bbox 809 4710 988 4773; x_wconf 89' lang='lat' dir='ltr'><strong>nullis</strong></span> <span class='ocrx_word' id='word_1_509' title='bbox 1053 4708 1486 4771; x_wconf 83' lang='lat' dir='ltr'><strong>recentioribus</strong></span> <span class='ocrx_word' id='word_1_510' title='bbox 1551 4709 2077 4772; x_wconf 87' lang='lat' dir='ltr'><strong>observationibus</strong></span> <span class='ocrx_word' id='word_1_511' title='bbox 2152 4709 2506 4787; x_wconf 84' lang='lat' dir='ltr'><strong>investigati</strong></span> <span class='ocrx_word' id='word_1_512' title='bbox 2572 4716 2637 4770; x_wconf 89' lang='lat' dir='ltr'><strong>et</strong></span> <span class='ocrx_word' id='word_1_513' title='bbox 2702 4704 3075 4783; x_wconf 86' lang='lat' dir='ltr'><strong>comprobati</strong></span> 
     </span>
    </p>
   </div>
   <div class='ocr_carea' id='block_1_3' title="bbox 361 4842 434 4851">
    <p class='ocr_par' dir='ltr' id='par_1_6' title="bbox 361 4842 434 4851">
     <span class='ocr_line' id='line_1_50' title="bbox 361 4842 434 4851; baseline -0.027 0"><span class='ocrx_word' id='word_1_514' title='bbox 361 4842 434 4851; x_wconf 72' lang='grc'>...-</span> 
     </span>
    </p>
   </div>
   <div class='ocr_carea' id='block_1_4' title="bbox 503 4898 2787 4973">
    <p class='ocr_par' dir='ltr' id='par_1_7' title="bbox 503 4898 2787 4973">
     <span class='ocr_line' id='line_1_51' title="bbox 503 4898 2787 4973; baseline -0.001 -20"><span class='ocrx_word' id='word_1_515' title='bbox 503 4898 554 4965; x_wconf 67' lang='grc'><strong>0)</strong></span> <span class='ocrx_word' id='word_1_516' title='bbox 589 4902 656 4953; x_wconf 76' lang='lat' dir='ltr'><strong>m</strong></span> <span class='ocrx_word' id='word_1_517' title='bbox 695 4905 886 4959; x_wconf 77' lang='lat' dir='ltr'><strong>numeri</strong></span> <span class='ocrx_word' id='word_1_518' title='bbox 921 4912 1038 4959; x_wconf 73' lang='lat' dir='ltr'><strong>suut</strong></span> <span class='ocrx_word' id='word_1_519' title='bbox 1071 4906 1124 4958; x_wconf 83' lang='lat' dir='ltr'><strong>in</strong></span> <span class='ocrx_word' id='word_1_520' title='bbox 1159 4902 1334 4956; x_wconf 81' lang='lat' dir='ltr'><strong>tabula</strong></span> <span class='ocrx_word' id='word_1_521' title='bbox 1370 4902 1433 4954; x_wconf 86' lang='lat' dir='ltr'><strong>V.</strong></span> <span class='ocrx_word' id='word_1_522' title='bbox 1473 4900 1566 4971; x_wconf 77' lang='lat'><strong>(2³</strong></span> <span class='ocrx_word' id='word_1_523' title='bbox 1606 4912 1658 4955; x_wconf 85' lang='lat' dir='ltr'><strong>et</strong></span> <span class='ocrx_word' id='word_1_524' title='bbox 1693 4898 1786 4965; x_wconf 81' lang='grc'><strong>24)</strong></span> <span class='ocrx_word' id='word_1_525' title='bbox 1824 4916 1953 4973; x_wconf 80' lang='lat' dir='ltr'><strong>quae</strong></span> <span class='ocrx_word' id='word_1_526' title='bbox 1990 4910 2069 4955; x_wconf 76' lang='lat' dir='ltr'><strong>est</strong></span> <span class='ocrx_word' id='word_1_527' title='bbox 2104 4902 2228 4970; x_wconf 79' lang='lat' dir='ltr'><strong>Gap.</strong></span> <span class='ocrx_word' id='word_1_528' title='bbox 2266 4902 2376 4954; x_wconf 82' lang='lat' dir='ltr'><strong>XV.</strong></span> <span class='ocrx_word' id='word_1_529' title='bbox 2416 4903 2484 4953; x_wconf 79' lang='lat' dir='ltr'><strong>ad</strong></span> <span class='ocrx_word' id='word_1_530' title='bbox 2520 4898 2580 4965; x_wconf 60' lang='lat' dir='ltr'><strong>Q.</strong></span> <span class='ocrx_word' id='word_1_531' title='bbox 2718 4900 2787 4951; x_wconf 82' lang='lat' dir='ltr'><strong>K.</strong></span> 
     </span>
    </p>
   </div>
  </div>
 </body>
</html>
