3634 5575
597 347 727 416 204
1512 349 1571 400 In
1611 349 1899 411 Mysten-ium
1939 346 2399 414 Cosmographienm

745 509 935 566 Wann
976 525 1140 564 mann
1182 509 1337 563 bette
1380 507 1586 562 wellen
1627 489 1724 560 der
1777 512 1944 560 natur
1994 504 2361 570 nacbziehen,
2420 505 2577 560 bette
2634 522 2799 562 mann
2850 507 3007 561 siben
3059 505 3323 576 syllabas

589 595 844 648 miiessen
886 605 1097 652 nemen,
1143 588 1316 642 damit
1356 588 1442 641 die
1486 588 1650 641 acbte
1693 591 1845 640 ware
1888 587 2059 640 wider
2101 593 2165 640 ut
2198 593 2433 656 gewest,
2479 584 2653 639 damit
2690 585 2848 640 hette
2890 603 3017 641 man
3060 588 3163 639 der
3206 601 3323 640 mu-

589 671 769 726 tation
811 669 866 723 in
907 668 1118 722 musica
1157 668 1338 722 nicbts
1383 667 1638 720 bedilrfl’t.

745 751 862 806 Der
901 749 1111 820 grundt
1153 749 1291 801 aber
1331 745 1756 816 comparationis
1793 745 2279 800 astronomicorum
2310 749 2633 813 aspectuum
2663 762 2781 798 cum
2802 737 3019 799 'musica
3056 745 3328 799 bestebet

587 829 899 892 bierinnen,
957 831 1084 882 dass
1127 826 1375 881 Circulus
1416 843 1518 898 per
1568 832 1831 895 aspectus
1880 828 2025 879 vnnd
2068 825 2498 879 Monochordum
2549 842 2651 895 per
2703 825 3018 879 harmonias
3060 823 3328 894 ainerlay

585 909 879 963 divisiones
921 907 1084 962 batt:
1147 907 1210 960 In
1249 923 1468 961 massen
1509 905 1576 958 E.
1619 906 1680 958 F.
1727 905 1833 959 Gn.
1886 905 2090 976 hiebey
2142 922 2213 958 zu
2272 904 2443 958 seben
2503 904 2685 958 haben
2708 946 2722 966 ,
2785 906 2933 958 dann
2986 920 3155 956 wann
3214 904 3327 974 bey

587 991 652 1043 Ζ.
692 993 767 1043 Η.
813 991 874 1042 Θ.
917 995 960 1042 Ι.
1001 993 1066 1042 Κ.
1104 992 1178 1042 Λ.
1221 988 1352 1039 oder
1391 986 1475 1036 Μ.
1520 984 1611 1038 ein
1650 1000 1861 1037 messer
1901 986 2072 1038 vnder
2112 985 2199 1038 die
2241 983 2451 1039 saitten
2506 986 2709 1056 gelegt
2758 989 2953 1047 wiirtt,
3012 1001 3072 1036 so
3125 1000 3327 1036 conso-

576 1061 742 1122 'niren
785 1067 871 1120 die
911 1073 1104 1135 partes
1145 1067 1289 1119 vnnd
1333 1064 1420 1118 die
1461 1068 1710 1134 ganntze
1761 1063 1968 1116 saitten
2018 1066 2227 1119 vnnder
2280 1063 2571 1126 einander,
2629 1066 2774 1117 vnnd
2826 1063 3009 1117 seindt
3058 1062 3330 1117 sollicher

586 1145 907 1200 divisionum
948 1147 1105 1200 mehr
1144 1145 1228 1199 nit
1268 1147 1415 1198 dann
1457 1143 1630 1206 siben,
1677 1141 1782 1195 wie
1826 1143 1914 1196 ich
1956 1143 2048 1196 bie
2092 1144 2248 1197 siben
2290 1144 2567 1215 getheilte
2606 1143 2812 1198 saitten
2840 1143 3151 1214 gemahlet,
3201 1143 3327 1195 dar-

584 1234 750 1281 unter
803 1241 907 1278 nur
962 1225 1086 1277 aine
1129 1223 1539 1285 Zuuerstehen,
1596 1238 1764 1276 wann
1814 1222 1902 1275 ich
1952 1223 2198 1277 hernach
2250 1240 2380 1277 auss
2437 1226 2534 1277 der
2588 1223 2795 1277 saitten
2848 1223 2949 1278 mit
2990 1224 3115 1276 Iren
3176 1221 3329 1276 notis

585 1304 906 1360 divisionum
957 1303 1120 1357 einen
1164 1304 1442 1358 Circulum
1485 1301 1712 1365 macho,
1772 1301 1930 1371 cujus
1974 1310 2222 1356 centrum
2263 1324 2292 1357 τ
2338 1303 2545 1366 Terra,
2609 1322 2669 1356 so
2716 1303 2790 1357 ist
2829 1303 3071 1374 gewis&
3116 1319 3185 1356 so
3232 1303 3331 1356 oss't

585 1384 736 1442 linea
775 1383 999 1438 visionis
1041 1383 1204 1438 unius
1244 1384 1512 1453 planetae
1554 1388 1740 1437 stante
1783 1381 1841 1436 in
1882 1401 1907 1437 ε
1956 1388 2021 1436 ιιι
2067 1402 2151 1438 rs:
2218 1382 2449 1436 alterius
2504 1384 2771 1452 planetae
2822 1383 2973 1436 linea
3032 1381 3237 1436 incidit
3276 1381 3333 1434 in

583 1464 752 1535 signa
787 1462 1068 1517 divisionis
1111 1483 1156 1531 ε,
1188 1485 1242 1532 η,
1275 1471 1335 1525 θ,
1373 1485 1412 1525 ι.
1445 1482 1497 1524 κ,
1533 1465 1582 1524 λ.
1617 1483 1664 1535 μ,
1705 1460 1824 1525 dec..
1859 1462 1983 1516 alss
2025 1463 2098 1516 da
2138 1463 2429 1532 geschicht
2468 1463 2580 1532 bey
2626 1485 2698 1524 τι,
2746 1463 2889 1516 vnnd
2933 1464 3045 1532 bey
3082 1481 3183 1536 πμ,
3230 1477 3327 1514 vn-

583 1544 794 1616 geacht
834 1544 930 1596 der
973 1542 1180 1598 Planet
1217 1559 1320 1613 sey
1359 1543 1514 1596 nider
1553 1543 1686 1596 oder
1725 1542 1867 1595 boch
1910 1558 2017 1595 von
2058 1544 2155 1596 der
2196 1545 2393 1605 erden,
2446 1560 2507 1595 so
2550 1544 2681 1606 offis,
2726 1545 2869 1596 vnnd
2912 1541 2997 1596 nit
3038 1543 3211 1595 offter
3250 1541 3329 1594 ist

585 1623 678 1677 ein
719 1629 930 1692 aspect,
974 1623 1104 1676 dass
1145 1623 1220 1676 ist
1259 1622 1382 1676 eine
1425 1621 1744 1692 wiirkhung
1784 1621 2038 1674 hienider
2076 1623 2197 1676 auff
2228 1624 2415 1684 erden,
2461 1624 2591 1676 dass
2634 1639 2695 1675 es
2740 1622 3001 1676 witteret.

747 1703 1016 1756 Hierauss
1059 1701 1133 1755 ist
1177 1701 1482 1765 offenbabr‚
1527 1702 1654 1754 dass
1698 1699 1939 1769 septima
1979 1701 2079 1755 mit
2119 1703 2241 1755 dem
2284 1701 2538 1771 opposito
2580 1702 2664 1754 nit
2698 1716 2766 1754 zu
2810 1701 3117 1770 comparirn
3164 1715 3326 1769 seyn.

586 1783 754 1837 Dann
795 1781 1035 1850 septima
1073 1781 1152 1834 ist
1188 1781 1394 1834 kheine
1436 1779 1770 1843 Harmonia,
1829 1781 2115 1850 oppositus
2168 1782 2304 1836 aber
2356 1783 2429 1834 ist
2480 1781 2570 1834 ein
2614 1787 2876 1851 aspectus
2927 1779 3326 1834 validissimus.

585 1861 693 1918 Ess
735 1861 954 1914 scheint
993 1861 1092 1914 der
1131 1862 1338 1915 author
1375 1860 1489 1914 hab
1546 1859 1748 1914 wellen
1800 1859 1887 1913 die
1943 1859 2233 1914 dissonanz
2279 1861 2335 1914 in
2377 1861 2473 1914 der
2515 1859 2692 1914 Music
2734 1860 3040 1930 comparirn
3080 1859 3189 1913 mit
3232 1860 3329 1911 der

589 1941 848 1995 Bossbeit
889 1939 1123 1994 etlicher
1164 1945 1514 2011 aspectuum,
1570 1939 1716 1994 fehlt
1757 1941 1907 1994 aber.
1991 1939 2190 1994 Nullus
2235 1947 2497 2010 aspectus
2540 1958 2640 2009 per
2682 1958 2742 1994 se
2784 1942 2987 2002 malus,
3046 1945 3107 1992 et
3148 1937 3327 1992 disso-

587 2020 782 2074 nantia
820 2019 1050 2073 musices
1093 2019 1402 2090 comparari
1442 2020 1608 2072 debet
1651 2035 1771 2072 cum
1810 2018 2052 2088 planetis
2094 2020 2246 2074 nullo
2290 2021 2459 2089 plane
2502 2027 2735 2091 aspectu
2776 2019 3106 2088 conjunctis.
3182 2019 3327 2074 Nam

587 2100 732 2154 sicut
771 2099 1114 2153 dissonantia
1140 2117 1249 2152 non
1277 2100 1537 2162 delectat,
1582 2098 1634 2151 id
1665 2103 1768 2162 est,
1822 2115 1929 2152 non
1959 2105 2142 2152 movet
2168 2101 2447 2162 concinne,
2492 2102 2591 2153 sed
2632 2101 2860 2154 obturat
2900 2099 3086 2172 pot-ius
3124 2113 3325 2151 aures:

587 2180 670 2232 ita
709 2180 926 2250 quando
968 2179 1236 2247 planetae
1279 2196 1384 2232 non
1427 2184 1557 2232 sunt
1599 2176 1929 2248 configurati
1946 2219 1959 2241 ,
2018 2179 2175 2232 nulla
2225 2179 2397 2233 etiam
2448 2179 2647 2232 existit
2686 2178 2972 2232 commotio
3012 2183 3327 2247 tempesta-

588 2265 734 2321 tum.
791 2259 888 2312 sed
939 2265 1003 2319 ut
1049 2255 1346 2327 plurim‘um
1398 2272 1656 2312 serenum
1695 2265 1802 2312 est.
1888 2259 1982 2312 Da
2034 2275 2217 2312 muess
2274 2273 2401 2314 man
2455 2258 2572 2312 sich
2614 2259 2725 2314 nitt
2766 2259 2916 2312 Irren
2956 2259 3147 2313 lassen
3192 2259 3326 2310 dass

587 2337 930 2395 dhaem-tia
969 2335 1059 2391 ein
1101 2337 1421 2393 deformitas
1479 2338 1582 2401 ist,
1639 2337 1913 2392 serenitas
1964 2339 2101 2392 aber
2150 2339 2239 2392 ein
2290 2339 2660 2407 pulchritudo.
2746 2338 2873 2392 Dan
2924 2336 3007 2392 nit
3047 2336 3327 2394 serenius

587 2417 808 2488 proprie
849 2433 956 2470 von
996 2419 1096 2470 der
1123 2417 1522 2472 inconnexione
1550 2419 1905 2486 planetarum
1933 2418 2304 2472 verursachet
2330 2423 2490 2482 wint,
2532 2419 2767 2471 sondern
2798 2433 2901 2470 nur
2928 2417 3085 2486 quies
3111 2415 3324 2469 Arebei

588 2495 960 2559 subterranei,
1006 2497 1130 2551 auff
1161 2497 1392 2550 solliche
1445 2497 1686 2567 quietem
1737 2497 1889 2567 fulg-t
1930 2497 2222 2551 serenitas,
2308 2498 2381 2552 So
2422 2497 2498 2550 ist
2538 2498 2811 2551 serenitas
2864 2495 2947 2548 nit
2998 2495 3327 2564 simpliciter

589 2579 760 2642 bona,
803 2577 901 2632 sed
943 2583 1162 2632 tantum
1203 2579 1273 2631 ob
1317 2576 1521 2630 oculos.
1604 2575 1776 2629 Mann
1817 2577 1969 2630 lasse
2011 2577 2101 2630 ein
2142 2577 2283 2632 Jahr
2326 2578 2465 2648 lang
2506 2577 2676 2630 sebon
2717 2576 2863 2638 sein,
2905 2577 3051 2632 vnnd
3094 2575 3327 2628 sohawe

588 2672 834 2714 worauss
877 2671 1044 2710 mann
1083 2673 1248 2710 essen
1290 2659 1422 2710 oder
1464 2655 1758 2710 trinckhen
1801 2657 1985 2710 welle.
2058 2657 2261 2710 Archei
2302 2657 2651 2710 subterranei
2692 2671 2831 2723 opus
2876 2661 2967 2708 est
3005 2661 3065 2708 et
3104 2670 3323 2714 munus.

588 2736 730 2791 ciere
771 2737 1024 2792 sudorem
1045 2737 1277 2799 Terrae,
1323 2743 1388 2790 ut
1427 2733 1678 2791 existant
1718 2735 1945 2806 pluviae
1988 2745 2047 2791 et
2089 2737 2263 2791 Terra
2302 2734 2357 2790 in
2398 2752 2530 2789 usus
2572 2741 2790 2791 nostros
2820 2735 3186 2791 humectetur.
3248 2737 3329 2786 At

589 2818 692 2871 boc
731 2834 870 2886 opus
925 2816 1189 2870 incitatur
1240 2816 1460 2870 stimulo
1517 2822 1841 2884 aspectuum
1860 2856 1873 2878 ,
1935 2816 2094 2886 quasi
2154 2818 2391 2886 quadam
2448 2816 2659 2871 musica
2710 2815 2956 2869 coelesti.
3038 2816 3117 2869 Er
3160 2814 3329 2869 thuet

593 2896 762 2952 kbein
805 2912 942 2969 sug,
987 2898 1084 2950 der
1125 2894 1363 2951 Himmel
1403 2894 1566 2965 pfeiff
1597 2896 1708 2949 Ime
1749 2896 1899 2950 daun
1939 2897 2161 2951 darzue.

735 3057 829 3123 41)
866 3077 914 3125 p.
961 3057 1076 3111 ¹40.
1150 3032 1496 3125 Respicientes
1532 3074 1596 3111 ea
1611 3095 1625 3118 ,
1663 3074 1793 3125 quae
1830 3062 1881 3110 in
1919 3060 2203 3124 praemissis
2240 3041 2395 3111 {iteris
2438 3060 2502 3109 de
2536 3059 2737 3109 vocibus
2776 3065 2885 3119 „nt‚
2918 3060 3003 3111 η’*
3044 3056 3136 3109 &c-
3174 3060 3327 3109 affert

597 3132 860 3197 Keplerus,
895 3132 970 3181 bis
1005 3137 1202 3181 tantum
1239 3131 1533 3181 illustranda
1569 3145 1829 3181 censemus
1865 3132 2011 3197 signa
2046 3132 2085 3181 F
2122 3132 2177 3181 fa
2212 3137 2297 3190 ut,
2339 3130 2378 3181 C
2416 3130 2488 3179 sol
2523 3129 2579 3179 fa
2612 3137 2698 3181 ut:

732 3203 892 3255 Guido
929 3202 1163 3253 Aretinus
1203 3198 1325 3263 (sec.
1364 3200 1478 3263 XI.)
1516 3217 1746 3252 sonorum
1782 3202 2236 3253 denominationem
2273 3202 2427 3253 talem
2462 3203 2711 3251 instituit:

860 3270 3087 3338 GAHCDEFgabhcdefac.

855 3350 914 3392 ιιι
1005 3358 1060 3393 re
1156 3345 1222 3392 mi
1312 3343 1366 3393 fa
1453 3343 1524 3392 sol
1620 3342 1676 3393 la
1905 3352 1964 3395 ut
2062 3360 2115 3394 re
2268 3345 2335 3393 mi
2478 3343 2534 3395 fa
2604 3340 2677 3393 sol
2758 3344 2811 3392 la

1315 3420 1374 3464 ut
1465 3427 1520 3464 re
1614 3414 1678 3462 mi
1768 3413 1826 3463 fs.
1895 3416 1970 3465 sol
2063 3416 2116 3464 la
2478 3420 2536 3463 ut
2616 3428 2669 3463 re
2748 3414 2815 3463 mi
2887 3412 2943 3462 fa

1773 3490 1832 3534 ut
1910 3500 1965 3535 re
2054 3487 2121 3535 mi
2211 3486 2265 3535 fa
2476 3485 2551 3535 sol
2620 3484 2676 3533 la
2884 3489 2943 3534 ut

600 3554 944 3608 Fundmento
981 3555 1142 3606 Guido
1177 3568 1408 3607 sonorum
1441 3556 1648 3605 rationis
1681 3570 1802 3605 usus
1840 3562 1919 3606 est
1952 3555 2387 3615 hexachordo,
2436 3557 2641 3622 signans
2678 3566 2823 3605 sonos
2856 3554 3182 3613 nomenonii,
3238 3556 3318 3619 qni

591 3626 974 3691 correspondent
1007 3626 1245 3691 prioribus
1281 3641 1370 3676 sex
1405 3628 1538 3677 sonis
1573 3626 1744 3677 scalae
1758 3662 1772 3684 ,
1811 3640 1962 3691 quam
1996 3626 2145 3677 bodie
2184 3628 2423 3685 „dur-ain⁴⁴
2462 3640 2725 3683 vocamus,
2762 3626 2963 3688 syllabis
2998 3632 3083 3682 ut,
3120 3640 3191 3685 re.
3232 3628 3316 3683 mi.

591 3698 660 3755 fa.
699 3699 788 3755 sol,
825 3698 892 3747 la.
954 3696 1081 3746 Cum
1105 3712 1219 3747 vero
1246 3696 1450 3747 dimidia
1473 3698 1770 3748 benchor-di
1807 3712 1923 3761 pars
1958 3699 2198 3762 posterior
2232 3698 2381 3761 plane
2406 3698 2627 3760 ejusdem
2664 3698 2729 3745 sit
2764 3697 2950 3747 formae
2992 3711 3105 3746 cum
3140 3698 3316 3761 priore,

591 3774 796 3832 quartu
831 3781 982 3817 sonus
1027 3764 1128 3829 (fa)
1178 3783 1264 3831 pro
1314 3768 1422 3817 basi
1473 3770 1584 3819 novi
1631 3768 1933 3819 hexachordi
1982 3774 2183 3832 poterat
2228 3768 2357 3818 sumi
2409 3766 2661 3833 (signatus
2698 3769 2839 3833 signo
2878 3766 3025 3828 „ut“)
3042 3800 3086 3827 ,-
3116 3771 3317 3833 ejusque

591 3845 795 3907 quartus
830 3852 980 3889 sonus
995 3873 1008 3893 .
1059 3840 1378 3902 interpositus
1426 3839 1556 3889 inter
1589 3841 1799 3903 primum
1834 3839 2198 3891 hexachordum
2244 3847 2298 3889 et
2342 3839 2469 3891 illius
2517 3840 2753 3891 acutioris
2796 3840 3104 3902 repetitionis
3120 3874 3135 3897 ,
3188 3840 3317 3889 basis

591 3912 686 3961 fuit
731 3912 865 3961 tertii
915 3909 1246 3967 bexsohordi‚
1301 3924 1396 3973 quo
1451 3910 1585 3959 facto
1639 3911 1771 3959 inter
1821 3910 1988 3960 literas
2026 3926 2059 3959 a
2096 3916 2148 3961 et
2182 3911 2217 3960 h
2252 3925 2405 3959 novus
2440 3925 2589 3960 sonus
2632 3906 2710 3971 (b)
2764 3917 2873 3959 erat
2916 3910 3315 3972 inter-ponendus.

593 3982 810 4032 Primum
843 3980 1213 4031 hexachordum
1246 3980 1576 4043 incipiebatur
1615 3994 1648 4029 a
1678 3995 1796 4030 sono
1825 3983 1869 4031 G
1907 3978 2003 4043 (vel
2034 3979 2126 4043 Γ).
2166 3996 2375 4045 sequens
2405 3996 2436 4031 a
2460 3996 2580 4030 sono
2608 3980 2664 4038 C,
2703 3982 2903 4029 tertium
2930 3994 2964 4029 a
2986 3994 3105 4029 sono
3131 3980 3171 4029 F
3196 3980 3316 4035 ἅπας

591 4053 719 4116 quod
754 4054 796 4102 si
833 4051 1108 4103 secundum
1144 4059 1196 4104 et
1241 4053 1442 4102 tertium
1493 4051 1859 4101 bexachordum
1914 4051 1978 4101 ad
2030 4054 2310 4102 inferiorem
2360 4067 2549 4118 quoque
2597 4058 2794 4116 partem
2840 4052 3103 4113 repetitam
3156 4053 3316 4100 animo

591 4124 816 4182 finxeris,
871 4129 1129 4189 sequetur,
1182 4129 1240 4173 ut
1281 4138 1462 4173 nomen
1500 4124 1633 4182 soni,
1681 4128 1828 4187 prout
1864 4138 2011 4173 sonus
2050 4130 2139 4173 ant
2174 4125 2318 4173 unius
2370 4130 2459 4173 aut
2494 4124 2697 4172 duorum
2743 4128 2832 4172 aut
2866 4124 3013 4171 trium
3048 4121 3317 4171 bexachor-

592 4196 764 4245 dorum
813 4200 890 4246 est
905 4230 919 4253 .
973 4200 1062 4244 aut
1107 4208 1212 4245 una
1263 4200 1353 4244 aut
1397 4194 1590 4244 duabus
1641 4199 1729 4243 aut
1777 4195 1934 4244 tribus
1988 4195 2191 4257 syllabis
2240 4200 2466 4251 constetg
2524 4206 2639 4258 ergo
2692 4208 2736 4241 v.
2776 4208 2821 4243 e.
2868 4206 3019 4242 sonus
3064 4192 3110 4241 G
3146 4216 3213 4228 -
3248 4198 3318 4247 ut.

591 4264 632 4315 C
669 4288 738 4300 -
775 4267 832 4316 fa
863 4272 937 4321 ut,
975 4279 1002 4315 c
1033 4290 1101 4300 —
1137 4266 1230 4324 sol,
1265 4267 1320 4316 fa
1355 4270 1440 4315 ut:
1479 4266 1586 4313 soni
1621 4278 1736 4314 vero
1773 4279 1823 4330 g,
1860 4279 1895 4316 a
1928 4264 2048 4316 &ea
2084 4272 2157 4319 ut.
2198 4266 2288 4322 sol,
2326 4280 2409 4321 ιτς
2448 4279 2518 4323 re,
2556 4264 2624 4321 la,
2662 4265 2729 4312 mi
2766 4263 2857 4313 etc.

730 4336 811 4387 De
849 4336 1212 4402 significatione
1247 4350 1338 4400 per
1372 4336 1544 4385 literas
1582 4335 1786 4397 adiecta
1822 4342 2081 4394 notamus,
2118 4352 2295 4385 sonum
2332 4350 2477 4399 quem
2512 4335 2657 4385 hodie
2694 4335 2742 4384 Η
2779 4335 2985 4385 dicimus
3000 4372 3013 4394 .
3052 4340 3158 4385 tum
3195 4340 3315 4384 tem-

591 4408 724 4471 poris
771 4407 922 4459 litera
955 4408 1000 4457 B
1037 4410 1293 4474 signatum
1343 4406 1524 4464 fuisse,
1572 4420 1845 4471 sonumque
1892 4406 2090 4457 dimidio
2140 4422 2263 4457 sono
2297 4409 2342 4458 B
2380 4408 2617 4457 minorem
2655 4406 2841 4456 dictum
2880 4406 2955 4463 „B
2992 4403 3315 4471 quadratum¹⁶

594 4478 674 4529 vel
711 4478 788 4539 „B
825 4478 1024 4547 mollef-

733 4631 828 4698 42)
853 4652 902 4701 p.
934 4632 1051 4685 146.
1118 4635 1170 4684 Τ
1167 4634 1500 4704 ετραβιβλου
1527 4648 1618 4685 seu
1643 4634 2005 4698 Quadripertiti
2030 4635 2304 4687 Ptolemaei
2325 4633 2398 4699 (ἲ)
2440 4636 2594 4687 edidit
2616 4638 2764 4687 libros
2790 4639 2911 4687 duos
2935 4638 3119 4702 priores
3143 4638 3195 4685 in
3230 4636 3316 4685 lin·

591 4720 744 4771 guam
781 4707 989 4757 latinam
1025 4708 1281 4757 traductos
1318 4707 1496 4758 Joach.
1525 4706 1856 4756 Camerarius.
1896 4706 2117 4756 Norimb.
2160 4704 2310 4755 1535.
2383 4708 2511 4757 Item
2547 4710 2664 4759 Ant.
2708 4710 2916 4773 Gogsva
2951 4708 3160 4770 adjectis
3194 4706 3319 4755 libris

593 4777 954 4840 posterioribus.
1009 4778 1216 4828 Levanii
1259 4776 1412 4827 15⁴8.
1489 4776 1601 4826 Nic.
1641 4776 1912 4827 Pruekner.
1969 4777 2089 4827 Bas.
2133 4777 2289 4827 1551.
2365 4778 2445 4829 Er.
2488 4778 2619 4829 Osv.
2660 4778 3162 4833 Schreckenfuchsius
3206 4777 3318 4825 Bas.

597 4846 726 4897 1551
774 4845 864 4901 &c-
907 4846 1091 4919 (comp.
1130 4849 1430 4903 Weidlerum
1469 4854 1524 4903 et
1559 4845 1934 4913 Scheibelium).
