3634 5575
741 365 774 384 0

1501 376 1666 442 Caput
1701 376 1812 428 xu.
2268 405 2287 415 ι
2900 383 3025 452 145

308 535 424 584 tum
448 529 542 584 uni
581 549 656 586 ex
695 532 968 604 primariis
1011 533 1332 604 corporibus
1375 533 1578 600 tribus,
1625 545 1688 590 et
1729 537 1827 590 uni
1860 553 1937 591 ex
1974 539 2312 594 secundariis
2349 540 2581 596 dnobus.
2638 543 2855 599 Accidit
2888 561 3027 618 ergo

306 615 564 678 respectu
611 611 694 666 rei
748 612 1098 676 alterutrim,
1155 621 1218 667 nt
1267 613 1452 668 altera
1504 621 1698 668 utatur
1745 617 1939 670 eadem
1988 616 2271 674 divisione.
2354 619 2515 674 Talia
2566 621 2801 677 fortuita
2852 625 3030 680 multa

306 688 570 743 eveniunt
609 690 667 743 in
705 693 871 746 rebus
912 691 1316 747 mathematicis
1359 699 1419 747 et
1460 694 1810 748 naturalibus
1826 735 1841 759 ,
1891 701 2088 750 contra
2136 714 2365 768 quorum
2406 717 2723 756 concursum
2762 708 2827 757 ut
2866 701 3031 760 ἀναι-

305 787 431 826 nov
492 771 862 826 confirmanda
910 777 998 824 est
1037 770 1234 838 judicii
1285 773 1460 828 nostri
1514 773 1893 840 imbecillitas,
1956 793 2027 829 ne
2078 777 2269 832 statim
2320 793 2643 850 quacunque
2698 783 3029 838 credulitate

306 848 424 901 sine
464 850 602 903 duce
641 851 859 906 ratione
903 850 1230 920 abripiatur.
1312 853 1452 906 Vide
1494 869 1638 925 quae
1683 869 1855 923 supra
1894 856 1963 908 de
2005 855 2072 910 iis
2114 856 2528 926 disputaverim,
2573 876 2715 931 quae
2758 869 2889 918 sunt
2926 879 3026 916 nu·

305 944 454 980 mero
495 926 634 992 tria,
676 931 768 984 vel
809 947 942 994 sex,
985 930 1078 984 vel
1117 937 1348 1000 septem.

466 1005 524 1078 q)
566 1009 712 1062 Ecce
752 1025 968 1064 rursum
1009 1009 1308 1065 scribendo*
1350 1013 1742 1081 proficientem.
1828 1015 1985 1068 Haec
2038 1015 2185 1070 enim
2236 1016 2465 1070 inventa
2514 1024 2603 1072 est
2653 1019 2827 1073 causa
2866 1019 3027 1089 ipsis-

307 1085 461 1149 sima,
505 1093 570 1140 ut
608 1089 663 1142 in
705 1090 899 1144 Harm.
943 1089 1042 1143 lib.
1083 1089 1182 1144 111.
1211 1091 1363 1164 ,Cap
1407 1092 1450 1148 1.
1496 1092 1554 1146 in
1593 1092 1969 1148 axiomatibus
2009 1093 2197 1148 videre
2238 1103 2342 1149 est.
2427 1096 2571 1150 Nam
2626 1099 2841 1169 figurae
2882 1115 3029 1169 quae

307 1166 666 1234 perfectiores
707 1169 920 1222 habent
960 1170 1475 1235 demonstrationes,
1519 1179 1756 1241 suntque
1785 1171 2035 1226 effabiles
2080 1171 2445 1247 (triangulum
2488 1181 2548 1228 et
2585 1179 3029 1248 quadrangulum

309 1253 368 1298 et
393 1244 810 1318 sexangulum)
848 1249 1130 1318 perfectas
1174 1249 1344 1304 etiam
1393 1251 1622 1320 pariunt
1661 1253 2052 1306 consonantias
2100 1253 2367 1322 maiorem
2426 1271 2569 1324 quae
2610 1272 2741 1310 vero
2781 1257 3029 1312 viliorem

307 1325 522 1379 habent
561 1328 1082 1382 demonstrationem
1125 1336 1186 1383 et
1224 1330 1410 1384 latera
1449 1330 1756 1385 ineffabilia
1796 1332 1890 1400 (ut
1930 1334 2316 1404 octangulum,
2362 1334 2861 1408 quinquangulum,
2904 1338 3028 1390 dec-

309 1400 632 1476 angulnm),
686 1407 908 1461 viliores
951 1407 1119 1462 etiam
1159 1421 1430 1480 peperere
1473 1410 1889 1464 concordantias
1933 1411 2173 1481 majores
2224 1412 2576 1482 imperfectas
2619 1416 2790 1486 vulgo
2832 1415 3028 1470 dictas.

310 1484 463 1538 Haec
503 1491 692 1540 autem
731 1486 1000 1556 perfectio
1039 1487 1130 1540 vel
1175 1489 1456 1543 contraria
1495 1489 1682 1543 vilitas
1723 1489 1915 1545 insunt
1956 1491 2355 1556 consonantiis,
2410 1499 2643 1564 propter
2692 1489 2845 1565 ipsas
2884 1495 3027 1566 figu-

311 1579 402 1618 ras
442 1564 662 1634 planas,
705 1566 895 1620 insunt
935 1572 995 1619 et
1034 1567 1226 1638 figuris
1269 1569 1482 1623 solidis:
1525 1585 1739 1628 rursum
1781 1569 1958 1642 igitur
1998 1587 2107 1624 non
2149 1571 2436 1641 cognatio,
2482 1574 2577 1626 sed
2621 1573 2864 1628 affinitas
2906 1573 3030 1628 sola

313 1643 602 1699 intercedit
655 1646 964 1715 duplicibus
1019 1645 1130 1701 illis
1181 1654 1242 1702 et
1291 1647 1786 1717 imperfectioribus
1840 1649 2174 1704 sectionibus
2225 1650 2553 1705 harmonicis
2619 1669 2741 1707 cum
2799 1655 3029 1708 dodeca-

313 1724 444 1777 edro
484 1723 746 1793 primario
788 1732 849 1779 et
885 1725 1169 1780 icosaedro
1211 1728 1554 1782 secundario.

470 1799 520 1867 r)
563 1805 690 1858 Duo
733 1806 1081 1859 theoremata
1119 1806 1368 1861 infinitae
1408 1808 1700 1871 utilitatis,
1763 1824 1939 1878 eoque
1992 1809 2419 1878 pretiosissima,
2480 1811 2579 1864 sed
2618 1827 2881 1884 magnum
2920 1811 3027 1868 dis·

314 1883 515 1938 crimen
567 1893 754 1938 tamen
809 1892 897 1938 est
954 1885 1100 1940 inter
1140 1893 1449 1956 utrumque.
1531 1887 1671 1942 Nam
1726 1887 1907 1956 prius,
1966 1890 2109 1958 quod
2163 1889 2353 1943 latera
2392 1889 2530 1943 recti
2572 1891 2767 1963 anguli
2816 1891 3033 1962 possint

315 1968 542 2027 tantum,
591 1970 854 2034 quantum
896 1966 1166 2019 subtensa
1200 1973 1373 2030 recto,
1416 1967 1523 2020 hoc
1562 1967 1782 2037 inquam
1825 1973 1975 2020 recte
2004 1967 2411 2037 comparaveris
2448 1985 2668 2025 massae
2696 1970 2843 2024 auri:
2887 1972 3029 2027 alte·

315 2059 448 2106 rum,
490 2045 558 2097 de
599 2044 846 2098 sectione
888 2045 1317 2114 proportionali,
1373 2063 1644 2116 gemmam
1686 2045 1912 2101 dixeris.
1998 2047 2181 2116 Ipsum
2222 2047 2367 2100 enim
2406 2063 2508 2116 per
2548 2064 2608 2108 se
2650 2049 2865 2118 quidem
2907 2050 3028 2119 pul·

315 2121 501 2176 chrum
540 2130 645 2187 est,
691 2128 756 2177 at
795 2121 912 2176 sine
955 2125 1122 2193 priori
1165 2125 1322 2178 valet
1361 2125 1525 2204 nihih
1571 2126 1748 2194 ipsum
1775 2134 1963 2179 tamen
1991 2132 2278 2194 promovet
2305 2126 2589 2180 scientiam
2619 2132 2750 2182 tunc
2777 2128 3029 2194 ulterius,

315 2217 436 2256 cum
474 2203 628 2272 prius
669 2203 808 2256 illud
848 2219 947 2256 nos
990 2203 1340 2273 aliquatenus
1379 2211 1672 2274 provectos
1705 2204 1829 2273 ,iam
1869 2203 2141 2268 destituit,
2186 2204 2354 2258 scilic.
2399 2207 2468 2260 ad
2511 2208 3031 2263 demonstrationem

314 2289 374 2335 et
411 2281 781 2336 inventionem
820 2282 1016 2340 lateris
1057 2284 1450 2354 decangularis
1491 2291 1552 2336 et
1593 2289 1957 2354 cognatarum
2002 2283 2389 2352 quantitatum.

473 2356 528 2429 s)
571 2361 666 2416 Nil
705 2363 914 2426 mirum,
959 2362 1510 2416 accommodationem
1551 2362 1959 2416 harmoniarum
2002 2363 2071 2415 ad
2114 2379 2349 2432 corpora
2388 2365 2581 2418 nonin
2616 2372 2837 2434 promtu
2876 2381 3029 2427 esse;

316 2443 458 2512 quod
497 2441 642 2495 enim
685 2441 741 2495 in
781 2442 904 2496 sinu
947 2448 1183 2496 naturae
1225 2459 1336 2496 non
1376 2449 1488 2505 est,
1543 2441 1598 2494 id
1639 2441 1883 2511 depromi
1924 2441 2139 2512 nequit:
2200 2457 2291 2496 res
2331 2443 2477 2496 istae
2526 2444 2632 2498 hoc
2673 2443 2889 2515 quidem
2930 2459 3030 2498 nu·

313 2536 462 2574 mero
505 2526 564 2574 et
605 2522 712 2575 hac
753 2521 1066 2592 quantitate
1109 2521 1419 2590 descriptae
1461 2528 1594 2574 sunt
1632 2519 2002 2576 insociabiles.
2087 2521 2213 2574 Etsi
2253 2537 2386 2575 vero
2436 2528 2495 2576 et
2533 2539 2643 2593 ego
2698 2523 2756 2577 in
2796 2525 3031 2578 Harmo-

315 2599 466 2664 nicis,
509 2600 608 2654 lib.
653 2602 720 2654 V.
763 2616 886 2670 cap.
930 2601 983 2654 9.
1029 2601 1346 2671 corporibus
1389 2601 1702 2656 harmonias
1745 2600 1983 2654 associo:
2028 2607 2092 2654 at
2110 2600 2185 2654 -id
2226 2618 2333 2655 non
2374 2601 2437 2656 fit
2476 2617 2649 2657 causa
2689 2609 2842 2657 ortus
2870 2603 3031 2657 unius

315 2697 391 2734 ex
431 2681 560 2742 alio,
623 2681 720 2733 sed
777 2695 951 2733 causa
1003 2696 1136 2734 usus
1187 2681 1242 2734 in
1303 2681 1668 2735 exornatione
1720 2680 1929 2742 mundi;
1992 2687 2327 2750 argumenta
2368 2681 2750 2736 associationis
2810 2698 2931 2753 cap.
2976 2681 3031 2736 2.

317 2761 496 2815 multa
535 2759 752 2832 quidem
807 2766 937 2815 sunt
977 2760 1148 2815 etiam
1187 2778 1262 2815 ex
1313 2760 1633 2815 formalibus
1674 2760 2009 2823 rationibus,
2070 2767 2184 2815 tam
2227 2776 2539 2831 corporum,
2602 2777 2763 2833 quam
2812 2762 3029 2817 harmo-

303 2841 545 2905 niarum,
591 2848 654 2893 at
689 2840 794 2895 illa
819 2848 1154 2911 argumenta
1191 2848 1322 2896 sunt
1349 2841 1535 2895 multis
1574 2856 1790 2910 semper
1817 2839 2117 2895 harmoniis
2152 2840 2299 2895 inter
2326 2858 2385 2894 se
2415 2842 2732 2905 communia,
2776 2842 3033 2914 singulae

318 2920 640 2975 harmoniae
667 2920 906 2993 singulis
943 2920 1262 2989 corporibus
1291 2937 1392 2990 per
1419 2936 1491 2975 ea
1515 2938 1623 2975 non
1653 2920 2025 2977 vindicantur:
2074 2922 2345 2974 accedunt
2379 2921 2555 2991 igitur
2580 2920 2780 2976 diversi
2808 2922 3033 2993 generis

317 3008 651 3073 argumenta
691 3001 965 3054 forinseca
1011 3008 1112 3054 aut
1158 3017 1195 3054 a
1249 2999 1658 3070 comparatione
1703 2999 2119 3070 proportionum
2174 3001 2493 3070 figuralium
2539 3018 2663 3055 cum
2707 3000 3035 3055 harmonicis

297 3082 580 3143 deducta3
629 3080 828 3151 quibus
871 3080 1094 3133 tandem
1131 3080 1452 3133 harmoniae
1491 3097 1598 3133 non
1627 3081 1786 3143 istae,
1838 3080 1933 3133 sed
1961 3078 2265 3149 pleraeque
2304 3079 2391 3133 his
2416 3079 2657 3149 majores
2688 3080 3037 3135 associantur

319 3160 668 3233 corporibus;
701 3166 764 3213 at
791 3176 967 3230 neque
996 3158 1312 3225 immediata
1337 3166 1427 3212 est
1451 3159 1593 3213 haec
1621 3158 1935 3221 associatio,
1976 3160 2073 3212 sed
2100 3158 2418 3214 tribuuntur
2452 3160 2771 3214 harmoniae
2798 3160 3035 3215 motibus

317 3240 533 3293 illorum
580 3239 948 3310 planetarum,
993 3254 1221 3308 quorum
1267 3239 1428 3293 orbes
1472 3238 1586 3292 bini
1623 3238 1851 3309 singula
1890 3238 2073 3292 sortiti
2110 3245 2240 3292 sunt
2276 3256 2509 3310 corpora
2552 3239 2862 3313 regularia.
2946 3240 3039 3294 Ita

319 3319 682 3391 commigrant
709 3319 923 3389 quidem
967 3318 1288 3373 harmoniae
1315 3319 1372 3372 in
1403 3320 1639 3389 quinque
1668 3334 1954 3387 corporum
1995 3318 2247 3372 viciniam
2282 3320 2667 3374 inter-stinctae
2714 3320 2827 3373 suis
2856 3336 3035 3374 mace·

315 3400 502 3455 riebus
543 3406 604 3453 et
645 3400 748 3454 sub
789 3400 980 3452 eadem
1020 3404 1174 3454 tecta
1214 3416 1323 3453 non
1363 3398 1720 3467 recipiuntur.

477 3492 531 3565 t)
571 3498 686 3551 Imo
713 3514 784 3551 ne
812 3497 918 3551 hoc
945 3498 1160 3569 quidem
1189 3497 1445 3551 absolute
1473 3510 1660 3549 verum
1689 3500 1793 3548 est.
1879 3494 2051 3547 Nulla
2077 3493 2291 3564 quidem
2320 3512 2394 3547 ex
2434 3494 2501 3548 iis
2540 3512 2681 3566 quae
2711 3503 2842 3551 sunt
2866 3496 3037 3550 mino·
3118 3532 3123 3535 -

317 3595 406 3631 res
436 3592 602 3647 quam
637 3576 922 3646 diapason,
972 3575 1263 3648 cognatior
1301 3584 1389 3631 est
1415 3575 1686 3647 pyramidi
1715 3580 1945 3644 propter
1972 3573 2331 3643 triangulum,
2381 3576 2521 3643 quod
2558 3575 2833 3645 pyramidi
2860 3576 3037 3638 basin,

319 3657 425 3727 ipsi
452 3656 713 3727 diapente
743 3662 921 3711 ortum
947 3658 1200 3727 praebet.
1286 3657 1409 3711 Non
1453 3660 1645 3725 potest
1671 3661 1858 3708 tamen
1903 3651 2009 3721 ipsi
2038 3652 2297 3721 diapente
2335 3652 2489 3706 locus
2518 3652 2597 3707 ibi
2624 3671 2763 3731 esse,
2811 3654 2908 3707 ubi
2934 3670 3037 3724 py-

317 3737 484 3791 ramis
511 3736 890 3800 interlocatur,
939 3739 1034 3791 sed
1064 3736 1188 3790 aliis
1217 3735 1361 3791 notis
1393 3735 1667 3789 censenda
1695 3740 1784 3787 est
1829 3733 1971 3786 haec
1998 3730 2403 3786 harmoniarum
2431 3734 2500 3787 ad
2526 3733 2735 3803 figuras
2767 3732 3038 3803 aptitudo,

320 3820 386 3871 de
415 3834 522 3888 quo
551 3816 676 3870 vide
703 3817 802 3871 lib.
834 3817 903 3871 V.
932 3818 1194 3871 Harmon.
1225 3832 1348 3885 cap.
1381 3816 1436 3870 2.
1510 3814 1760 3877 Quinimo
1787 3830 1859 3867 ne
1887 3812 2145 3883 diapente
2176 3810 2391 3881 quidem
2418 3812 2689 3884 trianguli
2717 3812 2885 3866 solius
2913 3829 3041 3882 pro·

317 3897 472 3951 xima
501 3902 589 3950 est
612 3897 818 3966 proles,
849 3898 946 3951 sed
973 3897 1252 3951 antecedit
1279 3896 1416 3950 illud
1443 3895 1711 3965 diapason
1738 3893 2122 3963 epidiapente;
2150 3890 2274 3945 vide
2301 3892 2398 3947 lib.
2420 3893 2513 3947 IV.
2544 3894 2806 3947 Harmon.
2838 3908 2959 3962 cap.
2983 3892 3039 3945 6.

321 3977 558 4031 Causam
597 3976 815 4047 quidem
842 3975 1008 4044 hujus
1039 3976 1298 4031 affirmati
1325 3975 1665 4029 verissimam
1691 3973 1784 4027 hic
1811 3973 1867 4027 in
1908 3970 2029 4041 ipso
2071 3976 2234 4025 textu
2276 3970 2507 4043 ignarus
2550 3972 2669 4042 ipse
2710 3971 2887 4045 posui,
2930 3978 3043 4025 ter-

319 4057 454 4111 tiam
495 4074 572 4111 sc.
617 4060 834 4125 partem
876 4055 1082 4110 circuli.

479 4148 540 4219 u)
583 4150 950 4216 secundariis,
1001 4150 1122 4205 scil.
1165 4149 1502 4219 corporibus,
1549 4148 1903 4203 associandus
1952 4164 2074 4202 esse
2120 4147 2539 4202 concordantias
2584 4148 2732 4212 illas,
2781 4164 2923 4219 quae
2964 4146 3044 4200 sic

321 4250 421 4303 per
467 4231 764 4287 sectionem
811 4232 1048 4285 chordae
1090 4235 1598 4300 repraesententur,
1642 4235 1706 4282 ut
1754 4229 1798 4281 si
1829 4245 1904 4281 ex
1934 4228 2137 4282 chorda
2179 4245 2282 4297 per
2328 4228 2623 4282 sectionem
2672 4228 2899 4299 signata
2944 4228 3046 4281 fiat

301 4309 576 4375 circulus,
626 4312 777 4365 linea
801 4319 959 4365 recta
987 4327 1130 4382 quae
1159 4310 1328 4381 signa
1353 4308 1646 4373 connectit,
1696 4326 1806 4363 non
1854 4310 1955 4362 fiat
1998 4308 2148 4362 latus
2196 4306 2430 4377 alicujus
2476 4309 2691 4379 figurae
2738 4307 3041 4377 perfectae,

323 4395 416 4447 sed
446 4392 536 4446 vel
565 4406 682 4446 una
707 4390 860 4445 linea
887 4391 1141 4445 solitaria
1166 4396 1407 4454 maneat,
1447 4390 1540 4443 vel
1567 4390 1716 4443 latus
1743 4390 1845 4443 fiat
1870 4390 2086 4459 figurae
2116 4388 2465 4451 abundantis,
2516 4404 2652 4457 quas
2682 4387 2777 4441 lib.
2808 4386 2854 4441 1.
2886 4393 2946 4439 et
2972 4385 3043 4440 11.

322 4473 586 4526 Harmon.
649 4470 846 4525 stellas
911 4486 948 4524 a
994 4468 1344 4524 similitudine
1392 4470 1605 4539 placuit
1647 4468 1983 4538 indigetare.
2082 4466 2381 4520 Pulchrum
2425 4466 2640 4536 quidem
2686 4471 3047 4521 commentum

321 4566 542 4616 causae,
591 4550 828 4621 pulchra
873 4550 1182 4605 distributio
1230 4551 1525 4602 secundum
1553 4564 1676 4602 eam
1704 4545 2114 4602 harmoniarum
2154 4546 2300 4600 inter
2328 4544 2561 4616 quinque
2591 4562 2839 4615 corpora,
2885 4545 2931 4599 si
2956 4561 3044 4599 re·

323 4646 584 4702 sponsum
623 4630 834 4684 numeri
880 4636 1115 4701 spectes,
1167 4634 1230 4682 at
1272 4644 1374 4697 per
1421 4644 1480 4681 se
1525 4644 1704 4697 neque
1751 4626 1993 4696 speciem
2036 4625 2141 4680 hoc
2184 4626 2359 4680 habet
2382 4641 2605 4703 causae,
2653 4642 2833 4696 neque
2879 4631 3047 4693 sexta

321 4726 494 4781 supra
535 4711 804 4781 diapason
844 4711 1130 4781 quicquam
1168 4707 1344 4761 habet
1383 4724 1504 4761 cum
1545 4707 1831 4760 icosaedro
1873 4705 2192 4759 commercii.

481 4785 548 4860 v)
590 4788 762 4853 Quasi
807 4807 939 4844 vero
985 4790 1188 4843 stellae
1235 4805 1344 4842 non
1385 4788 1496 4841 sint
1541 4786 1710 4840 etiam
1753 4786 2011 4856 figurae?
2092 4784 2353 4840 Nimirum
2406 4782 2614 4853 aliquid
2658 4790 2785 4853 erat
2832 4782 3045 4838 commi·

431 4882 609 4932 [σφισι-ἰ
637 4884 776 4933 Opera
803 4882 836 4924 Ι.
1767 4876 1770 4881 ’
1830 4918 1837 4932 ,
2554 4876 2622 4931 10
