3634 5575
1456 388 1631 453 nonin
1666 402 1863 454 Ursum.
2649 470 2656 477 ο
2881 403 3011 469 259

286 554 481 617 eflicit
522 554 707 618 insito
752 556 1045 637 principio
1092 560 1311 634 activo,
1360 562 1469 623 sed
1515 560 1749 641 rapitur
1794 582 1832 622 a
1877 561 2012 623 fixis
2049 557 2136 623 24
2183 562 2379 636 horis3
2423 562 2515 623 ita
2558 562 2753 642 prima
2797 562 2860 637 9-1
2901 584 3011 625 ra-

284 643 453 723 pitur
500 664 539 705 a
580 643 777 725 prima
822 642 893 723 5,
943 664 1129 726 eoque
1178 647 1452 711 ordinate
1500 666 1739 731 semper
1790 649 2088 711 inferioris
2134 649 2330 728 prima
2375 671 2412 710 a
2457 652 2648 729 prima
2689 652 3014 731 superioris

282 749 479 812 nsque
526 734 607 794 ad
642 734 899 795 Lunam.
990 735 1179 797 Porro
1241 754 1395 817 quae
1454 736 1551 798 hic
1598 740 2036 799 Fracastoreus
2093 738 2528 817 interpretandi
2584 758 2770 806 causa
2815 741 3014 813 affert,

286 839 365 881 ea
412 820 465 881 si
512 838 647 883 cum
691 820 807 883 hac
853 822 1351 903 interpretatione
1402 826 1803 902 conferantur,
1856 845 1966 906 per
2013 846 2076 888 se
2107 846 2326 887 casura
2353 833 2518 905 puto.
2612 828 2842 889 Verum
2879 830 3016 907 ipsa

284 909 651 971 Aristotelis
698 910 848 973 haec
892 914 1051 975 ratio
1100 912 1504 975 constituendi
1554 915 1854 977 coelestes
1903 918 2079 977 orbes
2127 934 2245 976 nou
2275 922 2509 977 tantum
2543 915 3014 978 in‘astronomia

288 996 557 1073 videtur,
608 1000 715 1059 sed
761 1018 953 1079 neque
1000 1000 1377 1063 naturalibus
1424 1002 1685 1083 undique
1731 1003 2065 1065 rationibus
2120 1012 2218 1065 est
2264 1012 2692 1065 consentanea.
2787 1005 3011 1077 Primo,

290 1086 453 1165 quod
506 1086 633 1148 siue
682 1086 1025 1150 discrimine
1054 1091 1423 1170 superiorum
1452 1101 1649 1153 motus
1680 1092 1737 1151 in
1767 1092 2084 1153 inferiores
2115 1092 2374 1153 derivari
2415 1092 2654 1165 asserit,
2707 1098 2770 1153 et
2810 1112 3010 1155 eorum

288 1172 392 1254 qui
439 1176 885 1255 amplectuntur
932 1178 1266 1254 inferiores,
1316 1186 1381 1240 et
1426 1179 1671 1259 quinon
1700 1180 2161 1260 amplectuntur,
2211 1180 2464 1261 epicycli
2517 1180 2682 1241 dicti.
2777 1182 3010 1243 Deinde

288 1264 471 1342 quod,
520 1284 655 1326 cum
692 1283 768 1326 ex
794 1266 1139 1346 promiscua
1185 1284 1417 1329 summa
1460 1267 1695 1328 orbium
1725 1269 2045 1330 concludat
2075 1270 2445 1330 Aristoteles
2485 1268 2797 1371 aequalem
2840 1290 3010 1332 sum-

286 1370 453 1413 mam
498 1353 1033 1432 intelligentiarum
1078 1355 1433 1426 motricium,
1487 1365 1719 1435 septem
1766 1364 1970 1418 tamen
2019 1378 2051 1418 e
2097 1376 2373 1433 numero,
2423 1357 2522 1436 qui
2569 1356 2744 1436 primi
2793 1358 3010 1419 stella-

288 1458 421 1501 rum
482 1442 789 1517 dicuutur,
851 1452 1016 1504 motu
1074 1452 1303 1507 carent.
1410 1442 1571 1513 Quid
1625 1444 1811 1523 igitur
1865 1444 1988 1506 iuis
2047 1463 2198 1525 opus
2255 1444 2658 1525 intelligentia
2723 1446 3010 1509 motrice?

288 1528 408 1589 uisi
454 1530 609 1592 forte
655 1530 921 1610 passiva,
972 1532 1141 1612 cujus
1192 1532 1249 1593 vi
1296 1532 1701 1593 obedientiam
1744 1542 2064 1613 praestent
2111 1534 2402 1614 superiori
2447 1533 2714 1595 trahenti
2761 1535 3010 1615 ejusque

290 1624 497 1679 nutum
544 1618 701 1680 ultro
748 1627 1095 1701 sequantur.
1168 1620 1373 1683 Tertio
1422 1640 1586 1696 cum,
1638 1630 1705 1683 ut
1750 1622 1974 1683 dictum
2021 1629 2146 1694 est,
2204 1632 2438 1701 septem
2485 1640 2518 1682 e
2557 1640 2800 1683 numero
2847 1631 3010 1684 motu

289 1714 558 1782 careant,
609 1726 714 1767 cur
758 1726 875 1769 non
921 1709 1116 1770 vicem
1144 1709 1525 1771 restituentis
1555 1710 1864 1790 quaelibet
1895 1711 2137 1790 supplet
2183 1719 2246 1773 et
2293 1711 2384 1772 ita
2413 1728 2582 1771 suam
2621 1710 2758 1789 ipsa
2785 1712 3012 1789 sphae-

226 1855 238 1865 ,
286 1812 420 1855 ram
466 1793 546 1856 ab
589 1796 711 1857 ima
757 1797 1079 1876 superioris
1124 1798 1387 1859 motione
1434 1797 1691 1859 liberat⁹
1780 1798 1918 1861 Nisi
1960 1800 2114 1861 forte
2143 1800 2444 1870 servanda
2473 1799 2812 1877 aequalitas
2857 1800 3044 1869 inter,

284 1882 543 1962 primam
592 1882 842 1948 Saturni
898 1892 963 1947 et
1002 1885 1233 1964 primas
1281 1884 1641 1967 reliquorum
1688 1886 2100 1967 planetarum,
2163 1896 2255 1963 ut,
2315 1887 2456 1967 quia
2511 1886 2620 1947 illa
2674 1886 2790 1949 hoc
2828 1888 3012 1950 otium

288 1978 393 2034 est
435 1980 637 2044 nacta,
678 1973 792 2035 bae
840 1991 1073 2054 quoque
1124 1975 1336 2036 eodem
1376 1975 1697 2054 privilegio
1742 1976 2068 2054 gaudeant.

468 2060 592 2124 Sed
636 2070 1025 2143 pei-texamus
1070 2062 1429 2125 Aristotelis
1476 2062 1854 2125 orationem:
1902 2082 2078 2139 „cum
2123 2063 2308 2144 igitur
2356 2062 2674 2123 ferentium
2712 2063 3010 2141 sphaera-

288 2166 420 2211 rum
467 2149 625 2211 aliae
672 2150 749 2225 8,
798 2152 957 2213 aliae
1003 2148 1091 2213 24
1137 2152 1303 2213 sint“
1352 2152 1439 2225 (in
1488 2151 1631 2213 aliis
1680 2152 2124 2232 exemplaribus
2173 2152 2396 2231 legitur
2431 2148 2571 2225 25).
2667 2149 2825 2212 Octo
2875 2152 3010 2231 qui-

288 2239 428 2300 dem
486 2246 625 2301 sunt
671 2238 920 2302 Saturni
976 2247 1041 2301 et
1082 2238 1286 2314 Jovis,
1357 2232 1727 2320 singulorum
1763 2236 1829 2303 4.
1921 2240 2309 2319 Reliquorum
2367 2238 2418 2299 si
2479 2238 2756 2319 quilibet,
2827 2241 3010 2301 etiam

290 2324 375 2403 Θ
423 2335 489 2387 et
539 2330 627 2402 ζ,
675 2328 1001 2389 secundum
1046 2335 1308 2389 mentem
1338 2328 1721 2389 Fracastorei
1768 2328 1996 2389 habeut
2043 2326 2116 2401 5,
2166 2340 2397 2389 summa
2443 2328 2681 2407 quidem
2729 2325 2812 2391 25
2861 2346 3008 2389 con-

290 2416 489 2477 flatur.
586 2417 821 2477 Vereor
866 2416 1053 2496 igitur
1106 2424 1177 2477 ut
1218 2418 1369 2477 haec
1419 2416 1709 2479 correctio
1759 2413 1843 2480 25
1893 2436 2000 2496 pro
2048 2414 2135 2479 24
2182 2418 2264 2478 sit
2309 2417 2714 2478 Fracastorei.
2809 2413 2878 2478 Si
2929 2414 3010 2493 Θ

287 2512 356 2565 et
396 2504 451 2574 3)
505 2512 831 2583 quaternas
878 2513 1113 2566 tantum
1162 2505 1407 2577 habent,
1456 2517 1689 2567 summa
1731 2506 2130 2584 posteriorum
2177 2506 2295 2566 erit
2339 2502 2444 2579 23,
2494 2523 2611 2565 ιιοιι
2661 2500 2766 2565 25.

425 2592 613 2666 Vide,
681 2612 757 2654 an
816 2610 933 2655 non
998 2592 1085 2655 sic
1140 2592 1626 2673 intelligendum:
1694 2594 1896 2668 „aliae
1951 2595 2164 2669 octo,“
2228 2594 2267 2653 i.
2332 2612 2386 2654 e.
2436 2592 2600 2653 Solis
2657 2600 2720 2654 et
2778 2592 3009 2668 Lunae,

289 2680 493 2831 „aliene
531 2640 685 2755 2?2‚“
730 2679 769 2741 i.
820 2699 873 2743 e.
922 2682 1283 2762 reliquorum
1330 2681 1390 2745 5.
1485 2682 1571 2744 Ut
1614 2682 1705 2743 ita
1750 2683 1834 2744 sit
1869 2681 2206 2743 evidentior
2245 2700 2432 2743 causa
2477 2681 2654 2760 huJus
2697 2680 3010 2743 divisionis

292 2770 354 2832 in
492 2777 557 2831 et
602 2766 710 2833 23.

306 2908 311 2914 .
476 2857 605 2934 „Et
665 2858 878 2921 harum
932 2877 1051 2920 nou
1106 2877 1356 2920 necesse
1420 2867 1519 2920 est
1575 2815 1799 2920 habere
1857 2859 2278 2921 restituentem
2346 2857 2536 2918 solam
2591 2857 2786 2932 illam,
2855 2877 3007 2938 quae

286 2955 517 3008 astrum
564 2947 835 3008 ultimum
884 2947 1071 3009 fert.“
1157 2946 1383 3008 Omnes
1434 2943 1475 3009 6
1521 2947 1891 3027 superiores,
1921 2947 2054 3008 ’sui
2109 2945 2335 3008 ordinis
2390 2945 2574 3019 imae,
2639 2965 2792 3026 quae
2842 2954 3013 3008 astra

286 3054 401 3096 sua
445 3036 664 3110 ferunt,
714 3035 943 3097 babent
987 3035 1101 3098 sub
1147 3055 1213 3096 se
1261 3009 1673 3109 restituentes,
1728 3035 1870 3115 quia
1898 3036 2123 3096 habeut
2169 3045 2234 3095 et
2278 3035 2390 3095 sub
2429 3055 2496 3094 se
2545 3035 2709 3096 aliud
2758 3043 3008 3096 astrum.

287 3122 439 3185 Sola
461 3123 695 3200 Lunae,
742 3123 939 3186 ultimi
986 3124 1156 3198 astri,
1208 3125 1407 3185 ferens
1455 3132 1519 3184 et
1563 3124 1684 3186 ima
1728 3142 1848 3184 non
1896 3125 2082 3186 habet
2131 3123 2241 3183 sub
2271 3141 2337 3184 se
2379 3123 2816 3198 restituentem,
2869 3123 3012 3203 quia

286 3213 515 3274 nullum
563 3219 793 3274 astrum
839 3212 1125 3292 sequitur,
1176 3212 1346 3290 cujus
1392 3211 1588 3294 prima
1632 3211 2007 3274 restituatur.
2102 3211 2620 3286 „Restituentium
2687 3211 2924 3290 quidem
2970 3209 3010 3274 6

286 3309 467 3362 erunt
510 3301 759 3363 duorum
803 3295 1195 3381 primorum.“
1286 3301 1446 3361 Nam
1494 3299 1784 3380 Calippus
1833 3297 2096 3361 Saturno
2143 3296 2186 3360 4
2235 3300 2504 3374 dederat,
2555 3299 2808 3361 totidem
2845 3301 3007 3374 Jovi‚

286 3390 499 3470 primis
544 3391 832 3470 planetis,
928 3389 1302 3452 Aristoteles
1360 3388 1529 3449 addit
1575 3390 1852 3468 utrinque
1907 3387 2187 3461 totidem,
2250 3406 2368 3448 uuo
2413 3387 2636 3457 ιιιίιιιιε,
2701 3397 2770 3450 ut
2825 3408 3008 3469 supra

292 3479 783 3542 denunciaverat.
878 3476 1039 3540 Sunt
1092 3477 1295 3557 itaque
1353 3477 1446 3538 bis
1504 3485 1659 3551 treS,
1728 3495 1878 3556 qnos
1937 3477 2134 3550 addit,
2201 3493 2286 3536 sc.
2339 3471 2398 3537 6.
2493 3474 2816 3549 „Sedecim
2863 3496 3006 3538 vero

284 3567 685 3646 posteriorum
729 3563 838 3631 4.“
927 3566 1088 3628 Nam
1132 3565 1421 3628 Eudoxus
1470 3567 1656 3627 dabat
1702 3573 1785 3634 d,
1837 3565 1905 3641 Q,
1959 3563 2044 3638 ῼ,
2097 3561 2215 3640 Q:
2245 3563 2336 3639 ·5,
2385 3561 2459 3638 5,
2513 3561 2582 3637 5,
2632 3559 2706 3636 4;
2754 3567 3003 3626 Aristo-

284 3657 443 3716 teles
500 3656 673 3718 addit
728 3656 1011 3731 totidem,
1081 3673 1319 3735 semper
1375 3673 1493 3716 uno
1546 3654 1774 3728 minuS,
1845 3671 1932 3714 sc.
1982 3651 2059 3729 4,
2119 3651 2188 3727 4,
2240 3649 2310 3725 4,
2360 3649 2428 3727 3,
2496 3652 2654 3731 quod
2710 3671 3000 3714 summam

286 3744 439 3810 facit
490 3742 587 3808 15.
684 3743 791 3806 Sin
840 3752 1045 3806 autem
1090 3752 1155 3805 et
1202 3741 1282 3820 Θ
1332 3743 1658 3805 secundum
1706 3741 2088 3804 Fracastorei
2133 3752 2396 3803 mentem
2441 3741 2666 3802 habeat
2711 3740 2750 3804 5
2801 3744 3001 3803 feren-

281 3839 410 3908 tes,
466 3831 719 3894 habebit
774 3841 839 3894 et
883 3829 927 3896 4
972 3833 1400 3907 restituentes,
1462 3833 1691 3910 eritque
1751 3825 1988 3892 summa
2035 3849 2183 3892 sane
2243 3826 2338 3892 16.
2437 3828 2682 3904 „Quare
2741 3831 3002 3892 omnium

284 3939 563 4006 numerus
631 3930 695 3982 et
762 3921 1081 3984 ferentium
1151 3927 1215 3982 et
1284 3920 1730 3982 restituentium
1794 3919 1915 3980 erit
1971 3917 2130 3995 553⁶*
2201 3918 2494 3998 siquidem
2575 3917 2696 3979 illic
2769 3920 3000 3981 Fraca-

284 4018 487 4072 storeo
544 4009 825 4090 largiaris
885 4007 957 4085 8,
1016 4006 1142 4083 25;
1206 4007 1305 4070 hic
1363 4005 1433 4083 6,
1500 4005 1600 4071 16.
1694 4007 1787 4070 At
1841 4007 1893 4068 si
1949 4005 2017 4082 8,
2079 4004 2164 4070 23
2231 4016 2296 4068 et
2350 4004 2419 4082 6,
2485 4005 2562 4092 15
2621 4007 2994 4088 colligamus,

282 4115 576 4160 summam
622 4097 1001 4160 conficiemus
1050 4095 1153 4159 52.
2988 4170 2994 4177 ἱ

463 4185 574 4262 „Si
618 4203 761 4247 vero
790 4185 923 4248 Soli
968 4193 1033 4246 et
1059 4185 1273 4246 Lunae
1317 4201 1433 4244 nou
1474 4183 1778 4244 addiderit
1814 4182 1968 4262 quia,
2018 4201 2166 4263 quos
2199 4182 2478 4258 diximus,
2527 4190 2724 4244 motus
2771 4201 2996 4258 omnes,
3063 4257 3072 4270 .

280 4274 577 4354 sphaerae
624 4282 801 4336 erunt
842 4271 991 4338 49.“
1089 4272 1235 4334 Sive
1294 4272 1451 4333 enim
1500 4263 1791 4350 Calippus
1840 4272 2010 4333 binos
2068 4272 2396 4346 addiderit,
2453 4271 2676 4332 cadent
2717 4272 2910 4350 primo
2957 4269 3002 4333 4

280 4363 564 4437 ferentes,
615 4363 753 4424 dein
804 4359 846 4424 2
894 4361 1287 4424 restituentes
1334 4358 1515 4434 Solis,
1566 4361 1707 4440 quia
1744 4356 1785 4420 2
1834 4360 1964 4438 ejus
2014 4361 2276 4420 ferentes
2323 4359 2614 4422 cecidere.
2709 4359 2833 4421 Sex
2879 4359 3022 4437 igi--

278 4459 379 4513 tur
425 4454 478 4514 si
524 4453 767 4514 auferas
816 4472 852 4513 a
890 4448 1004 4522 55,
1062 4455 1307 4511 restant
1348 4444 1455 4511 49.
1548 4448 1774 4528 Aliqua
1841 4457 2038 4508 tamen
2088 4448 2456 4526 exemplaria
2510 4447 2736 4508 habeut
2781 4447 2996 4509 vitiose

278 4535 365 4602 47
386 4559 406 4616 3
476 4540 605 4602 sive
652 4539 875 4619 singuli
924 4559 962 4601 a
991 4539 1246 4616 Calippo
1294 4537 1419 4598 sint
1454 4535 1664 4611 additi,
1714 4535 1938 4596 cadent
1980 4535 2174 4614 primo
2223 4535 2262 4598 2
2293 4538 2574 4608 ferentes,
2623 4553 2742 4596 una
2768 4538 2995 4608 Lunae,

280 4629 481 4692 altera
525 4627 711 4703 Solis,
760 4627 1013 4708 indeque
1062 4629 1195 4706 ejus
1238 4644 1361 4686 una
1404 4624 1735 4686 restituens
1747 4643 1767 4697 ;
1816 4641 2000 4702 quare
2031 4621 2070 4686 3
2111 4625 2184 4685 de
2213 4622 2300 4687 52
2346 4622 2608 4698 ablatae,
2656 4625 2998 4706 relinquunt

277 4715 498 4780 iterum
543 4713 653 4780 49.
744 4716 967 4778 Nescio
1031 4714 1171 4795 quid
1232 4713 1487 4775 monstri
1542 4712 1693 4774 dant
1744 4711 2013 4774 affectati
2071 4711 2324 4786 numeri,
2391 4711 2443 4772 si
2501 4719 2702 4773 tamen
2757 4715 2994 4794 genuini

283 4813 467 4867 sunt:
530 4811 631 4866 est
674 4802 889 4866 binarii
934 4804 1122 4867 cubus
1170 4799 1240 4876 8,
1290 4819 1569 4863 numerus
1616 4801 1932 4864 ferentium
1979 4797 2020 4880 15
2069 4809 2135 4862 et
2175 4799 2274 4874 ‘213
2325 4807 2424 4861 est
2467 4800 2680 4862 binarii
2729 4802 2994 4880 quadra-

276 4901 405 4956 tum
451 4889 524 4970 4,
574 4909 857 4957 numerus
904 4893 1220 4956 stellarum
1263 4899 1407 4972 post
1450 4890 1603 4951 duas
1648 4889 1807 4965 illas,
1859 4906 2012 4969 quae
2042 4889 2436 4951 restituentes
2482 4888 2594 4950 sub
2629 4909 2698 4950 se
2733 4890 2991 4966 habeut3

2444 4991 2511 5044 1⁷
2531 4995 2566 5025 ⁴*
