3634 5575
579 351 714 420 380
1343 371 1360 382 ‘
1425 355 1629 407 Literae
1665 354 1869 420 Kepleri
1918 353 2219 420 aliorumque
2244 359 2457 406 ‘mutuae

581 513 733 578 facit
776 519 1030 576 naturae
1051 561 1068 587 ,
1137 511 1408 576 admittit
1451 520 1656 574 tamen
1700 511 2122 593 proportiones
2172 529 2288 576 non
2336 509 2637 587 ε’μμελεις,
2684 519 2752 574 ιιι
2806 505 2877 596 ⁰l,
2934 513 3042 576 stc.
3134 511 3304 592 Ego,

577 612 648 666 ut
693 602 962 666 auditum
1007 602 1367 664 instruerem
1413 601 1774 664 necessariis
1822 601 2137 674 subsidiis,
2198 600 2411 680 quibus
2458 601 2517 662 in
2564 601 2672 664 illa
2720 601 3040 666 latitudine
3084 602 3305 664 inten-

579 691 764 754 sionis
811 699 1040 754 certum
1086 690 1331 770 aliquod
1377 698 1664 770 punctum
1710 690 2068 752 verissimae
2116 690 2547 752 consonantiae
2596 691 2867 752 exaudiri
2912 700 3144 770 posset,
3192 690 3307 752 via

579 800 722 842 usus
768 799 902 842 sum
949 779 1010 842 in
1059 779 1475 854 arithmetica,
1523 779 1584 840 in
1631 778 1997 858 geometria,
2064 779 2123 840 in
2172 778 2494 842 stathmice
2543 778 2799 858 aliisque
2846 779 3119 842 scientiis
3164 779 3305 841 nsi-

581 878 732 943 tata,
783 877 851 930 ut
897 868 1134 932 scilicet
1179 868 1530 943 definirem,·
1555 867 1694 948 quid
1740 869 1877 948 plus
1926 874 2091 930 esset
2127 868 2321 945 Justo,
2371 867 2513 948 quid
2558 867 2771 944 minus,
2822 869 3028 950 itaque
3066 874 3307 930 certum

578 958 899 1032 haberem,
967 957 1292 1020 veritatem
1353 956 1618 1020 residere
1685 957 1744 1020 in
1801 957 2019 1020 medio.
2112 957 2185 1020 Id
2233 963 2439 1019 autem
2496 956 2584 1019 sic
2632 957 2961 1021 successit:
3040 967 3309 1020 extensa

581 1046 811 1110 chorda
857 1065 1036 1127 super
1083 1046 1199 1108 duo
1247 1045 1530 1127 ephippia
1565 1045 1694 1106 sive
1723 1045 2029 1126 magadia‚
2078 1046 2167 1108 sic
2213 1052 2283 1107 ut
2308 1052 2561 1108 sonaret
2585 1045 2862 1124 impulsa,
2912 1053 3131 1126 postea
3176 1047 3303 1107 ad-

581 1136 742 1198 hibui
791 1136 1034 1198 tertium
1101 1134 1444 1215 ephippium
1493 1133 1726 1197 mobile
1747 1183 1766 1210 ,
1834 1141 1899 1198 et
1959 1142 2199 1214 partem
2262 1134 2526 1196 chordae
2576 1133 2937 1214 longiorem,
3002 1155 3041 1196 a
3086 1134 3305 1197 mobili

579 1224 860 1304 ephippio
909 1224 1323 1296 terminatam,
1389 1221 1716 1286 identidem
1759 1223 2034 1304 pulsavi,
2098 1241 2347 1304 cumque
2396 1229 2531 1284 tota
2574 1223 2803 1286 chorda
2848 1225 3095 1305 ejusque
3144 1243 3305 1286 sono

576 1314 944 1392 comparavi,
993 1314 1183 1375 donec
1231 1312 1473 1374 auribus
1525 1312 1825 1374 videretur
1862 1312 2149 1375 constitui
2186 1311 2345 1375 inter
2372 1321 2687 1392 utramque
2724 1313 2919 1394 prima
2956 1321 3025 1374 et
3046 1311 3305 1374 minima

577 1402 990 1477 consonantia,
1040 1402 1198 1463 inter
1244 1420 1306 1462 re
1354 1403 1546 1462 et.fa.
1640 1399 1765 1464 Sed
1813 1402 1955 1481 quia
2000 1421 2195 1475 aures,
2246 1409 2313 1464 ut
2358 1400 2502 1474 dixi,
2550 1401 2817 1464 incertae
2847 1402 3173 1465 manebant
3214 1401 3297 1462 de

576 1490 832 1570 genuino
877 1501 1100 1570 puncto
1149 1488 1414 1570 ephippii
1461 1488 1726 1563 mobilis,
1786 1509 1967 1570 super
2022 1509 2135 1570 quo
2200 1489 2599 1552 constitueret
2634 1489 2869 1568 justam
2914 1489 3179 1552 chordae
3226 1491 3299 1552 fa

579 1579 1036 1658 longitudinem,
1095 1579 1231 1642 ideo
1277 1577 1516 1659 pulsavi
1563 1578 1747 1640 etiam
1795 1581 2051 1642 alteram
2098 1578 2435 1642 breviorem
2482 1578 2741 1640 chordae
2788 1587 3063 1658 partem,
3135 1598 3299 1658 quae

578 1668 788 1748 statim
835 1668 1194 1730 dissonabat
1239 1689 1276 1729 a
1321 1674 1456 1729 tota
1501 1674 1566 1728 et
1613 1686 1650 1727 a
1696 1668 1925 1748 majore
1970 1676 2163 1748 parte,
2214 1667 2267 1729 si
2316 1668 2411 1729 vel
2457 1667 2644 1730 hilum
2692 1688 2731 1728 a
2776 1666 3033 1747 genuino
3062 1675 3295 1747 puncto

577 1756 987 1819 recessissem.
1065 1758 1214 1820 Tres
1251 1756 1438 1837 igitur
1481 1757 1945 1820 concordantias
1993 1757 2234 1818 auditus
2265 1775 2577 1836 quaerens,
2628 1775 2745 1818 non
2774 1757 2973 1834 potuit
3008 1756 3297 1818 aberrare

578 1867 618 1906 a
653 1845 990 1926 justissimo
1036 1855 1259 1926 puncto
1270 1865 1291 1921 3
1337 1865 1478 1908 nam
1521 1863 1666 1926 pars
1714 1846 1929 1919 altera,
1978 1845 2213 1924 longior
2249 1845 2419 1924 justo
2452 1845 2687 1912 effecta,
2736 1844 3114 1925 relinquebat
3139 1844 3297 1906 reli-

581 1951 758 2015 quam
812 1936 984 2016 Justo
1030 1935 1384 1998 breviorem.
1475 1935 1609 1996 Hoc
1653 1941 1837 2014 pacto
1898 1935 2133 1996 bisecta
2178 1933 2403 1996 chorda
2448 1933 2749 2014 exquisite
2794 1953 2902 2014 per
2949 1933 3299 2013 ephippium

577 2023 816 2096 mobile,
865 2024 1171 2104 apparuit,
1240 2044 1375 2087 esse
1423 2025 1583 2087 inter
1625 2031 1833 2104 partes
1883 2022 1912 2086 1
1975 2029 2041 2084 et
2097 2018 2127 2082 1
2182 2021 2589 2096 unisonum,
2654 2024 2814 2085 inter
2856 2029 3095 2104 partem
3143 2021 3166 2084 1
3228 2029 3299 2084 et

577 2119 770 2175 totam
818 2109 880 2187 2,
930 2113 1284 2192 diapason
1333 2113 1726 2188 harmoniam,
1777 2131 1931 2193 quae
1978 2110 2261 2174 facillime
2310 2110 2673 2192 dijudicatur
2698 2111 2778 2172 ab
2816 2112 3083 2185 auribus,
3132 2111 3297 2174 sicut

577 2201 861 2280 spatium,
911 2202 988 2263 ab
1037 2203 1317 2283 ephippio
1365 2203 1570 2265 mobili
1617 2201 1894 2275 divisum,
1944 2199 2397 2280 expeditissime
2426 2200 2702 2263 manibus
2748 2207 2812 2262 et
2843 2200 3081 2262 circinis
3110 2219 3291 2262 men·-

577 2298 846 2364 suratur,
907 2311 984 2352 an
1032 2291 1094 2354 in
1143 2292 1258 2354 duo
1303 2299 1468 2354 recte
1527 2291 1610 2354 sit
1655 2297 1907 2352 sectum.
2002 2287 2073 2350 Si
2121 2307 2263 2369 ergo
2317 2289 2477 2351 inter
2521 2290 2777 2352 chordas
2824 2289 3197 2368 longitudine
3256 2287 3287 2351 1

577 2386 642 2440 et
686 2376 726 2442 2
774 2379 1244 2461 est·diapason,
1307 2389 1452 2443 tunc
1499 2378 1724 2443 chorda
1771 2397 1879 2440 seu
1926 2378 2125 2460 spatio
2172 2378 2233 2438 in
2280 2374 2319 2440 3
2368 2378 2593 2452 diviso,
2644 2385 2709 2440 et
2756 2377 3034 2458 ephippio
3082 2376 3295 2440 mobili

579 2467 657 2528 ad
726 2475 1012 2547 punctum
1073 2489 1252 2532 unum
1319 2469 1626 2550 applicato
1646 2516 1664 2543 ,
1731 2467 1851 2529 erit
1912 2467 2071 2530 inter
2134 2473 2343 2547 partes
2400 2465 2421 2528 1
2479 2474 2542 2529 et
2588 2464 2628 2530 2
2675 2485 2909 2530 rursum
2974 2465 3293 2546 diapason.

577 2556 742 2619 Tunc
805 2557 984 2637 pulsa
1045 2565 1222 2638 parte
1269 2555 1310 2620 2
1367 2567 1434 2620 et
1477 2564 1610 2619 tota
1657 2553 1733 2632 3,
1801 2556 2045 2620 auribus
2102 2555 2366 2618 occurrit
2420 2554 2865 2637 perfectissima
2923 2555 3293 2635 diapente,

577 2663 754 2726 quam
799 2647 1062 2709 fortasse
1109 2665 1226 2708 non
1273 2645 1365 2709 ita
1411 2645 1706 2728 exquisite
1757 2653 2187 2725 agnoscerent,
2254 2644 2371 2706 nisi
2424 2653 2633 2725 partes
2689 2644 2949 2706 chordae
3006 2644 3172 2724 prius
3226 2643 3295 2706 in

576 2734 888 2815 diapason,
939 2743 1006 2798 ut
1051 2736 1196 2811 dixi,
1248 2735 1604 2799 conciliatae
1656 2741 1883 2811 essent,
1934 2735 2052 2797 etsi
2100 2733 2379 2815 diapente
2426 2740 2568 2815 post
2612 2733 2905 2814 diapason
2950 2731 3293 2814 expeditis-

577 2823 724 2887 sime
773 2824 1136 2904 dijudicatur
1183 2826 1260 2887 ab
1308 2824 1568 2889 auribus.
1663 2822 1768 2888 Sic
1813 2825 1992 2903 pulsa
2036 2830 2213 2903 parte
2265 2822 2293 2885 1
2348 2830 2413 2884 et
2454 2831 2590 2885 tota
2636 2821 2697 2899 3,
2746 2821 3009 2885 occurrit
3045 2821 3291 2885 auribus

575 2912 1022 2991 perfectissima
1088 2913 1432 2994 diapente
1498 2914 2005 2993 epidiapason
2068 2912 2400 2974 harmonia.
2506 2910 2711 2975 Causa
2764 2918 2976 2992 patet:
3044 2930 3184 2973 nam
3254 2910 3285 2973 1

576 3019 712 3062 cum
757 2997 800 3062 2
847 3008 946 3063 est
989 3001 1302 3081 diapason,
1351 3000 1392 3065 2
1440 3022 1574 3065 cum
1622 2999 1660 3065 3
1709 3010 1810 3065 est
1856 3001 2159 3081 diapente,
2210 3020 2353 3081 ergo
2405 3000 2431 3063 1
2488 3019 2622 3063 cum
2670 2998 2711 3063 3
2759 3008 2854 3063 est
2895 3001 3179 3080 diapente
3226 3007 3294 3061 et

577 3088 894 3167 diapason.
989 3090 1102 3151 Hic
1141 3092 1272 3170 jam
1339 3092 1725 3155 ratiocinatio
1787 3090 2075 3161 dividitur
2131 3090 2188 3151 in
2236 3090 2389 3151 duos
2434 3108 2656 3151 ramos.
2750 3089 2912 3151 Nam
2957 3088 3010 3150 si
3055 3107 3199 3169 pars
3246 3084 3292 3151 2

581 3196 718 3239 cum
765 3184 903 3240 tota
948 3174 988 3241 3
1038 3186 1135 3240 est
1179 3180 1485 3260 diapente,
1535 3188 1670 3242 tota
1717 3198 1862 3259 ergo
1909 3179 1969 3241 in
2019 3176 2058 3241 5
2108 3179 2336 3252 divisa,
2386 3178 2503 3240 erit
2548 3185 2612 3239 et
2656 3196 2799 3257 pars
2846 3174 2890 3241 2
2936 3198 3071 3241 cum
3115 3184 3291 3258 parte

576 3262 615 3328 3
665 3265 984 3345 diapente:
1035 3268 1112 3329 ad
1159 3288 1340 3348 quam
1387 3270 1831 3349 agnoscendam
1880 3286 2055 3330 aures
2095 3268 2229 3347 jam
2272 3267 2535 3329 numeris
2582 3266 2679 3329 his
2725 3265 2766 3328 2
2814 3273 2877 3329 et
2923 3264 2986 3341 3,
3034 3273 3101 3328 et
3128 3266 3287 3328 divi-

577 3355 748 3417 sione
797 3355 980 3436 spatii
1023 3356 1084 3417 in
1134 3355 1173 3420 5
1223 3358 1502 3439 aequalia
1547 3378 1655 3439 pro
1705 3355 2064 3421 adminiculo
2112 3364 2385 3429 utuntur,
2446 3356 2501 3418 si
2553 3374 2663 3436 per
2710 3375 2775 3417 se
2824 3374 2941 3417 non
2988 3372 3289 3436 agnosce-

577 3450 715 3506 rent
759 3444 949 3507 illam.
1043 3446 1232 3509 Pulsa
1275 3465 1418 3509 vero
1467 3447 1693 3509 chorda
1739 3454 1875 3509 tota
1903 3442 1942 3507 5
1994 3454 2056 3507 et
2084 3452 2261 3525 parte
2310 3443 2368 3520 3,
2419 3465 2594 3508 aures
2626 3450 2961 3524 agnoscunt
3008 3453 3293 3505 sextam

577 3533 826 3595 duram
873 3534 1000 3597 sive
1047 3536 1358 3615 majorem.
1449 3535 1553 3597 Sic
1597 3536 1777 3615 pulsa
1819 3542 1997 3615 parte
2047 3532 2087 3596 2
2137 3541 2201 3595 et
2246 3542 2379 3596 tota
2427 3531 2501 3608 5,
2552 3551 2803 3595 necesse
2851 3540 2975 3608 est,
3027 3532 3289 3594 existere

576 3621 972 3701 compositam
1020 3644 1052 3684 e
1101 3631 1280 3686 sexta
1327 3630 1391 3687 et
1435 3623 1681 3703 quinta,
1747 3624 1879 3685 sive
1902 3671 1919 3698 ,
1988 3623 2145 3703 quod
2188 3623 2349 3684 idem
2396 3630 2528 3696 est,
2594 3640 2673 3683 ex
2721 3620 2905 3683 tertia
2952 3621 3179 3699 majore
3228 3628 3293 3682 et

577 3708 892 3792 diapason.
987 3712 1102 3773 Hic
1147 3732 1353 3775 ramus
1399 3712 1880 3775 ratiocinationis
1928 3730 2159 3774 rursum
2216 3710 2639 3773 subdividitur.
2734 3708 2802 3771 Si
2848 3709 3007 3771 enim
3054 3726 3200 3788 pars
3247 3705 3287 3771 3

579 3818 714 3861 cum
763 3798 801 3861 5
851 3808 984 3863 tota
1031 3808 1360 3876 consonat,
1431 3820 1572 3881 ergo
1621 3801 1816 3863 divisa
1862 3808 1996 3863 tota
2054 3801 2109 3861 in
2159 3798 2238 3873 8,
2308 3800 2491 3861 etiam
2548 3796 2587 3861 3
2634 3818 2777 3880 pars
2834 3818 2967 3860 cum
3026 3796 3064 3861 5
3112 3806 3288 3879 parte

577 3889 939 3951 consonabit
985 3888 1058 3951 δι’
1092 3886 1166 3963 ἐξ
1209 3890 1570 3968 majorem
1593 3908 1610 3964 ;
1660 3898 1724 3951 et
1768 3898 1930 3963 tunc,
1978 3890 2155 3969 pulsa
2184 3896 2359 3969 parte
2400 3888 2438 3951 5
2479 3896 2541 3951 et
2570 3896 2706 3951 tota
2740 3885 2801 3961 8,
2852 3906 3029 3949 aures
3060 3906 3287 3967 agnos-

577 3984 722 4039 cunt
767 3976 842 4039 δι’
876 3974 950 4051 ἐξ
993 3978 1382 4051 minorem,
1431 3997 1608 4058 quam
1655 3998 1774 4041 non
1821 3978 1911 4041 ita
1936 3978 2235 4058 exquisite
2265 3978 2507 4040 definire
2536 3984 2788 4059 possent
2828 3976 2888 4037 in
2920 3976 3291 4057 assignanda

531 4086 546 4099 ⁸
577 4064 762 4145 spatii
809 4067 1170 4147 quantitate,
1220 4067 1376 4129 citra
1401 4069 1863 4148 praecedentem
1894 4066 2245 4129 divisionem
2274 4066 2460 4146 spatii
2490 4066 2675 4129 totius
2702 4066 2760 4126 in
2792 4060 2854 4140 8,
2904 4064 2980 4125 ob
3010 4064 3289 4127 latitudi-

579 4174 734 4226 nem,
781 4163 848 4218 ut
877 4155 1021 4230 dixi,
1069 4154 1330 4217 auditus.
1409 4156 1514 4219 Sic
1559 4158 1736 4237 pulsa
1763 4164 1940 4237 parte
1972 4152 2010 4218 3
2058 4162 2123 4217 et
2167 4163 2301 4218 tota
2343 4151 2388 4217 8
2416 4172 2789 4236 consequens
2838 4162 2954 4226 est,
3002 4161 3072 4214 ut
3100 4173 3289 4215 exau-

587 4242 790 4306 diatur
835 4243 1172 4324 composita
1218 4264 1250 4305 e
1299 4252 1478 4308 sexta
1523 4246 1736 4325 majori
1785 4254 1851 4309 et
1895 4252 2073 4307 sexta
2099 4244 2330 4319 minori,
2380 4244 2509 4307 sive
2538 4264 2615 4306 ex
2644 4250 2859 4323 quarta
2884 4249 2947 4304 et
2976 4241 3289 4321 diapason.

579 4330 696 4395 Hic
735 4333 866 4413 jam
913 4352 1344 4412 progressuros
1409 4334 1843 4397 subdividendo
1908 4333 2425 4397 ratiocinationem
2488 4332 2795 4415 excipiunt
2852 4329 3287 4393 dissonantiae.

577 4418 738 4483 Nam
784 4421 926 4501 quia
969 4441 1112 4501 pars
1159 4420 1200 4485 3
1250 4430 1313 4484 et
1357 4428 1492 4485 tota
1536 4422 1580 4488 8
1625 4430 1998 4491 consonant,
2064 4430 2133 4485 ut
2179 4422 2333 4496 dixi,
2402 4428 2538 4484 tota
2581 4421 2767 4502 igitur
2830 4420 2889 4481 in
2945 4420 3013 4480 11
3072 4418 3285 4490 divisa,

575 4526 722 4589 pars
776 4507 815 4573 3
865 4518 930 4573 et
971 4531 1116 4593 pars
1162 4508 1205 4574 8
1253 4513 1668 4575 consonabunt
1723 4512 2039 4585 similiter;
2116 4521 2183 4574 at
2228 4518 2363 4573 tota
2416 4510 2485 4572 11
2555 4520 2620 4572 et
2678 4518 2850 4589 parte
2911 4508 3201 4570 utralibet
3248 4504 3289 4569 3

579 4598 676 4659 vel
723 4594 774 4660 8
809 4599 1014 4679 pulsa,
1073 4620 1250 4665 aures
1297 4600 1677 4663 offenduntur
1737 4607 2191 4682 agnoscuntque
2241 4600 2695 4663 dissonantiam.
2788 4595 2911 4671 Sic,
2962 4596 3103 4677 quia
3144 4614 3289 4677 pars

581 4682 622 4747 5
671 4694 733 4747 et
779 4694 910 4749 tota
954 4686 997 4752 8
1041 4696 1398 4763 consonant,
1447 4696 1582 4751 tota
1625 4689 1808 4767 igitur
1854 4690 1915 4751 in
1970 4687 2047 4753 13
2080 4690 2294 4767 divisa,
2342 4708 2485 4769 pars
2534 4686 2573 4751 5
2622 4696 2685 4750 et
2730 4705 2873 4771 pars
2920 4681 2963 4747 8
3010 4684 3290 4749 similiter

583 4775 1013 4852 consonabunt,
1059 4784 1130 4841 at
1173 4796 1386 4840 sonum
1433 4774 1474 4840 5
1521 4778 1618 4839 vel
1663 4775 1706 4841 8
1753 4796 1888 4842 cum
1932 4798 2081 4841 sono
2126 4778 2313 4841 totius
2368 4774 2446 4840 13
2495 4785 2905 4859 comparatum
2956 4792 3134 4837 aures
3179 4792 3285 4836 re-
