3634 5575
677 376 764 447 26
1493 411 1498 421 ·
1864 381 2187 435 Prooemium·

676 558 742 595 ne
775 542 1064 606 peritissimo
1101 542 1296 607 quidem
1334 542 1510 592 artifici
1545 542 1804 599 hactenus,
1841 542 1917 593 vel
1952 556 2040 605 per
2070 542 2383 595 insomnium,
2420 538 2473 589 in
2508 544 2725 588 mentem
2760 538 2908 587 venit.
2964 536 3073 587 Iam
3098 546 3213 586 vero
3236 536 3391 599 Kep-

676 616 805 665 lerus
839 620 1008 663 noster
1041 614 1356 663 solertissimo
1395 628 1454 664 ex
1489 614 1762 678 geometria.
1797 616 1995 663 invento
2033 614 2218 663 orbium
2254 626 2343 661 seu
2378 610 2694 675 sphaerarum
2731 609 3013 660 coelestium
3042 614 3231 659 certum
3270 607 3391 657 fini-

675 693 876 749 tumque
914 700 1170 735 numerum
1207 692 1260 735 et
1295 686 1530 739 ordinem.
1569 690 1718 747 atque
1753 686 1883 749 quod
1916 686 2182 735 maximum
2220 690 2310 743 est,
2350 689 2537 732 certam
2570 682 2981 745 magnitudinum,
3022 681 3151 730 sicut
3184 682 3237 728 et
3274 692 3388 727 mo-

675 765 845 813 tuum,
885 756 950 806 ad
985 770 1039 807 se
1073 765 1242 807 mutuo
1278 758 1638 821 proportionem
1671 756 1855 813 tradit3
1902 763 1955 805 et
1986 755 2135 839 paulo
2172 754 2319 805 altius
2354 758 2514 803 sumto
2550 754 2689 803 initio
2726 753 2967 807 ostendit,
3010 750 3141 815 quod
3176 749 3395 811 Creator

675 828 812 877 Deus
839 826 952 891 Opt-
979 827 1114 895 Edax·
1153 830 1203 877 in
1239 828 1408 877 mundi
1445 828 1710 887 creatione,
1744 831 1891 890 juxta
1925 829 2135 892 quinque
2170 826 2467 891 regularium
2506 838 2755 887 corporum
2792 824 3215 889 geometricorum,
3256 820 3395 871 alias

675 900 896 948 omnibus
934 901 1196 964 geometris
1230 900 1606 953 notissimorum,
1640 901 2018 962 proportionem,
2056 899 2290 963 sphaeras
2324 894 2561 946 coelestes
2596 894 2800 945 mobiles
2832 894 3169 951 fabricaverit,
3207 898 3393 943 enen-

675 970 834 1027 derit,
871 970 1190 1033 disposuerit,
1253 970 1562 1019 adornaverit
1607 974 1660 1019 et
1693 970 2004 1019 ordinaverit.
2078 972 2241 1033 Atque
2275 969 2407 1018 hanc
2442 968 2745 1017 sententiam
2779 968 2883 1029 ipse
2916 981 3019 1015 non
3052 965 3253 1030 logicis,
3292 978 3395 1015 nec

675 1042 864 1092 levibus
889 1046 978 1091 aut
1002 1041 1179 1098 dubiis,
1217 1042 1292 1091 vel
1318 1041 1544 1096 anilibus,
1579 1040 1732 1091 multo
1757 1044 1919 1091 minus
1958 1041 2130 1093 alienis
2166 1048 2313 1105 atque
2351 1039 2415 1089 ad
2438 1040 2739 1102 propositum
2761 1052 2905 1087 suum
2926 1037 3163 1087 violenter
3186 1036 3395 1085 adacfls

675 1114 986 1175 conjecturis,
1023 1113 1110 1163 sed
1146 1114 1398 1178 genuinis,
1434 1113 1797 1175 propriissimis,
1836 1119 1941 1163 tam
1976 1126 2037 1163 ex
2072 1125 2233 1163 rerum
2268 1118 2472 1169 namra,
2512 1124 2659 1174 qnam
2696 1124 2759 1159 ex
2790 1110 3065 1175 geometria
3100 1108 3393 1171 deprensis,

675 1185 847 1249 quibus
885 1184 1153 1233 contradici
1189 1198 1288 1233 non
1324 1188 1502 1247 potest,
1541 1184 1811 1233 ratiociniis
1850 1184 2122 1234 confirmat.
2198 1183 2415 1243 Quorum
2450 1182 2755 1245 potis-:mum
2788 1187 2880 1235 est.
2928 1180 3307 1245 elegantissima
3340 1184 3398 1227 et

667 1256 966 1304 suavissima
998 1255 1269 1312 harmonia,
1309 1261 1362 1304 et
1397 1268 1673 1305 consonans
1711 1262 1982 1305 concentus
2021 1255 2199 1305 calculi
2236 1253 2547 1303 astronomici
2585 1266 2645 1302 ex
2670 1252 3087 1303 observationibus
3119 1254 3225 1313 jam
3267 1256 3395 1299 ante

673 1326 867 1389 proditi,
906 1340 1016 1375 cum
1051 1328 1265 1389 quinque
1299 1326 1596 1390 regularium
1633 1340 1889 1389 corporum
1924 1326 2247 1377 diastematis.
2307 1324 2517 1384 Quantis
2544 1325 2675 1373 enim
2704 1323 2975 1373 intervallis
3010 1322 3253 1386 sphaerae
3296 1322 3393 1371 cir-

673 1398 1000 1459 cumscriptae
1037 1399 1161 1447 cubo
1198 1408 1286 1446 seu
1320 1398 1594 1451 hexaedro.
1637 1398 1883 1460 pyramidi
1919 1412 2007 1447 seu
2043 1398 2317 1454 tetraedro,
2356 1394 2663 1445 dodccsedro
2678 1430 2693 1450 ,
2728 1394 2985 1445 icusaedro
3000 1430 3015 1451 ,
3052 1393 3293 1443 octaedro
3306 1428 3323 1449 ,
3364 1406 3397 1441 a

673 1466 893 1531 sphaeris
926 1468 1006 1518 his
1042 1469 1216 1519 iisdem
1252 1469 1532 1532 corporibus
1567 1468 1812 1532 inscriptis
1850 1470 2101 1534 sigillatim
2124 1470 2341 1525 distant;
2378 1473 2527 1515 tanta
2560 1468 2713 1517 etiam
2746 1466 3015 1515 interstitia
3048 1468 3177 1515 inter
3208 1464 3395 1528 plane·

673 1540 826 1589 turias
863 1540 1099 1605 sphaeras
1137 1554 1198 1590 ex
1233 1540 1402 1589 ordine
1437 1540 1730 1604 interposita
1765 1554 1875 1589 esse
1914 1542 2271 1591 astronomicae
2293 1539 2658 1589 numerationes
2696 1538 2958 1603 (quantum
2983 1536 3179 1600 quidem
3202 1536 3273 1585 ab
3302 1535 3395 1591 eis,
3406 1574 3425 1601 a

673 1608 850 1673 quibus
883 1625 982 1659 non
1017 1625 1182 1674 pauca
1219 1610 1380 1661 adhuc
1426 1611 1636 1661 deficere
1682 1624 1827 1660 nemo
1873 1612 2291 1662 observationibus
2326 1612 2545 1659 intentus
2582 1611 2743 1659 nescit
2756 1645 2771 1667 ,
2820 1610 2916 1659 huc
2952 1623 3109 1673 usque
3141 1607 3397 1671 praestari

671 1682 832 1745 potuit
877 1688 964 1731 sut
1011 1684 1298 1744 praestitum
1345 1679 1446 1739 est)
1483 1682 1748 1732 clarissime
1783 1682 2023 1734 indicant.
2102 1685 2181 1733 Ab
2213 1684 2311 1733 hoc
2344 1683 2495 1747 igitur
2530 1685 2773 1745 tempore,
2824 1680 2908 1743 qui
2944 1680 3187 1729 coelorum
3222 1682 3399 1729 motus

671 1752 862 1815 plenius
896 1755 1140 1818 inquirere
1157 1788 1169 1811 ,
1221 1758 1272 1803 et
1307 1768 1436 1818 qnae
1475 1756 1528 1803 in
1565 1755 1869 1804 astronomia
1902 1755 2065 1807 adhuc
2099 1768 2283 1805 manca
2330 1758 2447 1803 sunt
2462 1788 2476 1811 ‚
2526 1752 2729 1803 reficere
2780 1759 2831 1801 et
2862 1752 3200 1817 redintegrare
3234 1750 3395 1806 volet,

669 1824 822 1873 habet
850 1827 957 1886 jam
996 1826 1029 1875 a
1063 1826 1208 1889 priori
1247 1832 1506 1889 patentem
1536 1829 1764 1889 januam.
1802 1840 1904 1888 qua
1937 1826 2256 1892 ingrediatur,
2293 1826 2445 1875 habet
2476 1824 2803 1873 rectissimam
2838 1837 3077 1883 normam,
3118 1823 3183 1873 ad
3216 1836 3395 1887 quam,

673 1909 766 1945 ceu
801 1895 876 1945 ad-
903 1896 1114 1959 Lydium
1148 1896 1390 1961 lapidem,
1447 1910 1616 1946 omnes
1653 1910 1771 1947 suas
1819 1896 2182 1947 observationes
2201 1933 2215 1956 ‚
2268 1903 2520 1959 totumque
2572 1892 2815 1946 calculum
2866 1894 3131 1945 examinet.
3204 1894 3397 1943 Merito

671 1967 822 2032 igitur
845 1973 1013 2017 nostro
1039 1968 1206 2019 seculo
1244 1966 1306 2017 de
1329 1969 1424 2018 hoc
1451 1968 1847 2018 excellentissimi
1874 1968 2218 2019 Mathematici
2242 1968 2447 2033 Kepleri
2482 1968 2873 2031 ingeniosissimo
2910 1968 3111 2016 invento
3148 1966 3391 2032 gratulor,

671 2035 792 2087 nihil
830 2038 1087 2097 dubitans,
1128 2041 1246 2103 quin
1281 2055 1368 2103 per
1403 2041 1454 2091 id
1489 2045 1650 2089 totam
1686 2041 2035 2089 asti-onomiam
2070 2040 2350 2103 propediem
2386 2043 2717 2089 restauratam
2750 2039 2898 2089 visuri
2934 2039 3101 2087 simus.

813 2106 958 2170 Quod
993 2112 1036 2159 si
1071 2124 1234 2175 quem,
1274 2113 1402 2161 sicut
1435 2111 1677 2161 hactenus
1711 2126 1810 2160 non
1848 2124 2050 2175 paucos,
2090 2110 2347 2174 Copernici
2369 2109 2712 2173 hypothesium
2739 2123 2772 2160 a
2793 2110 2959 2159 multis
2984 2110 3239 2173 illegitime
3270 2124 3393 2159 con-

673 2181 912 2231 demnata
948 2186 1000 2229 et
1033 2188 1231 2245 praeter
1263 2183 1507 2233 rationem
1543 2180 1804 2233 diffamata
1829 2182 2104 2233 absurditas
2130 2180 2361 2240 offendit;
2402 2188 2455 2231 et
2488 2182 2617 2245 quod
2640 2182 2887 2244 Keplerus
2919 2182 3014 2231 hoc
3050 2194 3139 2231 suo
3168 2182 3394 2238 invento,

671 2266 774 2301 una
811 2266 922 2302 cum
963 2251 1230 2316 Cepernico
1246 2290 1262 2312 ‚
1311 2252 1562 2304 stellarum
1607 2252 1815 2303 fixarum
1852 2255 1902 2302 in
1940 2262 2179 2313 extremo,
2234 2262 2285 2305 et
2321 2252 2447 2304 Solis
2482 2252 2533 2301 in
2569 2252 2737 2302 mundi
2774 2256 2944 2302 centa-o
2978 2252 3393 2308 immobilitatem,

671 2329 820 2387 atque
869 2323 1052 2373 Terrae
1103 2330 1241 2375 extra
1285 2324 1502 2375 medium
1547 2325 1835 2375 circularem
1870 2324 2195 2377 mobilitatem
2233 2326 2437 2376 astruit:
2488 2324 2533 2371 is
2568 2336 2751 2388 quaeso
2785 2324 2919 2388 prins
2956 2338 3060 2373 rem
3098 2330 3391 2389 cognoscat.

671 2400 724 2444 et
759 2396 1035 2453 examinet,
1086 2410 1234 2460 qnam
1271 2398 1496 2460 praecoci
1531 2396 1833 2460 praejudicio
1869 2400 2169 2447 sententiam
2202 2397 2363 2453 ferat·
2414 2396 2457 2443 is
2502 2394 2667 2459 legat,
2724 2408 2852 2458 quae
2892 2394 3191 2459 Cepernious
3222 2395 3393 2445 nb.1.

669 2478 778 2529 cap.
818 2465 882 2514 V.
928 2472 982 2516 et
1028 2468 1241 2532 quinque
1289 2469 1634 2533 sequentibus,
1683 2470 1804 2517 item
1848 2481 1979 2531 quae
2032 2469 2278 2531 Keplerus
2322 2474 2491 2517 noster
2536 2466 2725 2530 cap.1.
2774 2469 2851 2515 sni
2886 2466 3139 2517 Prodromi
3182 2466 3391 2516 scribit.

666 2552 760 2587 neo
794 2552 895 2587 non
931 2552 1058 2603 quae
1096 2537 1336 2589 Rheticus
1373 2545 1608 2605 sequente
1643 2540 1929 2591 narratione
1965 2539 2145 2599 habet,
2203 2542 2289 2590 ubi
2322 2538 2619 2603 principales
2656 2540 2871 2588 rationes
2908 2546 3195 2593 enumerat,
3233 2552 3394 2603 quare

671 2614 956 2659 aveterum
993 2615 1378 2660 astronomorum
1412 2611 1761 2675 hypothesibus
1797 2610 2127 2660 recedendum
2162 2612 2323 2662 merit.
2398 2610 2463 2659 Et
2510 2609 2723 2659 videbit.
2776 2610 3115 2674 quaestionem
3162 2609 3225 2660 de
3280 2610 3393 2659 loco

672 2686 724 2729 et
759 2684 1000 2743 perpetua
1033 2682 1198 2745 quiete
1235 2681 1418 2731 Terrae
1453 2694 1766 2746 nequaquam
1801 2681 2037 2745 liquidam
2072 2696 2200 2733 esse.
2278 2681 2467 2743 Quibus
2503 2680 2637 2730 istud
2674 2681 2907 2745 adiungo.

815 2750 1033 2802 Usitatis.
1061 2766 1185 2803 sane
1219 2753 1596 2817 hypothesibus,
1643 2766 1772 2818 quae
1826 2754 2209 2818 praescriptione
2258 2754 2419 2818 potius
2466 2764 2613 2814 quam
2648 2752 2842 2803 ratione
2879 2751 3047 2803 valent
3092 2750 3302 2810 (idcirco
3340 2757 3395 2802 et

669 2823 818 2887 vulgo
857 2836 944 2872 eas
979 2825 1199 2886 proponi,
1239 2831 1292 2873 et
1325 2832 1525 2887 tyrones
1559 2826 1782 2889 primitus
1815 2825 1869 2875 in
1906 2827 1994 2884 eis,
2032 2825 2167 2876 velut
2190 2827 2511 2876 communiter
2533 2825 2679 2881 notis,
2720 2829 2773 2874 et
2807 2825 2868 2874 ob
2903 2824 2955 2874 id
2988 2825 3149 2886 ipsum
3185 2825 3393 2887 cognitu

671 2893 968 2944 facilioribus
991 2930 1004 2953 .
1051 2895 1300 2945 informari
1335 2897 1492 2945 satius
1529 2903 1580 2946 et
1615 2895 1885 2946 consultius
1922 2902 2025 2946 est:
2062 2897 2135 2946 ita
2171 2898 2372 2946 easdem
2406 2898 2459 2945 in
2498 2897 2673 2946 ceteris
2710 2895 3121 2958 disputationibus
3137 2929 3152 2952 ,
3190 2895 3286 2944 nisi
3324 2895 3391 2945 ad

625 3025 634 3032 Ι
675 2965 910 3014 interiora
946 2968 1272 3016 astronomiae
1307 2967 1584 3031 penetralia
1619 2967 1991 3032 ingrediendum
2027 2969 2106 3017 sit
2148 2970 2471 3018 communiter
2506 2967 2723 3024 retineri,
2762 2967 2972 3017 eandem
3008 2967 3069 3015 ob
3106 2979 3311 3016 causam
3334 2973 3394 3016 ut

675 3035 936 3098 plurimum
972 3033 1194 3101 expedit)
1231 3037 1386 3088 Terra
1418 3039 1467 3087 in
1504 3037 1666 3090 medio
1701 3041 1871 3102 quieta
1905 3039 2164 3092 statuitur,
2202 3041 2452 3104 potissimo
2492 3043 2781 3102 argumente
2820 3053 2853 3088 a
2887 3038 3147 3103 gravitatis
3182 3043 3235 3087 et
3267 3035 3390 3086 levi·-

673 3107 792 3156 tatis
827 3110 1088 3158 momentis
1125 3109 1379 3167 desumto,
1431 3111 1548 3173 quia
1592 3111 1764 3175 gravia
1801 3109 1866 3160 ad
1901 3109 2070 3160 mundi
2116 3111 2331 3162 medium
2376 3111 2631 3166 deorsum.
2682 3109 2813 3158 levia
2856 3109 2921 3158 ab
2966 3109 3187 3172 ejusdem
3222 3107 3389 3158 medio

674 3191 865 3228 sursum
901 3179 1015 3228 ferri
1053 3179 1297 3230 dicuntur.
1372 3183 1442 3230 At
1477 3195 1660 3246 quaeso
1695 3181 1826 3230 unde
1852 3171 2001 3230 ‘nobis
2038 3182 2164 3232 haec
2199 3183 2377 3232 levium
2415 3182 2731 3247 graviumque
2782 3177 3121 3244 experientia?
3178 3186 3233 3229 et
3266 3195 3387 3243 quo-

671 3263 828 3313 usque
877 3263 1044 3300 eorum
1095 3253 1276 3302 notitia
1319 3253 1452 3315 apud
1496 3266 1585 3301 nos
1631 3266 1685 3301 se
1731 3253 1982 3313 extendit,
2035 3260 2093 3302 ut
2140 3269 2200 3303 ex
2258 3253 2331 3303 eis
2366 3255 2516 3302 totius
2552 3252 2724 3302 mundi
2758 3253 2973 3301 medium
3010 3257 3143 3302 certo
3180 3265 3389 3316 arguere

671 3322 913 3385 possimus
927 3320 952 3370 ⁶?
1005 3323 1085 3376 An
1121 3337 1219 3373 non
1257 3325 1416 3373 omnis
1452 3324 1596 3373 sedes
1633 3329 1686 3373 et
1719 3329 1879 3373 totum
1914 3325 2211 3374 domicilium
2250 3326 2467 3374 omnium
2504 3337 2687 3386 eorum,
2722 3337 2849 3388 quae
2886 3323 3027 3372 nobis
3061 3325 3237 3387 gravia
3270 3329 3388 3372 sunt

672 3397 762 3441 aut
797 3392 942 3451 levia,
981 3394 1151 3453 Terra,
1189 3402 1244 3445 et
1275 3397 1414 3445 circa
1449 3395 1652 3445 Terram
1689 3409 1777 3444 aer
1813 3401 1922 3444 est.
1904 3393 1929 3425 ‘³
1986 3393 2085 3446 Sed
2110 3397 2225 3460 quid
2250 3395 2419 3452 Terra,
2458 3395 2573 3459 quid
2610 3409 2721 3445 eam
2757 3395 2978 3444 ambiens
3014 3408 3116 3454 aer,
3154 3399 3385 3458 respecta

671 3465 944 3514 immensae
979 3467 1128 3516 totius
1165 3467 1334 3516 mundi
1369 3467 1655 3516 vastitatis.
1635 3465 1660 3498 ⁹
1713 3465 1961 3516 Punctum
1986 3473 2119 3525 sunt,
2157 3469 2256 3518 sive
2280 3467 2520 3530 puncmli,
2560 3471 2611 3515 et
2644 3467 2685 3515 si
2722 3467 2839 3529 quid
2873 3467 3032 3514 niinns
3069 3465 3165 3515 dici
3198 3471 3383 3529 posset

671 3536 914 3585 rationem
938 3536 1139 3588 habent.
1198 3538 1344 3599 Quod
1379 3553 1492 3588 cum
1528 3539 1608 3594 sit,
1649 3551 1714 3588 an
1749 3553 1849 3587 non
1884 3539 2220 3602 philosophum
2258 3539 2505 3588 dicturum
2538 3541 2705 3601 putas,
2742 3537 2871 3601 quod
2905 3537 3099 3586 infirma
3121 3551 3384 3602 argumem

671 3608 795 3656 tatio
833 3621 867 3656 a
899 3598 1160 3672 particula,
1199 3611 1301 3662 sive
1334 3609 1430 3660 hoc
1463 3608 1698 3674 punctulo
1737 3609 1802 3659 ad
1838 3615 1994 3658 totum
2018 3611 2251 3660 mundum
2278 3607 2566 3659 extructus-⁹
2623 3609 2736 3658 Non
2775 3623 2891 3673 ergo
2938 3623 3000 3658 ex
3040 3608 3116 3666 iis,
3156 3623 3287 3673 quae
3320 3607 3387 3658 ad

669 3677 764 3728 hoc
798 3680 1084 3742 punctulum
1123 3687 1380 3746 appetunt,
1401 3681 1497 3732 vel
1536 3681 1599 3730 ab
1636 3695 1694 3732 eo
1731 3681 2009 3745 refugiunt,
2042 3682 2105 3732 de
2144 3681 2490 3743 spaciosissimi
2526 3681 2671 3743 hujus
2705 3680 2874 3729 mundi
2912 3685 3081 3730 centro
3118 3681 3243 3730 certi
3278 3695 3386 3730 esse

667 3763 938 3814 possumus.
1001 3751 1188 3803 Locum
1224 3753 1422 3818 quidem
1456 3768 1598 3802 suum
1633 3751 1897 3815 proprium,
1936 3752 2016 3815 qui
2054 3752 2337 3816 philosopho
2374 3758 2505 3801 teste
2544 3757 2620 3801 est
2655 3751 2891 3815 perfectio
2927 3751 3015 3810 rei,
3051 3749 3179 3802 haec
3216 3757 3388 3800 nostra

668 3821 842 3887 gravia
891 3829 942 3870 et
995 3824 1124 3874 levia
1169 3839 1202 3874 a
1244 3829 1427 3874 natura
1465 3824 1556 3873 sibi
1593 3823 1831 3872 tributum
1868 3827 2137 3886 appetunt,
2188 3837 2337 3886 quam
2384 3821 2725 3882 affectionem,
2780 3831 2837 3873 ut
2874 3821 3173 3886 Cepernicus
3208 3823 3293 3872 lib.
3337 3819 3385 3870 1.

669 3907 778 3956 cap.
820 3890 868 3941 9.
908 3895 1096 3944 erudite
1134 3895 1328 3945 disserit
1343 3930 1357 3952 ,
1397 3895 1626 3946 credibile
1665 3901 1743 3944 est
1777 3895 1929 3944 etiam
1964 3893 2095 3952 Soli,
2134 3895 2333 3952 Lunae,
2367 3895 2653 3957 ·ceterisque
2704 3895 2970 3944 errantium
3006 3893 3273 3958 fulgoribus
3306 3895 3383 3944 in-

667 3979 794 4033 esse,
831 3969 889 4014 ut
924 3969 1028 4029 ejus
1067 3965 1292 4016 efficacia
1325 3967 1378 4015 in
1416 3981 1494 4021 ea.
1533 3979 1632 4030 qua
1671 3981 1724 4016 se
1760 3972 2156 4028 repraesentant,
2195 3965 2497 4016 rotunditate
2531 3973 2888 4030 permaneant:
2934 3965 3063 4030 quod
3094 3965 3135 4014 si
3171 3967 3213 4014 is
3248 3964 3385 4015 locus

671 4035 851 4086 alicubi
886 4037 1030 4088 simul
1065 4039 1132 4088 sit
1168 4037 1338 4088 mundi
1375 4045 1613 4095 centrum,
1653 4037 1704 4086 id
1739 4051 1843 4086 non
1870 4038 1965 4086 nisi
1989 4051 2075 4102 per
2101 4037 2330 4087 accidens
2358 4036 2614 4102 contingit.
2672 4035 2858 4087 Verum
2885 4035 3140 4100 Copernici
3164 4037 3383 4087 rationes

669 4109 1030 4160 astronomicae
1065 4123 1165 4160 non
1203 4123 1236 4158 a
1269 4107 1544 4174 particula,
1595 4123 1752 4174 eaque
1802 4108 2161 4166 minutissima,
2208 4107 2275 4158 ad
2310 4114 2497 4158 totum:
2544 4109 2632 4158 sed
2670 4115 2868 4167 contra,
2908 4123 2941 4158 a
2974 4113 3079 4158 toto
3117 4108 3182 4158 ad
3216 4113 3383 4171 partes

669 4178 960 4242 procedunt.
3388 4221 3393 4225 .

809 4248 910 4300 Sed
945 4257 998 4302 et
1035 4267 1094 4302 ex
1129 4253 1233 4315 ipso
1272 4249 1616 4314 hypothesium
1652 4251 1949 4300 usitatarum
1976 4255 2027 4300 et
2052 4247 2309 4333 Copernici
2333 4264 2563 4315 processu
2587 4250 2733 4304 facile
2761 4251 3060 4318 agnoscitur,
3098 4255 3240 4300 utrae
3276 4249 3384 4316 plus

673 4319 790 4371 fidei
832 4327 1129 4374 mereantur.
1203 4323 1401 4372 Etenim
1440 4321 1697 4386 Cepernici
1748 4321 2045 4385 hypotheses
2101 4323 2315 4372 omnium
2369 4322 2553 4372 orbium
2600 4328 2651 4372 et
2700 4323 3018 4386 sphaerarum
3069 4321 3289 4372 ordinem
3334 4329 3385 4372 et

667 4393 1058 4456 magnitudinem
1093 4395 1163 4446 sic
1200 4399 1487 4455 numerant,
1538 4393 1834 4457 disponunt,
1884 4399 2187 4442 connectunt
2236 4399 2287 4444 et
2330 4395 2627 4450 metiuntur,
2680 4400 2736 4442 ut
2770 4393 2889 4442 nihil
2926 4393 3187 4477 quicquam
3222 4393 3275 4442 in
3312 4394 3383 4444 eis

667 4465 850 4512 mutari
889 4471 978 4516 aut
1011 4466 1292 4528 transponi,
1332 4466 1438 4514 sine
1475 4466 1624 4514 totius
1660 4466 1873 4514 universi
1916 4463 2231 4520 confusione,
2277 4466 2459 4528 possit·
2506 4466 2623 4528 quin
2661 4466 2811 4515 etiam
2850 4466 3005 4514 omnis
3043 4464 3284 4513 dubitatio
3321 4465 3381 4514 de

668 4535 766 4582 situ
802 4542 855 4584 et
889 4537 1014 4588 serie
1053 4535 1220 4600 procul
1257 4533 1461 4586 exclusa
1495 4541 1680 4586 manet.
1752 4535 1975 4586 Econtra
2028 4537 2078 4586 in
2129 4536 2480 4600 hypothesibus
2526 4537 2722 4586 usitatis
2782 4551 3013 4586 numerus
3062 4527 3381 4600 sphaerarum

667 4607 885 4656 incertus
922 4613 1012 4656 est.
1083 4607 1180 4658 Alii
1215 4608 1346 4657 enim
1383 4622 1582 4665 novem,
1621 4607 1704 4658 alii
1744 4604 1837 4666 10.
1878 4609 1962 4657 alii
2002 4605 2061 4655 11
2106 4607 2340 4672 sphaeras
2376 4611 2654 4664 numerant,
2692 4623 2785 4657 nec
2824 4607 2985 4657 adhuc
3022 4608 3253 4658 convenit
3288 4621 3377 4656 nu·

666 4691 843 4726 merus.
920 4675 1050 4728 Ordo
1087 4679 1267 4730 ibidem
1305 4684 1384 4728 est
1419 4678 1622 4730 dubius.
1663 4679 1870 4730 definita
1906 4679 2159 4734 distantia
2199 4686 2394 4743 praeter
2434 4675 2497 4740 Θ
2540 4684 2592 4728 et
2628 4671 2701 4741 D,
2741 4679 2880 4729 nulla
2914 4679 3037 4736 dari.
3077 4678 3257 4728 nedum
3294 4679 3377 4730 de-

667 4750 931 4800 monstrari
965 4756 1141 4812 potest.
1216 4749 1296 4800 De
1333 4749 1564 4807 Venere,
1602 4747 1845 4800 Mercurio
1884 4755 1937 4800 et
1972 4749 2085 4800 Sole
2125 4751 2182 4800 lis
2219 4751 2433 4802 nondum
2472 4750 2745 4813 composita
2782 4755 2884 4810 est,
2934 4765 3026 4801 nec
3064 4757 3381 4814 componetur

665 4833 900 4884 unquam.
957 4819 1378 4886 Regiomontanus
1415 4821 1498 4871 lib.
1526 4785 1575 4869 9⁹.
1605 4835 1713 4884 cap.
1746 4819 1793 4868 1.
1834 4821 2084 4886 Epitomes
2120 4823 2169 4870 in
2196 4822 2393 4886 Almag.
2415 4819 2545 4870 Ptol.
2586 4821 2861 4876 confitetur,
2900 4821 3029 4886 quod
3065 4827 3175 4871 uter
3210 4835 3378 4870 eorum

667 4887 840 4942 Venus
875 4891 953 4943 vel
988 4890 1259 4944 Mercurius
1303 4905 1453 4960 supra
1503 4891 1714 4946 alterum
1764 4893 1975 4946 situetur
1986 4927 2003 4954 ‚
2058 4892 2192 4942 nulla
2242 4892 2531 4948 certitudine
2578 4891 2874 4962 deprehendi
2920 4893 3088 4962 possit.
3163 4891 3229 4941 Et
3264 4891 3377 4944 licet
