3634 5575
1412 383 1580 436 Nom
1613 383 1847 436 ssim.
2860 385 2989 452 209

269 546 468 606 praeter
500 547 674 605 typum
712 557 922 592 aeneum
961 538 1066 607 (qui
1103 542 1264 592 lusum
1299 541 1504 607 Kepleri
1542 543 1738 609 saepius
1776 543 1965 596 dictum
2000 542 2221 606 exhibet)
2236 581 2249 604 ,
2304 545 2546 597 delineari
2560 584 2574 609 ,
2625 549 2709 598 ubi
2758 556 2809 600 te
2844 563 2991 613 prae-

271 618 461 662 sentem
499 627 652 676 saepe
689 615 869 677 optavi.
942 611 1074 663 Nam
1113 613 1408 669 delineatio,
1445 615 1574 664 sicut
1609 617 1660 664 in
1697 617 1795 666 tuis
1834 615 2189 680 exemplaribus
2224 619 2391 668 inveni
2406 655 2421 673 .
2466 633 2565 668 non
2599 621 2741 670 facta
2772 621 2869 670 fuit
2884 655 2899 678 ,
2936 627 2995 670 ut

270 697 384 733 eam
420 684 714 748 typographi
751 685 934 734 imitari
968 686 1232 748 potuerint.
1307 684 1500 735 Tabula
1534 686 1560 735 1
1597 683 1717 747 (10)
1757 686 2011 736 delineata.
2044 688 2139 738 fuit
2173 689 2313 754 nigro
2350 695 2402 738 et
2436 690 2581 739 rutilo
2620 690 2783 742 colore
2798 727 2813 752 ,
2865 693 2993 756 quod

269 757 320 804 in
355 755 696 821 typographiis
732 755 838 804 fieri
873 756 1060 820 nequit.
1133 754 1380 806 Tabulam
1416 755 1464 807 11
1503 753 1622 818 (11)
1661 759 1917 816 contraxi,
1968 764 2027 806 ut
2066 772 2171 808 una
2214 762 2403 826 pagina
2437 759 2760 812 exhiberetur.
2835 765 2993 813 Arcus

268 825 783 889 prosthaphaeresinm
805 826 994 883 itidem,
1029 831 1175 890 prout
1199 828 1506 878 commodum
1533 828 1646 886 fuit,
1681 830 1880 892 reposui
1918 826 2008 888 (ad
2033 843 2143 893 cap.
2174 827 2282 892 15).
2346 831 2405 881 Ῑιι
2441 833 2545 882 tab.
2574 833 2600 882 1
2634 833 2993 898 proportionem

271 898 646 946 convenientem
663 931 677 954 ,
725 903 964 962 qnantum
1008 898 1238 960 possibile
1273 899 1396 956 fuit,
1447 900 1628 949 retinui
1647 934 1662 957 ‚
1709 914 1806 950 nec
1842 907 2013 950 tamen
2050 901 2317 965 quidquam
2354 903 2549 952 veritati
2584 909 2769 968 tuoque
2804 904 2995 954 intento

271 967 546 1018 detrahitur
560 1004 574 1026 ‚
629 969 722 1018 etsi
770 969 950 1018 alieubi
987 969 1053 1017 ad
1089 969 1363 1018 crassitiem
1403 970 1630 1020 aciculae
1668 970 1951 1021 aberratum
1986 973 2067 1021 sit.
2143 971 2199 1022 In
2235 973 2338 1023 tab.
2378 973 2430 1022 11
2465 987 2583 1024 vera
2617 978 2859 1039 proportio
2896 991 2996 1025 non

269 1039 628 1102 magnitudinis
669 1039 856 1090 orbium
893 1036 1046 1104 (quae
1082 1037 1396 1104 ignoratur),
1447 1041 1534 1090 sed
1587 1055 1790 1090 arcuum
1840 1041 2337 1106 prosthaphaereseos
2352 1079 2366 1101 ‚
2417 1051 2657 1109 quantum
2703 1047 2854 1096 etiam
2893 1046 2997 1095 fleri

269 1111 448 1173 potuit,
486 1111 748 1160 observata
783 1117 876 1160 cst.
930 1109 1052 1160 Ideo
1087 1111 1140 1159 in
1177 1110 1320 1160 titulo
1355 1113 1584 1162 scribitur
1621 1111 1956 1184 „utcunque“.
2012 1113 2071 1162 In
2098 1114 2199 1164 tab.
2226 1114 2300 1164 IV
2329 1113 2446 1176 (22)
2486 1116 2549 1169 ad
2578 1117 2823 1166 intentum
2859 1124 2998 1167 tuum

270 1181 452 1244 potius,
491 1194 640 1245 quam
676 1181 743 1231 ad
777 1181 1162 1232 delineationem
1196 1183 1406 1246 respexi.
1461 1182 1542 1232 De
1579 1195 1644 1231 ea
1679 1183 1828 1246 paulo
1850 1189 1978 1246 post.
2040 1183 2407 1248 Explicationes
2432 1187 2711 1236 tabularum
2735 1188 2997 1252 pleniores,

271 1265 421 1316 qnam
467 1251 600 1316 apud
645 1257 759 1301 tuas
812 1251 1168 1302 delineationes
1213 1249 1378 1302 inveni
1396 1287 1409 1308 ,
1464 1254 1640 1316 adjeci.
1720 1254 1855 1304 Pace
1892 1257 2022 1304 enim
2057 1261 2150 1304 tua
2198 1258 2431 1321 scriptum
2483 1259 2653 1321 cupio,
2705 1260 2856 1309 verba
2900 1261 2999 1308 tuis

271 1323 454 1372 tabulis
492 1323 722 1387 apposita
757 1323 900 1372 nimis
938 1323 1138 1373 concisa
1171 1323 1396 1382 fuerunt,
1437 1325 1562 1374 adeo
1597 1330 1656 1373 nt
1689 1331 1909 1374 mentem
1947 1332 2001 1374 et
2034 1339 2235 1376 sensum
2270 1335 2411 1378 tuum
2447 1329 2525 1377 vix
2560 1331 2817 1394 quisquam
2853 1330 2999 1379 intel·

271 1393 487 1443 texisset.
564 1393 768 1452 Vereor,
807 1407 871 1443 ne
911 1392 1073 1443 adhuc
1109 1395 1161 1442 in
1201 1395 1398 1444 defectu
1431 1396 1483 1444 in
1522 1395 1813 1458 explicando
1850 1397 2174 1459 peccaverim.
2238 1395 2529 1448 Scribuntur
2563 1405 2733 1450 autem
2766 1403 2869 1451 ista
2902 1416 3001 1450 non

271 1464 550 1514 hominibus
587 1466 757 1514 otiosis
773 1500 786 1518 .
839 1465 1014 1529 quibus
1059 1465 1182 1513 nihil
1221 1465 1356 1516 aliud
1392 1466 1571 1516 laboris
1617 1467 1887 1524 incumbit,
1939 1481 2086 1531 quam
2123 1474 2181 1516 nt
2214 1468 2447 1532 plurimos
2486 1469 2589 1519 dies
2625 1472 2677 1519 in
2712 1471 2851 1522 hisce
2886 1471 3003 1522 solis

271 1536 510 1586 rimandis
547 1549 832 1586 consumere
870 1535 1118 1594 debeant3
1157 1536 1260 1584 sed-
1281 1538 1638 1602 perspicuitate
1673 1537 1831 1586 lector
1868 1530 2181 1598 invitandus.
2208 1555 2305 1588 non
2345 1541 2647 1590 obscuritate
2682 1541 3002 1592 deterrendus

274 1612 398 1726 {sad
443 1607 522 1725 1:¹9
541 1608 718 1726 αἰτίαι-ἔ
753 1606 1086 1737 sg⁷hi3matibns
1125 1608 1176 1656 in
1212 1608 1319 1670 ipso
1367 1607 1490 1657 libro
1533 1615 1656 1672 puto
1692 1623 1773 1656 me
1822 1615 1961 1658 tuum
1998 1609 2249 1673 exemplar
2284 1616 2509 1662 secutum
2546 1625 2672 1661 esse.
2746 1609 2815 1674 (Ε
2850 1613 3002 1662 literis

313 1713 326 1725 .
401 1712 414 1726 .
528 1714 539 1727 .
633 1690 666 1726 a
717 1713 728 1726 .
843 1713 856 1725 .

423 1747 738 1812 Computavit
775 1754 942 1807 autem
978 1763 1210 1798 numeros
1233 1763 1348 1797 suos
1371 1747 1666 1798 Maestlinus
1701 1747 1973 1798 secundum
2000 1747 2325 1813 Copernicum
2364 1757 2417 1800 et
2438 1749 2770 1803 Reinholdum
2808 1751 3003 1803 ratione

271 1833 404 1954 {us
427 1833 576 1956 ⁴3⁸2ss
629 1820 845 1884 pluribus
895 1819 1111 1884 explicat
1159 1819 1375 1885 Kepiero
1425 1819 1476 1869 in
1527 1820 1680 1890 literis
1726 1818 1774 1869 d.
1813 1819 1866 1868 d.
1905 1814 1990 1869 27.
2029 1819 2172 1872 Febr.
2218 1817 2368 1870 1596.
2462 1819 2658 1887 (Comp.
2698 1823 3006 1898 Hanschium

361 2013 366 2018 ὓ
422 2035 514 2102 54)
550 2055 600 2104 p.
641 2037 758 2089 160.
831 2041 892 2090 In
927 2039 1092 2090 libello
1128 2041 1393 2103 inscripto:
1433 2039 1835 2090 Dissertatio
1881 2053 2011 2089 cum
2059 2041 2289 2092 nuncio
2336 2042 2585 2094 sidereo
2622 2040 2713 2092 dte.
2764 2043 3007 2094 satellites

275 2111 306 2160 J
310 2112 412 2160 oris
447 2125 548 2160 non
585 2117 780 2161 tantum
817 2126 915 2160 non
954 2111 1224 2161 contrarios
1263 2125 1371 2161 esse
1406 2117 1552 2175 putat
1585 2113 1736 2174 ipsius
1775 2109 2080 2173 „Mysterio“
2120 2112 2209 2162 sed
2246 2114 2523 2163 confirmari
2563 2112 2708 2177 hujus
2742 2111 3007 2176 probabili-

275 2189 438 2232 tatem
472 2182 550 2231 his
589 2183 815 2232 detectis·
882 2185 1058 2248 „Quin
1085 2185 1272 2254 potius
1303 2201 1482 2254 spero,
1527 2185 1626 2238 hos
1662 2184 2021 2238 circulatores
2050 2184 2256 2249 Jovios,
2301 2193 2361 2240 et
2402 2187 2447 2240 si
2480 2203 2615 2257 quos
2656 2187 2871 2241 habent
2913 2187 3010 2241 alii

277 2267 451 2320 etiam
490 2267 784 2336 planetae,
843 2266 1067 2318 tandem
1123 2279 1334 2318 omnem
1389 2279 1533 2335 quae
1586 2271 1768 2318 restat
1817 2263 2247 2333 discrepantiam
2290 2267 2631 2322 sublaturoS.
2714 2267 3008 2321 Rationem

279 2346 426 2400 enim
467 2361 506 2400 a
545 2347 668 2400 Deo
709 2343 877 2398 etiam
918 2345 1110 2399 horum
1154 2345 1544 2400 circulatorum
1584 2343 1836 2400 habitam
1878 2342 1933 2396 in
1974 2344 2277 2414 figurarum
2328 2344 2781 2415 interpositione,
2835 2347 3008 2400 circu-

279 2427 430 2480 lator
459 2426 683 2487 Terrae,
727 2425 888 2478 Luna
915 2424 1129 2478 scilicet
1169 2424 1377 2495 arguit,
1408 2424 1566 2494 cujus
1596 2424 1882 2478 circuitum
1910 2423 2059 2478 circa
2085 2425 2313 2480 Terram
2350 2427 2642 2497 negligere
2684 2443 2794 2480 non
2832 2427 3009 2495 potui,

279 2521 403 2559 cum
445 2504 580 2560 illud
622 2504 906 2575 negotium
949 2505 1094 2558 serio
1135 2511 1454 2560 tractarem.
1537 2505 1803 2574 Adeoque
1846 2503 2145 2558 etiamnum
2186 2506 2243 2559 in
2292 2505 2646 2560 restitutione
2698 2506 2909 2560 orbium
2953 2514 3011 2560 et

279 2592 524 2639 motuum
553 2585 768 2648 Martis,
819 2585 1078 2649 Telluris,
1121 2584 1355 2638 Veneris
1385 2583 1736 2653 deprehendo
1764 2583 1925 2637 hiare
1950 2583 2261 2652 plusculum
2299 2584 2620 2649 interstitia,
2667 2586 2864 2656 quibus
2903 2603 3014 2657 ego

283 2665 538 2734 spatiolis
590 2680 754 2736 spero
804 2679 892 2717 me
933 2665 1122 2718 Lunae
1163 2663 1698 2719 Circum-Martiales
1758 2669 1819 2718 et
1874 2662 2415 2730 Circum-Veneriae,
2474 2665 2523 2720 si
2574 2681 2710 2736 quas
2758 2665 3049 2719 Galilaee-

282 2745 414 2799 olim
455 2746 898 2817 deprehensurus
941 2761 1029 2810 es,
1074 2743 1336 2799 facillime
1376 2743 1740 2799 locaturum.“

429 2900 522 2965 55)
560 2917 608 2967 p.
653 2899 772 2953 163.
852 2900 1208 2961 „Theoricae“‚
1247 2916 1370 2969 quas
1407 2903 1528 2954 dicit
1561 2900 1839 2966 Keplerus,
1876 2898 2249 2959 Purbachii,
2300 2902 2429 2951 inter
2462 2896 2821 2954 instauratores
2858 2908 3014 2953 astro·

280 2976 480 3025 nomiae
509 2990 552 3025 c.
572 2991 636 3024 m.
659 2988 760 3024 sec.
779 2972 873 3023 XV
890 2974 1192 3023 solertissimi
1212 2971 1342 3036 (nat.
1364 2975 1416 3024 in
1441 2974 1618 3037 oppido
1642 2970 1902 3024 Peurbach
1927 2975 2093 3023 Austr.
2108 2971 2413 3036 Superanis„
2438 2974 2573 3023 unde
2596 2987 2779 3023 nomen
2803 2976 3016 3038 accepit,

285 3062 336 3097 a.
369 3042 521 3103 1423,
559 3046 789 3095 Viennae
812 3045 1060 3095 mathesin
1085 3045 1420 3109 profitebatur,
1460 3046 1622 3109 ibique
1646 3051 1866 3094 mortuus
1900 3051 1977 3094 est
2002 3058 2049 3094 a.
2074 3040 2238 3105 1461)
2274 3044 2483 3108 primum
2507 3046 2637 3108 typis
2664 3058 2876 3095 excusae
2902 3052 3019 3095 sunt

282 3117 640 3183 Norimbergae
679 3114 746 3174 (c.
789 3130 836 3165 a.
870 3112 1056 3177 ¹472„
1093 3118 1278 3180 passim
1315 3123 1581 3175 occurrunt
1615 3116 1857 3165 editiones
1890 3114 2038 3179 huius
2076 3114 2281 3165 celebris
2318 3116 2495 3178 operis,
2538 3128 2744 3179 quarum
2780 3115 3017 3181 vulgatis-

283 3190 416 3238 sima
449 3189 542 3237 fnit
578 3188 728 3237 editio
765 3186 1008 3236 Erasmi
1049 3186 1388 3237 Beinholdi
1427 3186 1658 3251 (primum
1693 3188 1936 3251 impressa
1983 3199 2031 3235 a.
2084 3181 2265 3247 1542).
2335 3185 2663 3236 Maestlini
2703 3184 3017 3247 „theoricae“

283 3260 520 3327 leguntur
554 3260 607 3309 in
644 3261 780 3322 ejus:
835 3258 1064 3322 Epitome
1099 3258 1446 3309 Astronomiae
1486 3255 1740 3321 (Heidelb.
1782 3254 1937 3307 1582.
1990 3256 2115 3308 Tub.
2158 3254 2299 3306 1588
2334 3255 2471 3320 dte).

431 3432 523 3499 56)
560 3451 608 3500 p.
652 3432 770 3485 166.
843 3434 1168 3487 Bernhardns
1199 3434 1561 3485 waltherus
1595 3433 2023 3499 Norimbergensis
2060 3428 2191 3493 (nat.
2231 3444 2279 3482 a.
2312 3426 2467 3489 1430,
2504 3430 2541 3495 †
2567 3428 2728 3494 1504)
2762 3433 3023 3498 plurimum

277 3508 624 3565 ‚astronomiae
658 3508 843 3571 profuit
887 3522 988 3556 non
1031 3513 1230 3557 tantum
1283 3506 1704 3556 observationibus
1755 3519 1953 3555 summa
1989 3518 2101 3553 cum
2136 3503 2381 3553 industria
2428 3503 2695 3561 institutis.
2745 3506 2834 3554 sed
2870 3507 3025 3555 etiam

281 3580 474 3643 opibus,
512 3578 686 3643 quibus
724 3578 1030 3636 abundabat,
1069 3579 1120 3626 in
1157 3577 1466 3627 sublevanda
1501 3576 1708 3627 aliorum
1749 3582 2145 3626 astronomorum
2192 3570 2631 3637 (Regiomontani)
2668 3574 2849 3635 studia,
2888 3591 3022 3625 com-

281 3651 608 3715 parandaque
633 3651 962 3699 instrumenta
985 3649 1320 3699 astronomica
1351 3647 1690 3698 liberalissime
1727 3647 1983 3711 impensis.
2059 3643 2440 3695 Observationes
2477 3646 2589 3695 illas
2608 3644 2867 3708 Waltheri‚
2906 3660 3022 3696 con-

277 3725 486 3785 junctas
522 3722 697 3771 iisdem
732 3720 1120 3786 Regiomontani
1157 3720 1368 3784 primum
1405 3718 1562 3768 edidit
1594 3718 1708 3769 Joh.
1747 3717 2057 3777 Schonerus,
2116 3715 2339 3767 Norimb.
2384 3713 2547 3776 1544,
2590 3730 2787 3781 easque
2834 3716 3026 3767 addidit

284 3790 367 3842 W.
407 3791 618 3843 Snellius
656 3806 788 3842 anno
829 3788 966 3841 1618
1003 3791 1426 3841 observationibus
1463 3788 1744 3841 Hassiacis.

435 3966 526 4031 57)
564 3983 613 4033 p.
652 3966 774 4018 170.
845 3968 1228 4034 Disputatio
1265 3969 1328 4019 de
1363 3967 1728 4033 Eclipsibus
1767 3964 1931 4018 Solis
1968 3970 2023 4015 et
2055 3964 2303 4023 Lunae,
2340 3976 2489 4029 quam
2522 3962 2753 4028 praeside
2790 3962 2865 4013 Ol.
2903 3962 3025 4014 Viro

287 4040 357 4091 D.
395 4038 468 4091 M.
507 4038 580 4090 M.
625 4038 1000 4090 Maestlino
1039 4038 1129 4091 dcc.
1181 4040 1236 4089 in
1287 4039 1529 4090 auditorio
1565 4037 1830 4089 Homerico
1881 4038 1961 4087 die
2008 4033 2059 4084 8.
2099 4032 2239 4099 (18.)
2276 4034 2395 4085 Jan.
2448 4035 2713 4086 defendere
2762 4036 3027 4086 conabitur

287 4110 538 4162 Marcus
575 4112 639 4162 ab
673 4110 1060 4169 Hohenfeld,
1104 4112 1158 4160 in
1196 4110 1524 4161 Aistersheim
1561 4116 1613 4160 et
1649 4108 1879 4174 Almegk.
1936 4108 2063 4158 Tub.
2107 4101 2261 4157 1596.

433 4183 492 4233 ln
529 4181 678 4232 Thesi
716 4179 802 4231 58.
841 4180 988 4231 affert
1023 4180 1320 4232 Maestlinus
1358 4181 1582 4245 exempla
1616 4181 1971 4230 refractionum
2018 4176 2173 4229 haec:
2234 4172 2289 4239 1)
2342 4174 2609 4227 Stellarum
2662 4176 2927 4226 distantias
2972 4176 3026 4226 in

287 4254 546 4303 horizonte
593 4252 968 4303 consistentium
1002 4255 1218 4316 majores
1255 4252 1461 4303 inveniri
1479 4288 1494 4309 ,
1545 4266 1694 4318 quam
1731 4252 1772 4300 si
1811 4250 1877 4301 ad
1912 4250 2129 4299 medium
2168 4248 2294 4299 coeli
2330 4250 2445 4297 sint.
2522 4244 2579 4307 2)
2616 4246 2678 4296 Β.
2716 4246 3027 4296 Waltherum

293 4332 552 4383 annotare,
591 4324 789 4389 saepius
826 4339 882 4374 se
919 4324 1328 4374 animadvertisse
1342 4358 1358 4381 ,
1395 4322 1564 4373 stellas
1601 4335 1754 4387 supra
1787 4320 2095 4371 horizontem
2134 4333 2403 4384 apparere,
2442 4331 2555 4367 cum
2591 4318 2863 4369 secundum
2898 4318 3024 4367 veri·

291 4403 452 4446 tatem
489 4398 579 4446 sub
617 4410 676 4446 eo
713 4395 829 4455 sint.
898 4391 956 4456 3)
993 4393 1108 4445 Non
1143 4409 1256 4445 raro
1291 4396 1452 4459 ipsum
1487 4396 1734 4445 invenisse
1757 4392 1969 4443 Veneris
1995 4406 2144 4455 supra
2169 4391 2477 4441 horizontem
2514 4388 2699 4439 altioris
2735 4388 3025 4439 distantiam

293 4482 330 4517 a
354 4466 469 4521 Sole
500 4470 646 4530 juxta
683 4465 990 4516 horizontem
1025 4468 1184 4531 posito
1223 4480 1332 4516 esse
1366 4466 1650 4517 notabiliter
1683 4466 1941 4519 minorem,
1979 4476 2129 4527 quam
2164 4464 2209 4511 si
2234 4462 2407 4511 eodem
2432 4461 2512 4511 die
2538 4460 2760 4522 eiusdem
2786 4458 3027 4511 distantia

293 4552 330 4589 a
365 4537 482 4588 Sole
531 4538 705 4588 altiore
754 4542 1033 4601 caperetur.
1109 4534 1168 4599 4)
1224 4534 1389 4589 Solem
1435 4549 1792 4603 nonnunquam
1838 4534 1983 4585 eitius
2025 4532 2173 4584 solito
2224 4533 2352 4583 oth-l.
2389 4557 2460 4567 —

442 4686 537 4751 58)
561 4704 611 4755 p.
637 4686 756 4738 171.
818 4688 932 4739 Hae
957 4686 1212 4738 Maestlini
1246 4686 1426 4737 literae
1463 4687 1616 4736 datae
1652 4690 1769 4735 sunt
1807 4684 2108 4746 „Dominica
2130 4680 2423 4733 Paschatis“
2468 4676 2621 4740 1506,
2660 4694 2843 4745 easque
2879 4694 3029 4745 supra

299 4758 372 4826 (p.
415 4758 511 4823 22)
549 4775 611 4811 ex
643 4766 790 4825 parte
825 4758 1023 4823 quidem
1057 4759 1413 4823 proposuimus.
1495 4756 1700 4808 Literae
1720 4791 1735 4816 ,
1787 4770 1910 4821 quas
1946 4754 2230 4805 Hanschius
2277 4767 2306 4802 e
2342 4750 2789 4816 Manuscriptorum
2822 4752 3028 4817 Kepleri

300 4833 588 4883 collectione
627 4829 765 4895 (Vol.
805 4830 880 4881 vl
895 4864 910 4889 ,
960 4828 1092 4895 qnod
1120 4831 1230 4892 jam
1264 4827 1578 4879 Bibliotheca
1612 4825 1917 4879 Viennensis
1953 4821 2233 4886 conservat)
2272 4823 2511 4873 desnmsit
2526 4858 2541 4881 .
2586 4837 2739 4873 manu
2774 4822 3029 4875 Maestlini

301 4906 518 4969 scriptae
553 4909 697 4960 sunt,
737 4900 1004 4954 abhorrent
1041 4908 1208 4953 autem
1241 4914 1439 4967 prorsus
1475 4902 1540 4953 ab
1573 4898 1651 4949 his
1668 4934 1684 4959 ,
1731 4912 1856 4965 quas
1891 4904 2057 4950 textus
2094 4895 2293 4949 exhibet
2306 4930 2321 4955 ,
2362 4908 2395 4945 a
2433 4896 2621 4945 verbis:
2680 4894 2839 4955 „Tam
2879 4896 3027 4947 mira·

407 4990 589 5041 ιοριοιι
617 4990 758 5041 open
783 4988 818 5031 1.
979 4982 990 4992 ⁸
2536 4980 2604 5037 14
