3634 5575
1570 381 1742 445 eor-⁶
1773 377 1878 432 xx.
2967 385 3091 452 175

363 537 542 603 istim
587 553 770 618 quam
813 535 976 600 illius
1021 545 1222 600 motus
1269 538 1482 601 fortior
1498 585 1513 611 ,
1564 539 1694 600 sive
1741 541 2015 611 citatior,
2064 541 2193 604 sive
2230 543 2543 622 pernicior,
2592 543 2723 605 sive
2770 545 3088 624 vigentior,

367 645 472 688 seu
521 644 869 707 quocunque
919 627 1103 688 verbo
1151 646 1278 688 rem
1326 625 1664 707 exprimere
1709 628 1933 708 placet.
2011 631 2101 690 At
2147 639 2373 709 quanto
2420 632 2583 694 orbis
2622 633 2767 694 orbo
2816 635 3088 714 amplior,

367 720 540 777 tanto
586 715 722 794 plus
770 715 1060 794 temporis
1108 715 1292 776 etiam
1342 715 1591 796 requirit.
1637 717 1714 777 ad
1772 717 2131 792 ambitum„
2172 719 2287 780 etsi
2345 719 2619 801 utrinque
2680 721 2763 783 sit
2818 724 3087 804 aequalis

365 804 457 866 vis
501 813 722 866 motus.
787 803 952 881 Ergo
998 802 1134 866 hinc
1181 804 1470 884 sequitur,
1521 823 1698 865 unam
1747 805 2192 885 elongationem
2227 806 2511 885 planetae
2550 829 2587 869 a
2616 806 2759 870 Sole
2798 811 3088 890 majorem

365 891 458 955 bis
507 895 706 954 facere
754 891 833 953 ad
879 892 1218 970 augendam
1263 891 1610 971 periodum:
1675 903 1742 956 et
1786 903 2025 968 contra,
2086 894 2519 958 incrementum
2564 897 2796 976 periodi
2845 899 3087 978 duplum

365 1000 502 1044 esse
548 981 626 1043 ad
673 979 1071 1056 ἀποςηματων
1118 979 1534 1042 differentiam.
1566 978 1614 1054 s)

541 1067 866 1132 Dimidium
911 1065 1095 1148 igitur
1140 1067 1490 1131 incrementi
1537 1069 1808 1132 additum
1852 1067 2101 1150 periodo
2150 1068 2361 1132 minori
2400 1071 2681 1135 exhibere
2722 1073 2905 1137 debet
2938 1095 3085 1156 pro·
3194 1116 3214 1126 ·

366 1152 704 1238 portionem
751 1175 957 1218 veram
1003 1155 1467 1220 distantiarum:
1518 1155 1606 1220 sic
1654 1166 1722 1220 ut
1767 1164 2167 1237 aggregatum
2212 1157 2313 1232 sit,
2363 1167 2433 1220 ut
2468 1160 2764 1223 distantia
2808 1163 3085 1242 superio-

367 1248 452 1308 ris
496 1255 562 1310 et
599 1245 858 1324 simplex
895 1243 1086 1308 minor
1113 1245 1396 1329 periodus
1425 1253 1845 1323 repraesentet
1872 1245 2187 1320 inferioris,
2238 1265 2328 1308 sc.
2376 1248 2659 1327 planetae
2709 1249 2800 1313 sui
2848 1251 3086 1316 distan-

367 1335 514 1396 tiam
569 1335 629 1396 in
687 1333 902 1394 eadem
957 1333 1316 1412 quantitate.
1405 1333 1806 1412 Exemplum:
1875 1336 1919 1411 ζὲ
1980 1342 2179 1398 motus
2245 1335 2585 1414 periodicus
2650 1348 2747 1400 est
2810 1335 2898 1402 88
2964 1340 3089 1402 fere

369 1421 612 1497 dierum,
663 1419 924 1482 Veneris
973 1417 1102 1482 224
1149 1440 1282 1483 cum
1325 1422 1501 1483 besse
1541 1423 1746 1496 ferme,
1797 1421 2139 1484 differentia
2196 1420 2317 1485 136
2364 1433 2429 1484 et
2474 1424 2601 1500 bes,
2650 1425 2957 1488 dimidium
3002 1425 3091 1490 68

369 1520 431 1572 et
471 1530 615 1590 pars
661 1509 865 1571 tertia.
958 1509 1090 1570 Hoc
1128 1511 1406 1590 junctum
1455 1529 1588 1571 cum
1635 1506 1724 1573 88
1771 1511 1951 1572 efficit
2006 1505 2127 1573 156
2174 1520 2239 1571 et
2282 1511 2585 1574 trientem.
2677 1513 2843 1592 Ergo
2889 1525 2957 1576 ut
3000 1513 3091 1580 88

369 1601 446 1662 ad
498 1595 622 1662 156
670 1617 804 1661 cum
851 1597 1071 1671 tertia,
1142 1600 1228 1660 sic
1289 1598 1736 1660 semidiameter
1791 1599 1999 1661 circuli
2045 1599 2425 1661 Mercurialis
2474 1599 2653 1662 medii
2701 1604 2779 1663 ad
2828 1603 3089 1666 mediam

372 1688 650 1758 Veneris,
721 1688 856 1750 Hoc
902 1686 1080 1748 modo
1128 1685 1178 1748 si
1215 1686 1275 1748 in
1315 1685 1565 1765 singulis
1598 1687 1883 1766 opereris,
1936 1696 2116 1768 atque
2163 1687 2589 1768 provenientes
2636 1689 2810 1752 binas
2849 1693 3087 1753 distan-

369 1777 487 1840 tias
531 1796 641 1858 per
686 1791 966 1838 numeros
1013 1774 1248 1837 sinuum
1298 1775 1583 1856 explices,
1635 1775 1722 1836 sic
1769 1785 1837 1836 ut
1883 1795 2122 1856 semper
2161 1775 2485 1858 superioris
2526 1777 2971 1866 semidiameter
3008 1779 3089 1842 sit

370 1865 534 1930 sinus
581 1873 787 1928 totus:

1511 2002 1572 2078 ‘ll
1619 1999 1749 2067 574
2363 2001 2495 2068 572

1023 2089 1339 2169 proveniet
1451 2032 1474 2221 ς
1513 2098 1564 2162 <5
1616 2087 1747 2153 274
1949 2091 2036 2153 At
2084 2099 2179 2152 est
2360 2091 2493 2155 290

966 2177 1410 2240 semidiameter
1513 2181 1562 2256 ὅ
1617 2176 1746 2244 694
2040 2179 2099 2240 in
2361 2179 2493 2244 658

1101 2267 1264 2329 orbis
1449 2233 1474 2404 ρ
1513 2267 1562 2342 ῼ
1614 2263 1744 2330 762
1895 2265 2232 2348 Copernico
2362 2265 2492 2334 719

1525 2357 1566 2433 Q
1615 2351 1742 2419 563
2362 2353 2493 2422 500
2532 2351 2622 2434 ⁶⁰)

541 2480 832 2560 Propius,
891 2489 960 2542 ut
1005 2479 1214 2554 videS,
1273 2480 1348 2542 ad
1397 2480 1718 2542 veritatem
1767 2477 2149 2543 accessimus,
2180 2485 2239 2555 ί)
2328 2482 2465 2544 Etsi
2514 2501 2655 2544 vero
2703 2483 2949 2558 dubito,
3010 2505 3087 2546 au

370 2568 843 2632 demonstrativa
886 2569 1204 2640 method0,
1265 2569 1421 2650 quod
1470 2569 1782 2631 theorema
1828 2568 2204 2645 instituerat,
2263 2572 2471 2650 praxis
2516 2571 2641 2633 ista
2687 2570 2915 2635 divisae
2966 2573 3088 2636 dif-

370 2659 661 2720 ferentiae
708 2668 992 2721 assecuta
1039 2657 1220 2720 fuerit
1272 2677 1381 2738 per
1437 2657 1636 2719 omnia
1662 2655 1760 2731 ¹²):
1830 2665 2031 2718 tamen
2100 2679 2213 2719 non
2283 2659 2520 2722 omnino
2586 2660 2730 2721 nihil
2794 2659 2856 2722 in
2922 2661 3087 2724 hisce

367 2746 630 2811 numeris
675 2747 886 2823 latere,
935 2747 1180 2811 credere
1229 2765 1323 2809 me
1363 2745 1538 2827 jubet
1583 2745 1706 2809 alia
1753 2745 2103 2809 numerandi
2150 2749 2504 2823 methodus,
2553 2769 2671 2831 qua
2720 2749 2798 2811 ad
2846 2749 3089 2813 eosdem

367 2855 646 2899 numeros
689 2837 986 2905 revolvar.
1063 2834 1225 2907 Quia
1267 2836 1424 2898 enim
1461 2836 1771 2915 probabile
1801 2844 1917 2910 est,
1968 2837 2377 2899 fortitudinem
2423 2847 2619 2901 motus
2667 2857 2800 2903 cum
2848 2838 3087 2901 distan-

367 2924 470 2987 tiis
515 2944 652 2989 esse
697 2924 758 2987 in
803 2926 1226 3005 proportione:
1277 2924 1396 2987 erit
1437 2934 1502 2987 et
1547 2925 1662 2987 hoc
1699 2920 2029 3004 probabile,
2078 2926 2233 3005 quod
2283 2926 2533 3006 quilibet
2570 2928 2843 3007 planeta,
2894 2946 3088 3009 quan-

367 3022 494 3077 tum
541 3022 790 3093 superat
847 3014 1215 3093 superiorem
1272 3012 1620 3075 fortitudine
1683 3022 1886 3076 motus
1906 3060 1923 3088 ,
1989 3022 2225 3077 tantum
2288 3024 2606 3094 superetur
2662 3016 2719 3077 in
2770 3015 3085 3081 distantia.

366 3102 522 3164 Esto
577 3101 764 3182 igitur
783 3151 798 3177 ,
869 3102 1126 3181 exempli
1191 3102 1392 3181 gratia
1411 3150 1426 3177 ‚
1495 3102 1718 3163 Martis
1769 3110 1835 3163 et
1888 3102 2185 3164 distantia
2240 3111 2303 3164 et
2348 3104 2543 3167 virtus
2588 3106 2807 3167 unitas.
2898 3105 3091 3185 Igitur

367 3191 558 3271 quota
601 3190 904 3271 parti-cula
947 3190 1189 3253 virtutis
1236 3191 1502 3254 Martiae
1549 3191 1756 3253 Tellus
1801 3192 2003 3252 Marte
2052 3192 2263 3253 fortior
2316 3200 2449 3254 est:
2508 3200 2703 3255 totam
2760 3193 3089 3256 distantiae

367 3279 628 3341 Martiae
675 3280 1036 3359 particulam
1077 3280 1338 3343 amittet.
1414 3281 1548 3341 Hoc
1595 3278 1770 3340 facile
1815 3280 1887 3339 fit
1928 3297 2039 3358 per
2084 3281 2353 3360 regulam
2400 3280 2578 3343 falsi:
2625 3300 2784 3361 pono
2830 3300 3087 3363 namque

369 3370 602 3430 radium
647 3368 908 3431 Telluris
957 3370 1034 3430 ad
1079 3368 1366 3431 Martium
1415 3386 1549 3429 esse
1597 3376 1666 3429 ut
1711 3362 1843 3431 694
1890 3366 1965 3428 ad
2020 3364 2217 3443 1000,
2266 3386 2435 3447 ergO,
2484 3370 2713 3450 inquio,
2764 3371 2815 3432 si
2863 3371 3083 3451 ampli·-

367 3458 513 3519 tudo
560 3457 766 3519 circuli
813 3476 923 3537 per
957 3454 1126 3521 1000
1173 3465 1390 3519 notata
1432 3456 1886 3537 perambulatur
1932 3476 1970 3516 a
2015 3456 2371 3518 vi‘motrice
2402 3458 2630 3519 Martia
2678 3455 2807 3521 687
2856 3459 3085 3533 diebuS‚

368 3545 885 3625 perambulabitur
931 3547 1146 3609 eadem
1192 3544 1253 3609 vi
1299 3544 1527 3607 Martia
1576 3544 1832 3607 circulus
1878 3543 2103 3619 minor,
2172 3562 2281 3623 per
2342 3542 2471 3609 694
2528 3554 2809 3621 notatu8‚
2875 3546 3085 3611 diebus

365 3632 520 3697 477.
615 3634 758 3697 Jam
805 3635 944 3713 quia
990 3643 1222 3697 certum
1268 3642 1382 3707 est,
1435 3634 1658 3696 Terrae
1705 3632 2013 3695 circuitum
2061 3652 2195 3695 esse
2240 3653 2354 3696 non
2402 3630 2566 3709 477,
2617 3636 2725 3696 sed
2772 3632 2901 3699 365
2952 3636 3083 3697 die-

367 3742 534 3785 rum:
593 3742 780 3803 pergo
833 3742 943 3802 per
997 3724 1267 3802 regulam
1313 3724 1616 3785 inversam
1669 3722 1795 3786 sic:
1856 3720 1984 3783 dies
2030 3718 2159 3783 477
2210 3732 2698 3785 consumerentur
2742 3744 2783 3785 a
2826 3723 3084 3805 simplici

365 3812 426 3875 vi
469 3812 738 3885 Martia;
800 3820 1090 3892 quantum
1145 3812 1220 3872 de
1278 3812 1338 3871 vi
1383 3811 1614 3873 Martia
1661 3809 1963 3873 consumit
2016 3810 2327 3873 circuitum
2376 3807 2507 3874 365
2566 3830 2701 3875 cum
2746 3812 3083 3892 quadrante

367 3900 592 3962 dierum
639 3918 749 3979 per
793 3900 1046 3961 eundem
1093 3899 1406 3973 ambitum,
1454 3918 1628 3978 quem
1673 3898 1844 3959 Mars
1890 3899 2211 3960 conficeret
2254 3894 2382 3963 477
2430 3900 2689 3969 diebus?
2762 3900 2921 3963 Nam
2968 3900 3084 3963 du..

365 3990 526 4051 bium
582 4007 699 4050 non
769 3995 900 4061 est,
971 3988 1107 4068 quin
1173 3988 1386 4049 fortior
1439 3987 1632 4047 virtus
1685 3988 2026 4066 requiratur
2081 4005 2259 4067 quam
2318 3997 2415 4049 est
2459 3988 2706 4049 Martia.
2799 3989 3090 4051 Provenit

365 4078 550 4156 igitur
614 4096 797 4157 supra
859 4078 1160 4156 integram
1223 4077 1346 4137 vim
1391 4074 1682 4137 Martiam
1739 4076 1933 4136 adbuc
1994 4068 2237 4155 ⁸⁰⁸lrooo
2300 4096 2445 4155 pars
2502 4075 2771 4156 ejusdem
2815 4077 3083 4140 virtutis.

364 4165 448 4227 Et
493 4173 728 4229 tantum
758 4165 964 4227 Tellus
993 4166 1194 4226 Marte
1244 4164 1458 4225 fortior
1503 4172 1636 4225 est:
1688 4164 1867 4225 debet
1911 4162 2099 4242 igitur
2144 4172 2210 4225 et
2252 4172 2426 4227 tanto
2472 4165 2716 4245 propior
2752 4184 2889 4227 esse
2920 4165 3049 4227 Soli
3063 4186 3083 4240 ;

365 4274 576 4335 nempe
625 4256 679 4316 si
723 4255 893 4315 Mars
940 4269 1050 4335 per
1101 4250 1272 4316 1000
1320 4274 1356 4315 a
1405 4252 1550 4314 Sole
1598 4252 1853 4313 recessit
1906 4251 2228 4324 (distantia
2274 4254 2429 4315 enim
2476 4254 2801 4333 superioris
2849 4274 3085 4334 semper

365 4352 462 4406 est
506 4346 802 4425 integrum
851 4344 1022 4423 quid)
1072 4342 1274 4403 Tellus
1313 4358 1422 4421 per
1451 4336 1582 4403 306
1610 4358 1817 4401 earnm
1864 4340 2123 4419 partium
2168 4341 2413 4420 propior
2460 4342 2612 4403 erit:
2662 4350 2727 4404 et
2773 4344 3082 4405 subtracto

364 4431 653 4512 superiori
702 4426 831 4494 306
880 4430 956 4492 ab
1002 4430 1267 4491 inferiori
1314 4426 1500 4503 1000,
1551 4428 1731 4489 debet
1775 4429 2091 4509 provenire
2140 4448 2419 4492 numerus
2465 4430 2635 4493 initio
2683 4432 2937 4511 positus,
2985 4432 3082 4492 vi-

363 4522 583 4583 delicet
627 4516 776 4595 694,
807 4518 880 4585 ,εἰ
925 4539 1072 4581 vera
1120 4518 1233 4580 fuit
1278 4517 1385 4579 illa
1431 4517 1692 4597 positi03
1741 4517 1832 4578 sin
1882 4517 2039 4578 falsa
2079 4518 2255 4595 foret,
2304 4538 2447 4601 ergo
2486 4519 2823 4600 operareris
2861 4540 3082 4583 secun-

362 4611 498 4671 dum
545 4618 874 4691 praecepta
917 4608 1190 4688 regulae,
1241 4614 1302 4668 et
1349 4606 1598 4669 eliceres
1646 4624 1855 4667 veram
1897 4606 2277 4686 positionem.

288 4770 297 4785 ι
537 4698 731 4761 Vides
780 4697 892 4759 hoc
937 4697 1131 4759 altero
1178 4696 1552 4757 theoremate
1599 4694 1912 4774 provenire
1958 4715 2077 4757 non
2124 4694 2306 4772 alios,
2356 4715 2534 4777 quam
2579 4696 2919 4777 superiores
2966 4720 3083 4762 nu-

359 4807 584 4851 meros:
635 4786 788 4851 unde
819 4794 1048 4849 certum
1077 4793 1174 4849 est
1202 4786 1318 4847 duo
1357 4784 1480 4847 ista
1509 4780 1889 4847 theoremata
1918 4784 2109 4853 forma
2155 4785 2395 4867 quidem
2425 4785 2683 4862 differre,
2730 4787 2840 4850 sed
2868 4807 3085 4853 revera
