3634 5575
464 368 597 439 284
1394 376 1455 427 In
1492 375 1637 440 Apol.
1674 375 1831 439 ryeh.
1873 367 2050 428 contra
2084 376 2266 428 Ursum

466 536 805 592 conveniens
835 532 1290 601 accommodatio)
1319 542 1409 590 est
1434 542 1497 590 et
1520 536 1719 591 dicitur
1738 529 2020 608 epicjclus
2039 552 2291 609 magnus.
2349 536 2524 592 Sexto
2552 556 2661 593 non
2689 532 2822 593 dicit
2839 539 3186 610 Apollonius,

467 619 609 689 quod
640 617 737 671 Sol
766 623 826 671 et
854 623 1049 672 centra
1076 618 1297 671 illorum
1326 633 1649 687 magnorum
1680 618 2052 687 epicyclorum
2100 618 2354 671 ferantur
2412 618 2466 672 in
2513 636 2620 673 uno
2650 620 2994 675 concentrico
3041 620 3189 675 circa

381 744 389 752 ,
464 698 707 760 Terram,
754 698 847 749 sed
878 696 1026 762 dicit,
1074 698 1215 768 quod
1247 698 1500 751 ferantur
1528 697 1747 767 aequali
1777 697 2123 751 revolutione
2161 704 2222 751 et
2248 698 2424 751 simul.
2481 699 2726 769 Septimo
2747 716 2856 753 non
2883 700 3188 755 intersecat

465 776 613 831 orbis
642 776 838 831 Martis
870 776 925 830 in
954 776 1251 847 Apollonio
1282 777 1471 830 orbem
1500 776 1662 831 Solis.
1741 778 1952 831 Octavo
1996 795 2104 831 non
2132 783 2296 847 patet
2332 778 2389 831 in
2417 780 2732 847 Apollonio,
2769 771 3037 850 'quantum
3067 780 3184 850 qui-

464 858 585 911 dem
613 857 711 910 ille
739 856 1005 925 scriptum
1029 856 1271 927 reliquit,
1318 856 1534 911 occasio
1563 856 1936 927 investigandi
1965 858 2376 927 proportionem
2405 859 2767 926 sphaerarum
2797 877 2872 913 ex
2899 860 3184 928 parallaxi

464 954 670 991 annua.
754 937 913 990 Nono
942 944 1119 991 motus
1162 936 1313 989 illius
1343 936 1531 1008 magni
1560 936 1796 1006 epicyeli
1825 939 2122 990 secundum
2150 938 2523 1006 Apollonium,
2570 956 2670 992 seu
2707 939 2856 993 orbis
2885 941 3180 993 secundum

464 1018 777 1087 Tychonem
807 1016 862 1069 in
890 1016 1299 1088 consequentia,
1347 1016 1429 1069 illi
1459 1016 1675 1086 quidem
1702 1028 1791 1068 est
1821 1017 1988 1086 longe
2019 1018 2252 1079 brevior,
2285 1017 2418 1087 quia
2445 1019 2730 1072 annuatim
2759 1020 2850 1072 vel
2877 1019 3049 1089 paulo
3077 1019 3180 1073 ali·

464 1106 551 1151 ter
574 1096 905 1150 restituitur.
989 1098 1151 1166 Apud
1180 1096 1496 1163 Tychonem
1536 1101 1625 1148 est
1652 1095 1707 1149 in
1734 1094 1764 1155 Β
1796 1094 2194 1158 3οιαιιιιοπιιιιι,
2241 1095 2298 1148 in
2323 1094 2371 1155 2!-
2405 1096 2494 1159 12,
2537 1098 2594 1150 in
2619 1095 2671 1156 d*
2703 1098 2738 1150 2
2777 1097 3014 1152 circiter.
3088 1100 3180 1153 Ex

442 1176 549 1230 ‚his
577 1182 755 1245 patet,
800 1192 903 1229 nec
930 1176 1069 1229 Urso
1098 1175 1440 1229 intellectum
1470 1176 1847 1243 Cepernicum,
1889 1176 2284 1238 Ptolemaeum,
2326 1176 2659 1246 Per-gaeum,
2707 1194 2808 1231 nec
2847 1194 2922 1231 ex
2949 1178 3180 1247 Apollo-

464 1255 553 1326 nio
582 1262 695 1310 tam
725 1254 889 1308 facile
918 1255 1042 1308 elici
1070 1272 1235 1324 posse
1264 1254 1679 1324 Tychonianam
1704 1255 2063 1324 hypothesin.

622 1336 780 1388 Haec
826 1334 1107 1405 scribebat
1151 1334 1225 1387 M.
1270 1336 1358 1389 Jo.
1408 1335 1687 1404 Keplerus
1734 1334 1912 1389 Math.
1959 1334 2270 1405 Styriacus,
2331 1334 2385 1387 in
2423 1334 2666 1405 gratiam
2714 1335 2914 1389 nobilis
2954 1337 3180 1405 Juvenis

464 1414 738 1469 Francisci
756 1414 1071 1486 Tegnaglii‚
1103 1414 1193 1485 qui
1224 1413 1469 1483 Tychoni
1498 1414 1846 1476 domesticus,
1879 1414 2151 1484 cupientis
2181 1430 2252 1468 ea
2279 1415 2592 1484 accuratius
2622 1430 2976 1485 cognoscere.
3019 1419 3180 1470 Anno

471 1496 639 1549 1600.
672 1511 858 1548 mense
885 1494 1106 1549 Martio.

608 1658 687 1708 Ea
720 1671 849 1722 quae
886 1657 1059 1707 addita
1094 1663 1211 1706 sunt
1245 1658 1549 1721 inscriptioni
1586 1660 1890 1722 praemissae
1927 1657 2277 1721 disquisitionis
2302 1657 2584 1722 significare
2615 1659 2859 1717 videntur,
2894 1658 3179 1721 Tychonem

462 1730 515 1779 id
552 1730 849 1791 propositum
883 1727 1114 1777 habuisse
1128 1762 1140 1783 ‚
1193 1734 1250 1777 ut
1297 1728 1432 1777 illam
1470 1730 1765 1793 adjungeret
1813 1730 2141 1792 responsioni,
2194 1742 2342 1792 quam
2385 1730 2493 1792 ipse
2546 1730 2598 1779 in
2647 1730 2896 1793 publicum
2933 1730 3177 1792 edendam

465 1795 787 1865 cogitaverat,
823 1805 1001 1863 postca
1034 1814 1148 1847 vero
1185 1798 1251 1847 ad
1286 1799 1557 1862 Keplerum
1594 1800 1912 1862 rejiciendam
1949 1806 2226 1849 censuerat.

605 1870 741 1918 Inter
775 1870 945 1919 literas
979 1868 1157 1919 Herw
1172 1883 1204 1917 a
1218 1871 1299 1918 rti
1336 1869 1403 1919 ad
1438 1870 1709 1937 Keplernm
1766 1871 1911 1919 datas
1959 1870 2366 1933 deprehendimus
2412 1870 2607 1933 quidem
2657 1870 2932 1935 complures
2969 1871 3174 1935 Kepleri

465 1942 806 2004 responsiones
854 1941 1001 1990 datas
1037 1942 1182 1989 annis
1224 1937 1359 1990 1598
1409 1947 1461 1989 et
1518 1937 1645 1991 1599
1686 1938 1869 2003 (comp.
1911 1957 1958 2004 p.
2001 1938 2067 1989 62
2114 1947 2166 1989 et
2203 1938 2295 2002 67)
2337 1940 2398 1989 ab
2452 1944 2832 1991 amanuensibus
2889 1942 3175 2006 descriptas,

460 2026 621 2075 neque
657 2025 769 2060 vero
805 2011 939 2059 illam
978 2024 1107 2074 quae
1146 2026 1295 2073 supra
1329 2012 1579 2075 tangitur,
1620 2026 1729 2061 eam
1766 2012 1892 2060 forte
1931 2012 1992 2059 ob
2030 2024 2235 2060 causam
2271 2010 2400 2077 quod
2439 2012 2574 2061 illam
2607 2012 2894 2061 Herwartus
2930 2013 3174 2077 integram

462 2082 683 2145 Tychoni
706 2083 996 2130 transmisit.
1060 2081 1335 2143 Respondit
1364 2082 1489 2131 forte
1514 2082 1760 2145 Keplerus
1800 2080 1865 2130 ad
1889 2082 1982 2131 hoc
2007 2080 2253 2131 Herwarti
2278 2084 2540 2133 monitum:
2581 2082 2701 2132 Was
2725 2083 2790 2133 R..
2819 2082 2972 2132 Ursus
3005 2090 3176 2133 contra

460 2153 745 2216 Tychonem
781 2152 945 2201 Brahe
982 2152 1320 2217 geschrieben‚
1358 2154 1425 2201 ist
1460 2152 1747 2202 schwerlich
1766 2168 1847 2202 -zu
1882 2153 2188 2201 bekommen.
2265 2152 2380 2201 Hah
2419 2168 2473 2201 es
2499 2154 2770 2210 demnach,
2809 2154 2917 2202 weil
2962 2153 3045 2202 ich
3069 2168 3172 2203 ver-

458 2225 653 2283 muthe,
712 2238 764 2273 es
801 2223 965 2273 werde
1002 2224 1089 2272 der
1125 2223 1253 2272 Hert
1290 2223 1481 2273 solches
1520 2226 1594 2272 nit
1629 2224 1811 2280 haben,
1850 2222 1950 2271 ihm
1989 2222 2216 2272 dasselbe
2251 2238 2338 2272 vor
2361 2223 2546 2273 diesem
2580 2224 2935 2274 iiberschicken
2972 2224 3176 2282 vollem

458 2296 566 2344 weil
606 2310 659 2345 es
696 2295 815 2343 aber
849 2296 924 2342 nit
960 2293 1256 2358 geschehen‚
1295 2293 1447 2357 gehet
1483 2309 1534 2343 es
1572 2294 1761 2349 hiemit,
1800 2293 1903 2343 und
1937 2292 2032 2341 vill
2071 2292 2158 2343 des
2184 2294 2348 2343 Herrn
2375 2294 2770 2344 Gutbedunkhen
2806 2294 3020 2345 dariiber
3054 2310 3195 2360 geru,

457 2365 767 2414 vernehmen.
826 2364 927 2424 (Ex
952 2364 1199 2413 Herwarti
1233 2364 1387 2414 literis
1426 2365 1472 2414 d.
1512 2364 1765 2415 Monachii
1808 2364 1855 2413 d.
1904 2362 1982 2413 16.
2009 2362 2136 2426 Maji
2175 2360 2356 2425 1599.)
2427 2364 2704 2427 Responsio
2729 2364 2934 2428 Kepleri
2971 2367 3102 2415 iuter
3125 2366 3174 2415 d.

460 2432 541 2484 16.
570 2435 694 2499 Maji
733 2442 785 2484 et
812 2434 896 2484 20.
934 2434 1033 2485 Jul.
1064 2431 1201 2483 1599
1238 2436 1424 2497 scripta
1462 2450 1571 2485 esse
1606 2434 1814 2492 videtur,
1855 2450 1968 2485 cum
2004 2436 2055 2483 in
2079 2436 2233 2484 literis
2260 2435 2306 2484 d.
2337 2432 2420 2483 20.
2447 2435 2552 2485 Jul.
2589 2436 2721 2485 datis
2744 2435 3033 2487 Herwartus
3057 2450 3172 2501 gra-

456 2507 555 2556 tias
593 2514 716 2573 agat
752 2522 838 2569 pro
875 2506 1193 2569 responsione
1218 2506 1424 2569 Kepleri
1464 2506 1529 2555 ad
1565 2507 1882 2571 quaestiones
1920 2519 2054 2562 suas,
2092 2520 2193 2555 rem
2233 2507 2392 2569 ipsam
2429 2521 2542 2555 vero
2586 2521 2685 2555 non
2723 2507 2928 2556 ulterius
2963 2514 3176 2570 premat.

456 2578 609 2627 semel
645 2583 839 2627 tantum
866 2576 1072 2640 posthac
1100 2574 1210 2637 (25.
1238 2576 1339 2627 Jul.
1364 2572 1525 2637 ¹600)
1566 2577 1632 2626 ad
1667 2576 1849 2627 Ursum
1873 2576 2068 2626 rediens
2097 2576 2173 2625 his
2199 2576 2383 2625 verbis:
2423 2576 2511 2626 Ich
2529 2575 2628 2625 hab
2658 2591 2746 2625 aus
2773 2578 2954 2627 Eurem
2980 2576 3174 2627 Schrei-

414 2698 423 2709 ,
454 2649 549 2697 ben
577 2648 798 2705 arachen,
836 2650 929 2698 wie
968 2648 1099 2696 Euer
1122 2646 1243 2697 Reiz
1280 2647 1411 2697 nach
1434 2647 1745 2699 Pennatickh
1781 2646 1884 2697 und
1921 2647 2006 2696 der
2043 2648 2299 2697 convictus
2343 2662 2455 2697 cum
2475 2646 2708 2709 Tychone
2736 2647 3019 2713 abgangen.
3084 2648 3173 2697 Ich

455 2720 747 2775 vernimme,
804 2718 879 2767 als
917 2720 980 2768 ob
1014 2716 1110 2767 viel
1148 2716 1392 2767 Schriften
1444 2719 1547 2768 und
1582 2718 1923 2767 Instrumenta
1971 2732 2064 2765 von
2121 2716 2232 2767 dem
2278 2719 2498 2782 jetzigen
2544 2717 2715 2782 Konig
2750 2734 2847 2767 von
2887 2718 3176 2769 Danemark

455 2793 762 2841 verarrestirt
796 2791 1016 2848 worden,
1033 2805 1157 2851 seyn
1196 2789 1389 2839 sollten.
1466 2789 1668 2840 Mochte
1704 2790 1832 2838 wohl
1869 2790 2063 2845 wissen,
2102 2789 2164 2838 ob
2189 2789 2357 2851 Tycho
2393 2791 2444 2838 in
2483 2789 2902 2840 observationibus
2939 2791 3174 2841 fortfahre

452 2861 555 2910 und
592 2861 957 2916 observatores,
994 2863 1087 2909 wie
1124 2874 1178 2909 er
1212 2876 1297 2909 vor
1332 2860 1519 2910 Jahren
1557 2875 1619 2909 zu
1654 2860 1777 2909 thun
1815 2861 2076 2924 gepflogen
2097 2894 2111 2916 ,
2149 2861 2229 2910 bei
2267 2861 2372 2908 sich
2407 2860 2554 2909 habe.
2630 2860 2767 2910 Mich
2802 2863 2980 2910 nimmt
3014 2861 3168 2912 Wun-

453 2931 556 2989 der,
592 2934 685 2981 vie
723 2931 828 2980 sich
867 2932 931 2980 Er
964 2931 1069 2980 und
1106 2931 1192 2980 der
1229 2931 1381 2982 Ursus
1421 2946 1474 2980 so
1514 2930 1712 2980 nahend
1764 2946 1849 2978 um
1888 2930 2129 2979 einander
2165 2931 2396 2980 dannoch
2433 2931 2674 2995 betragen
2713 2931 2930 2981 kiinden.
2981 2931 3177 2995 (Gomp.

453 3016 564 3052 cum
598 3002 675 3050 his
710 3002 881 3050 literas
920 3001 1166 3063 Tychonis
1206 3001 1271 3051 ad
1311 3002 1625 3051 Herwartum
1664 3015 1813 3064 supra
1850 3017 1897 3064 p.
1945 2997 2092 3061 232.)

594 3155 650 3220 6)
688 3175 736 3222 p.
776 3154 897 3209 236.
972 3157 1165 3210 Morem
1200 3166 1402 3210 secutus
1441 3159 1597 3210 Ursus
1635 3165 1739 3208 tum
1777 3161 2010 3220 temporis
2062 3160 2301 3209 usitatum
2347 3160 2522 3210 librum
2558 3175 2700 3210 suum
2737 3161 2988 3223 inscripsit
3022 3161 3180 3210 nimia

452 3243 570 3279 usus
625 3230 879 3279 verborum
936 3231 1103 3293 copia:
1153 3230 1217 3281 N:
1255 3231 1319 3280 R.
1356 3230 1469 3281 Ursi
1506 3230 1781 3280 Dithmarsi
1821 3229 1871 3280 S.
1913 3229 1967 3279 C.
2009 3228 2080 3280 M.
2121 3229 2470 3282 Mathematici
2520 3231 2582 3280 de
2629 3233 2967 3280 astronomicis
3021 3231 3174 3294 hypo-

452 3301 673 3350 thesibus
710 3315 799 3351 seu
851 3300 914 3351 de
948 3307 1219 3363 systemate
1250 3293 1506 3351 'mundano
1563 3307 1809 3351 tractatus
1849 3303 2202 3352 astronomicus
2249 3307 2300 3350 et
2336 3302 2795 3366 cosmographicus:
2854 3317 2965 3350 cum
2996 3305 3170 3365 jucun·

450 3371 543 3420 dus
592 3378 698 3422 tum
750 3371 1055 3422 utilissimus.
1130 3373 1257 3423 Item
1312 3374 1753 3422 astronomicarum
1807 3372 2152 3435 hypothesium
2209 3386 2240 3420 a
2291 3386 2344 3419 se
2395 3373 2733 3431 inventarum,
2791 3371 3066 3422 oblatamm
3125 3379 3175 3422 et

455 3441 698 3493 editarum
736 3449 911 3494 contra
947 3445 1185 3508 quosdam
1224 3457 1309 3494 eas
1346 3445 1439 3493 sibi
1475 3444 1740 3494 temerario
1779 3459 1869 3493 seu
1905 3444 2066 3506 potius
2103 3443 2292 3492 nefario
2330 3456 2453 3491 ausu
2493 3451 2782 3508 arrogantes
2821 3443 3086 3492 vindicatio
3124 3449 3176 3492 et

454 3513 691 3570 defensio.
730 3529 855 3579 eque
892 3516 1044 3564 sacris
1082 3515 1462 3565 demonstratio:
1502 3515 1868 3578 earundemque
1903 3527 2019 3563 usus
2057 3511 2148 3562 ac.

595 3669 652 3735 7)
689 3689 737 3738 p.
778 3669 898 3721 240.
974 3671 1207 3738 Magiuus
1244 3674 1293 3722 in
1336 3673 1749 3724 „Theoricarum“
1788 3672 2097 3736 praefatione
2131 3672 2258 3721 haec
2294 3672 2503 3735 profert:
2542 3670 2603 3719 In
2637 3670 2734 3720 hac
2771 3671 3056 3721 narratione
3091 3687 3169 3722 se·

451 3757 655 3809 quemur
707 3743 1073 3794 observationes
1112 3744 1426 3794 eruditissimi
1461 3745 1547 3792 viri
1605 3750 1656 3792 et
1703 3743 2118 3806 praestantissimi
2156 3742 2363 3792 artificis
2397 3741 2510 3790 Nic.
2551 3740 2829 3804 Gopernici‚
2885 3757 3016 3805 quae
3055 3757 3166 3792 cum

453 3814 591 3864 coelo
626 3815 831 3865 mirifice
868 3816 1213 3870 consentiunt,
1254 3815 1493 3878 neglectis
1531 3821 1703 3864 tamen
1739 3814 1869 3862 illius
1904 3813 2258 3875 hypothesibus
2295 3813 2358 3862 de
2395 3813 2650 3875 multiplici
2689 3813 2966 3863 mobilitate
2991 3813 3164 3864 Terre·

453 3887 567 3934 stris
603 3887 735 3950 globi
773 3892 825 3935 et
858 3886 922 3934 de
959 3886 1124 3949 quiete
1160 3891 1267 3934 tum
1293 3884 1419 3934 Solis
1458 3887 1509 3934 in
1548 3891 1715 3934 centro
1751 3885 1965 3934 universi
2002 3891 2108 3932 tum
2144 3883 2332 3934 stellati
2359 3885 2504 3938 orbis,
2554 3897 2677 3947 quas
2715 3891 2772 3934 ut
2805 3885 3170 3934 multitudinem

453 3957 771 4020 sphaerarum
810 3957 1021 4006 evitaret
1052 3957 1445 4021 ingeniosissime
1480 3955 1564 4005 ille
1601 3956 1797 4020 quidem
1836 3956 2164 4018 excogitavit,
2209 3954 2299 4004 sed
2333 3953 2458 4008 hae,
2497 3959 2554 4002 ut
2591 3955 2738 4002 nimis
2775 3969 2808 4003 a
2845 3955 3051 4004 veritate
3089 3971 3166 4006 re-

450 4033 619 4077 motae
656 4033 805 4091 atque
843 4027 1105 4084 absurdae,
1146 4042 1179 4077 a
1216 4029 1407 4077 cunctis
1443 4027 1545 4076 fere
1584 4025 1936 4088 exploduntur,
1989 4025 2114 4075 adeo
2151 4032 2208 4074 ut
2243 4025 2384 4074 multi
2423 4026 2572 4074 etiam
2609 4025 2932 4074 inclementer
2966 4025 3018 4073 in
3050 4033 3164 4075 tan-

454 4104 559 4147 tum
594 4098 764 4158 virum,
802 4099 881 4146 cui
916 4097 1176 4161 plurimum
1212 4099 1361 4148 debet
1398 4104 1753 4161 aeternumque
1790 4096 1990 4145 debebit
2044 4097 2370 4151 astronomia,
2427 4095 2523 4144 hac
2573 4110 2674 4144 una
2724 4095 2785 4144 de
2839 4109 2994 4144 causa
3027 4097 3186 4166 inve-s

448 4169 656 4226 hautun
696 4170 899 4219 tametsi
932 4183 1077 4218 nemo
1114 4176 1336 4218 motuum
1371 4170 1613 4220 rationem
1647 4168 1745 4218 hac
1782 4169 1894 4230 ipsa
1913 4166 2171 4230 Copernici
2197 4165 2548 4230 expeditiorem
2597 4173 2647 4215 et
2672 4167 2927 4216 certiorem
2952 4165 3168 4230 proferre

454 4239 701 4290 hactenus
737 4241 967 4303 potuerit.

598 4310 797 4360 Deinde
831 4309 927 4361 alio
964 4310 1099 4360 loco:
1150 4309 1255 4359 Nos
1294 4309 1563 4373 Oopernico
1606 4311 1681 4360 ita
1720 4307 2123 4363 adhaerebimus.
2163 4314 2220 4357 ut
2253 4322 2352 4357 non
2389 4308 2546 4356 solum
2583 4307 2872 4370 angulorum
2909 4307 3168 4358 diversita-

454 4387 573 4438 tem,
612 4383 799 4431 orbium
836 4383 1171 4445 proportiones
1210 4388 1261 4430 et
1298 4381 1641 4443 dispositiones
1680 4378 2044 4442 eorundemque
2084 4393 2116 4428 a
2151 4379 2306 4429 Terra
2341 4379 2622 4434 distantias,
2661 4378 2751 4426 sed
2787 4379 2941 4428 etiam
2975 4384 3034 4428 ut
3067 4393 3168 4428 uno

454 4454 600 4502 verbo
637 4449 799 4502 dicam
838 4453 1005 4501 omnia
1041 4454 1237 4501 omnino
1274 4451 1621 4514 phaenomena
1658 4450 1726 4500 ad
1762 4450 1890 4498 illius
1945 4456 2164 4498 mentem
2215 4451 2467 4499 videamur
2502 4448 2812 4498 efformasse:
2865 4449 2958 4500 hoc
2999 4455 3172 4500 tamen

456 4524 603 4572 unioo
638 4530 865 4587 excepto,
900 4524 1032 4588 quod
1059 4523 1331 4587 Copernico
1369 4527 1543 4571 contra
1578 4537 1773 4571 omnem
1808 4522 2072 4570 veritatem
2107 4525 2160 4568 et
2195 4520 2552 4583 philosophiam
2578 4519 2734 4568 Terra
2771 4520 2964 4570 mobilis
3005 4527 3058 4570 et
3082 4519 3170 4570 Sol

454 4607 567 4642 cum
604 4601 779 4643 octavo
816 4596 933 4644 orbe
968 4597 1280 4658 quiescentes
1320 4593 1575 4650 videntur,
1632 4593 1770 4642 nobis
1810 4607 1922 4642 vero
1963 4592 2261 4640 contrarium
2312 4591 2612 4654 supponitur.
2691 4588 2878 4648 Quodsi
2915 4592 2998 4655 qui
3049 4599 3168 4640 sunt

455 4665 545 4714 viri
582 4663 880 4722 doctissimi,
938 4668 1021 4732 qui
1055 4680 1185 4715 nova
1222 4663 1521 4726 Cassiopeae
1558 4664 1705 4714 stella
1743 4677 1875 4713 anno
1926 4659 2057 4709 1572
2095 4668 2148 4710 et
2183 4666 2408 4710 cometae
2447 4675 2578 4710 anno
2621 4655 2757 4708 1578
2795 4661 3057 4726 diligenter
3093 4664 3167 4712 in·

454 4736 653 4798 spectis,
692 4734 743 4784 id
780 4736 871 4786 sibi
908 4751 968 4785 ex
1004 4737 1256 4801 utriusque
1295 4736 1440 4785 factis
1478 4734 1898 4784 observationibus
1935 4731 2252 4796 persuadent,
2289 4737 2346 4781 ut
2382 4746 2636 4781 erroneam
2673 4729 2929 4794 Copernici
2965 4739 3167 4783 senten·

455 4807 579 4854 tiam
617 4805 679 4854 de
716 4804 899 4856 Terrae
937 4814 1073 4857 motu
1109 4823 1223 4857 vero
1259 4807 1531 4868 proximam
1566 4806 1892 4861 arbitrentur,
1946 4809 1997 4852 et
2035 4803 2142 4853 aliis
2177 4809 2439 4867 propterea
2477 4802 2706 4852 adhibitis
2746 4802 3166 4853 observationibus

461 4877 828 4941 rationibusque
863 4878 1036 4928 itidem
1071 4878 1381 4928 naturalibus
1418 4877 1657 4940 opinionis
1692 4875 1819 4924 illius
1859 4874 2280 4925 confirmationem
2314 4874 2654 4937 polliceantur,
2699 4873 2926 4937 equidem
2961 4889 3054 4924 nec
3083 4889 3166 4922 eos
