<?xml version="1.0" encoding="UTF-8"?>
<!DOCTYPE html PUBLIC "-//W3C//DTD XHTML 1.0 Transitional//EN"
    "http://www.w3.org/TR/xhtml1/DTD/xhtml1-transitional.dtd">
<html xmlns="http://www.w3.org/1999/xhtml" xml:lang="en" lang="en">
 <head>
  <title>
</title>
<meta http-equiv="Content-Type" content="text/html;charset=utf-8" />
  <meta name='ocr-system' content='tesseract 3.04.00' />
  <meta name='ocr-capabilities' content='ocr_page ocr_carea ocr_par ocr_line ocrx_word'/>
</head>
<body>
  <div class='ocr_page' id='page_1' title='image "./joanniskepleria30frisgoog_0354.png"; bbox 0 0 3634 5575; ppageno 0'>
   <div class='ocr_carea' id='block_1_1' title="bbox 1416 370 3078 445">
    <p class='ocr_par' dir='ltr' id='par_1_1' title="bbox 1416 370 3078 445">
     <span class='ocr_line' id='line_1_1' title="bbox 1416 370 3078 445; baseline -0.002 -18"><span class='ocrx_word' id='word_1_1' title='bbox 1416 379 2016 445; x_wconf 54' lang='lat' dir='ltr'><strong>domnum.</strong></span> <span class='ocrx_word' id='word_1_2' title='bbox 2945 370 3078 443; x_wconf 66' lang='lat'><strong>333</strong></span> 
     </span>
    </p>
   </div>
   <div class='ocr_carea' id='block_1_2' title="bbox 360 528 3079 1097">
    <p class='ocr_par' dir='ltr' id='par_1_2' title="bbox 360 528 3079 601">
     <span class='ocr_line' id='line_1_2' title="bbox 360 528 3079 601; baseline -0.001 -12"><span class='ocrx_word' id='word_1_3' title='bbox 360 534 503 589; x_wconf 71' lang='lat' dir='ltr'><strong>Vm.</strong></span> <span class='ocrx_word' id='word_1_4' title='bbox 564 536 703 587; x_wconf 65' lang='lat' dir='ltr'><strong>aliid</strong></span> <span class='ocrx_word' id='word_1_5' title='bbox 746 538 803 587; x_wconf 74' lang='lat' dir='ltr'><strong>in</strong></span> <span class='ocrx_word' id='word_1_6' title='bbox 840 534 905 589; x_wconf 73' lang='grc' dir='ltr'><strong>Χ.</strong></span> <span class='ocrx_word' id='word_1_7' title='bbox 962 550 1065 587; x_wconf 72' lang='lat' dir='ltr'><strong>mn</strong></span> <span class='ocrx_word' id='word_1_8' title='bbox 1098 542 1283 587; x_wconf 71' lang='lat' dir='ltr'><strong>natura</strong></span> <span class='ocrx_word' id='word_1_9' title='bbox 1316 548 1439 593; x_wconf 82' lang='lat' dir='ltr'><strong>sua,</strong></span> <span class='ocrx_word' id='word_1_10' title='bbox 1497 536 1585 585; x_wconf 80' lang='lat' dir='ltr'><strong>sed</strong></span> <span class='ocrx_word' id='word_1_11' title='bbox 1622 534 1719 587; x_wconf 78' lang='lat' dir='ltr'><strong>Dei</strong></span> <span class='ocrx_word' id='word_1_12' title='bbox 1756 535 2014 587; x_wconf 67' lang='lat' dir='ltr'><strong>vuluntate</strong></span> <span class='ocrx_word' id='word_1_13' title='bbox 2059 528 2132 585; x_wconf 74' lang='lat' dir='ltr'><strong>mi</strong></span> <span class='ocrx_word' id='word_1_14' title='bbox 2181 536 2426 585; x_wconf 66' lang='lat' dir='ltr'><strong>urinum</strong></span> <span class='ocrx_word' id='word_1_15' title='bbox 2459 546 2630 587; x_wconf 64' lang='lat' dir='ltr'><strong>reum</strong></span> <span class='ocrx_word' id='word_1_16' title='bbox 2661 534 3079 601; x_wconf 56' lang='lat' dir='ltr'><strong>matinen</strong></span> 
     </span>
    </p>

    <p class='ocr_par' dir='ltr' id='par_1_3' title="bbox 361 676 3078 1097">
     <span class='ocr_line' id='line_1_3' title="bbox 500 676 3078 743; baseline 0 -16"><span class='ocrx_word' id='word_1_17' title='bbox 500 676 646 728; x_wconf 76' lang='lat' dir='ltr'><strong>Haec</strong></span> <span class='ocrx_word' id='word_1_18' title='bbox 680 679 757 727; x_wconf 83' lang='lat' dir='ltr'><strong>ita</strong></span> <span class='ocrx_word' id='word_1_19' title='bbox 792 692 930 733; x_wconf 85' lang='lat' dir='ltr'><strong>esse.</strong></span> <span class='ocrx_word' id='word_1_20' title='bbox 987 677 1230 739; x_wconf 84' lang='lat' dir='ltr'><strong>scriptura</strong></span> <span class='ocrx_word' id='word_1_21' title='bbox 1265 682 1503 732; x_wconf 80' lang='lat' dir='ltr'><strong>testatur.</strong></span> <span class='ocrx_word' id='word_1_22' title='bbox 1560 692 1718 740; x_wconf 82' lang='lat' dir='ltr'><strong>quae.</strong></span> <span class='ocrx_word' id='word_1_23' title='bbox 1773 679 1826 726; x_wconf 87' lang='lat' dir='ltr'><strong>in</strong></span> <span class='ocrx_word' id='word_1_24' title='bbox 1865 679 2011 742; x_wconf 80' lang='lat' dir='ltr'><strong>signa</strong></span> <span class='ocrx_word' id='word_1_25' title='bbox 2055 693 2154 727; x_wconf 86' lang='lat' dir='ltr'><strong>non</strong></span> <span class='ocrx_word' id='word_1_26' title='bbox 2191 691 2370 727; x_wconf 84' lang='lat' dir='ltr'><strong>causas</strong></span> <span class='ocrx_word' id='word_1_27' title='bbox 2417 684 2626 743; x_wconf 72' lang='lat' dir='ltr'><strong>agentes</strong></span> <span class='ocrx_word' id='word_1_28' title='bbox 2666 678 2928 727; x_wconf 77' lang='lat' dir='ltr'><strong>luminaria</strong></span> <span class='ocrx_word' id='word_1_29' title='bbox 2965 693 3078 727; x_wconf 88' lang='lat' dir='ltr'><strong>cum</strong></span> 
     </span>
     <span class='ocr_line' id='line_1_4' title="bbox 361 746 3076 813; baseline 0 -15"><span class='ocrx_word' id='word_1_30' title='bbox 361 749 516 799; x_wconf 76' lang='lat' dir='ltr'><strong>stellis</strong></span> <span class='ocrx_word' id='word_1_31' title='bbox 550 750 713 813; x_wconf 83' lang='lat' dir='ltr'><strong>posita</strong></span> <span class='ocrx_word' id='word_1_32' title='bbox 751 762 859 797; x_wconf 80' lang='lat' dir='ltr'><strong>esse</strong></span> <span class='ocrx_word' id='word_1_33' title='bbox 878 784 891 807; x_wconf 87' lang='lat'><strong>,</strong></span> <span class='ocrx_word' id='word_1_34' title='bbox 947 747 1079 797; x_wconf 82' lang='lat' dir='ltr'><strong>clare</strong></span> <span class='ocrx_word' id='word_1_35' title='bbox 1116 748 1291 796; x_wconf 80' lang='lat' dir='ltr'><strong>innuit.</strong></span> <span class='ocrx_word' id='word_1_36' title='bbox 1369 746 1537 807; x_wconf 79' lang='lat' dir='ltr'><strong>Quare</strong></span> <span class='ocrx_word' id='word_1_37' title='bbox 1574 749 1717 796; x_wconf 86' lang='lat' dir='ltr'><strong>nimis</strong></span> <span class='ocrx_word' id='word_1_38' title='bbox 1756 760 1976 797; x_wconf 82' lang='lat' dir='ltr'><strong>crassum</strong></span> <span class='ocrx_word' id='word_1_39' title='bbox 2013 756 2092 797; x_wconf 86' lang='lat' dir='ltr'><strong>est</strong></span> <span class='ocrx_word' id='word_1_40' title='bbox 2127 754 2179 797; x_wconf 91' lang='lat' dir='ltr'><strong>et</strong></span> <span class='ocrx_word' id='word_1_41' title='bbox 2215 748 2443 805; x_wconf 80' lang='lat' dir='ltr'><strong>carnale,</strong></span> <span class='ocrx_word' id='word_1_42' title='bbox 2484 750 2650 798; x_wconf 71' lang='lat' dir='ltr'><strong>omnia</strong></span> <span class='ocrx_word' id='word_1_43' title='bbox 2685 747 2783 797; x_wconf 91' lang='lat' dir='ltr'><strong>Dei</strong></span> <span class='ocrx_word' id='word_1_44' title='bbox 2821 762 2974 812; x_wconf 86' lang='lat' dir='ltr'><strong>opera</strong></span> <span class='ocrx_word' id='word_1_45' title='bbox 3009 748 3076 799; x_wconf 81' lang='lat' dir='ltr'><strong>ad</strong></span> 
     </span>
     <span class='ocr_line' id='line_1_5' title="bbox 364 817 3068 883; baseline -0.001 -13"><span class='ocrx_word' id='word_1_46' title='bbox 364 830 545 870; x_wconf 69' lang='lat' dir='ltr'><strong>causus</strong></span> <span class='ocrx_word' id='word_1_47' title='bbox 581 818 811 883; x_wconf 76' lang='lat' dir='ltr'><strong>physicas</strong></span> <span class='ocrx_word' id='word_1_48' title='bbox 849 824 939 867; x_wconf 79' lang='lat' dir='ltr'><strong>aut</strong></span> <span class='ocrx_word' id='word_1_49' title='bbox 971 817 1309 881; x_wconf 72' lang='lat' dir='ltr'><strong>philosophiae</strong></span> <span class='ocrx_word' id='word_1_50' title='bbox 1344 824 1585 867; x_wconf 82' lang='lat' dir='ltr'><strong>stateram</strong></span> <span class='ocrx_word' id='word_1_51' title='bbox 1622 818 1803 867; x_wconf 76' lang='lat' dir='ltr'><strong>referre</strong></span> <span class='ocrx_word' id='word_1_52' title='bbox 1841 819 1984 867; x_wconf 71' lang='lat' dir='ltr'><strong>velle.</strong></span> <span class='ocrx_word' id='word_1_53' title='bbox 2061 817 2299 878; x_wconf 84' lang='lat' dir='ltr'><strong>Vidimus,</strong></span> <span class='ocrx_word' id='word_1_54' title='bbox 2341 832 2488 883; x_wconf 57' lang='lat' dir='ltr'><strong>qiam</strong></span> <span class='ocrx_word' id='word_1_55' title='bbox 2525 818 2774 868; x_wconf 70' lang='lat' dir='ltr'><strong>invalidae</strong></span> <span class='ocrx_word' id='word_1_56' title='bbox 2809 820 2912 868; x_wconf 78' lang='lat' dir='ltr'><strong>sint</strong></span> <span class='ocrx_word' id='word_1_57' title='bbox 2945 818 3068 881; x_wconf 83' lang='lat' dir='ltr'><strong>phy·</strong></span> 
     </span>
     <span class='ocr_line' id='line_1_6' title="bbox 362 888 3074 954; baseline -0.001 -13"><span class='ocrx_word' id='word_1_58' title='bbox 362 893 575 941; x_wconf 74' lang='lat' dir='ltr'><strong>sicem</strong></span> <span class='ocrx_word' id='word_1_59' title='bbox 612 896 705 939; x_wconf 77' lang='lat' dir='ltr'><strong>ant</strong></span> <span class='ocrx_word' id='word_1_60' title='bbox 735 888 1131 954; x_wconf 71' lang='lat' dir='ltr'><strong>philosophorum</strong></span> <span class='ocrx_word' id='word_1_61' title='bbox 1164 890 1384 938; x_wconf 73' lang='lat' dir='ltr'><strong>rationes</strong></span> <span class='ocrx_word' id='word_1_62' title='bbox 1420 890 1484 937; x_wconf 75' lang='lat' dir='ltr'><strong>de</strong></span> <span class='ocrx_word' id='word_1_63' title='bbox 1518 889 1689 938; x_wconf 77' lang='lat' dir='ltr'><strong>multis</strong></span> <span class='ocrx_word' id='word_1_64' title='bbox 1725 888 1824 937; x_wconf 84' lang='lat' dir='ltr'><strong>Dei</strong></span> <span class='ocrx_word' id='word_1_65' title='bbox 1861 890 2115 953; x_wconf 74' lang='lat' dir='ltr'><strong>operibns,</strong></span> <span class='ocrx_word' id='word_1_66' title='bbox 2155 896 2208 938; x_wconf 78' lang='lat' dir='ltr'><strong>et</strong></span> <span class='ocrx_word' id='word_1_67' title='bbox 2241 892 2498 950; x_wconf 70' lang='lat' dir='ltr'><strong>meteorb,</strong></span> <span class='ocrx_word' id='word_1_68' title='bbox 2548 898 2605 939; x_wconf 77' lang='lat' dir='ltr'><strong>ut</strong></span> <span class='ocrx_word' id='word_1_69' title='bbox 2643 890 2874 945; x_wconf 63' lang='lat' dir='ltr'><strong>minine.</strong></span> <span class='ocrx_word' id='word_1_70' title='bbox 2911 891 3074 939; x_wconf 75' lang='lat' dir='ltr'><strong>ventis</strong></span> 
     </span>
     <span class='ocr_line' id='line_1_7' title="bbox 363 958 3074 1025; baseline -0.001 -12"><span class='ocrx_word' id='word_1_71' title='bbox 363 968 417 1013; x_wconf 70' lang='lat' dir='ltr'><strong>et</strong></span> <span class='ocrx_word' id='word_1_72' title='bbox 452 962 579 1011; x_wconf 76' lang='lat' dir='ltr'><strong>aliis.</strong></span> <span class='ocrx_word' id='word_1_73' title='bbox 652 960 729 1009; x_wconf 82' lang='lat' dir='ltr'><strong>Ex</strong></span> <span class='ocrx_word' id='word_1_74' title='bbox 764 961 915 1009; x_wconf 79' lang='lat' dir='ltr'><strong>unica</strong></span> <span class='ocrx_word' id='word_1_75' title='bbox 949 958 1128 1008; x_wconf 74' lang='lat' dir='ltr'><strong>vocula</strong></span> <span class='ocrx_word' id='word_1_76' title='bbox 1166 960 1249 1019; x_wconf 73' lang='lat' dir='ltr'><strong>„in</strong></span> <span class='ocrx_word' id='word_1_77' title='bbox 1285 959 1470 1024; x_wconf 73' lang='lat' dir='ltr'><strong>signis‘*</strong></span> <span class='ocrx_word' id='word_1_78' title='bbox 1523 960 1683 1009; x_wconf 84' lang='lat' dir='ltr'><strong>multa</strong></span> <span class='ocrx_word' id='word_1_79' title='bbox 1718 966 2018 1025; x_wconf 79' lang='lat' dir='ltr'><strong>argumenta</strong></span> <span class='ocrx_word' id='word_1_80' title='bbox 2051 960 2268 1024; x_wconf 77' lang='lat' dir='ltr'><strong>depromi</strong></span> <span class='ocrx_word' id='word_1_81' title='bbox 2304 969 2512 1025; x_wconf 75' lang='lat' dir='ltr'><strong>possunt</strong></span> <span class='ocrx_word' id='word_1_82' title='bbox 2529 996 2544 1018; x_wconf 87' lang='lat'><strong>,</strong></span> <span class='ocrx_word' id='word_1_83' title='bbox 2600 974 2728 1025; x_wconf 63' lang='lat' dir='ltr'><strong>quae</strong></span> <span class='ocrx_word' id='word_1_84' title='bbox 2767 974 2826 1009; x_wconf 75' lang='lat' dir='ltr'><strong>ox</strong></span> <span class='ocrx_word' id='word_1_85' title='bbox 2865 960 3074 1024; x_wconf 76' lang='lat' dir='ltr'><strong>philoso-</strong></span> 
     </span>
     <span class='ocr_line' id='line_1_8' title="bbox 362 1028 1709 1097; baseline -0.003 -16"><span class='ocrx_word' id='word_1_86' title='bbox 362 1032 521 1097; x_wconf 82' lang='lat' dir='ltr'><strong>phicis</strong></span> <span class='ocrx_word' id='word_1_87' title='bbox 558 1033 755 1081; x_wconf 74' lang='lat' dir='ltr'><strong>arcanis</strong></span> <span class='ocrx_word' id='word_1_88' title='bbox 792 1031 916 1079; x_wconf 81' lang='lat' dir='ltr'><strong>satis</strong></span> <span class='ocrx_word' id='word_1_89' title='bbox 952 1028 1254 1080; x_wconf 85' lang='lat' dir='ltr'><strong>sufficienter</strong></span> <span class='ocrx_word' id='word_1_90' title='bbox 1288 1031 1406 1079; x_wconf 80' lang='lat' dir='ltr'><strong>solvi</strong></span> <span class='ocrx_word' id='word_1_91' title='bbox 1444 1037 1709 1095; x_wconf 83' lang='lat' dir='ltr'><strong>nequeunt.</strong></span> 
     </span>
    </p>
   </div>
   <div class='ocr_carea' id='block_1_3' title="bbox 346 1098 3166 3764">
    <p class='ocr_par' dir='ltr' id='par_1_4' title="bbox 346 1098 3166 3302">
     <span class='ocr_line' id='line_1_9' title="bbox 540 1098 3076 1182; baseline -0 -18"><span class='ocrx_word' id='word_1_92' title='bbox 540 1102 949 1181; x_wconf 88' lang='lat' dir='ltr'><strong>Keplerus:</strong></span> <span class='ocrx_word' id='word_1_93' title='bbox 1026 1098 1191 1181; x_wconf 86' lang='lat' dir='ltr'><strong>Ege,</strong></span> <span class='ocrx_word' id='word_1_94' title='bbox 1259 1109 1471 1162; x_wconf 89' lang='lat' dir='ltr'><strong>contra</strong></span> <span class='ocrx_word' id='word_1_95' title='bbox 1536 1120 1713 1181; x_wconf 91' lang='lat' dir='ltr'><strong>quam</strong></span> <span class='ocrx_word' id='word_1_96' title='bbox 1771 1102 2070 1181; x_wconf 72' lang='lat' dir='ltr'><strong>opinariS,</strong></span> <span class='ocrx_word' id='word_1_97' title='bbox 2138 1121 2245 1164; x_wconf 91' lang='lat' dir='ltr'><strong>nec</strong></span> <span class='ocrx_word' id='word_1_98' title='bbox 2292 1102 2550 1182; x_wconf 89' lang='lat' dir='ltr'><strong>primas,</strong></span> <span class='ocrx_word' id='word_1_99' title='bbox 2624 1120 2732 1163; x_wconf 89' lang='lat' dir='ltr'><strong>nec</strong></span> <span class='ocrx_word' id='word_1_100' title='bbox 2781 1102 3076 1163; x_wconf 87' lang='lat' dir='ltr'><strong>secundas</strong></span> 
     </span>
     <span class='ocr_line' id='line_1_10' title="bbox 346 1188 3070 1269; baseline -0.001 -14"><span class='ocrx_word' id='word_1_101' title='bbox 346 1190 495 1269; x_wconf 49' lang='lat' dir='ltr'><strong>,Soli</strong></span> <span class='ocrx_word' id='word_1_102' title='bbox 542 1190 736 1253; x_wconf 89' lang='lat' dir='ltr'><strong>tribuo</strong></span> <span class='ocrx_word' id='word_1_103' title='bbox 784 1189 841 1251; x_wconf 91' lang='lat' dir='ltr'><strong>in</strong></span> <span class='ocrx_word' id='word_1_104' title='bbox 892 1190 1113 1251; x_wconf 86' lang='lat' dir='ltr'><strong>virtute</strong></span> <span class='ocrx_word' id='word_1_105' title='bbox 1162 1188 1353 1261; x_wconf 85' lang='lat' dir='ltr'><strong>vitali,</strong></span> <span class='ocrx_word' id='word_1_106' title='bbox 1404 1188 1509 1250; x_wconf 87' lang='lat' dir='ltr'><strong>sed</strong></span> <span class='ocrx_word' id='word_1_107' title='bbox 1560 1190 1712 1263; x_wconf 84' lang='lat' dir='ltr'><strong>dico,</strong></span> <span class='ocrx_word' id='word_1_108' title='bbox 1763 1199 1893 1251; x_wconf 83' lang='lat' dir='ltr'><strong>toto</strong></span> <span class='ocrx_word' id='word_1_109' title='bbox 1941 1208 2161 1268; x_wconf 81' lang='lat' dir='ltr'><strong>genere</strong></span> <span class='ocrx_word' id='word_1_110' title='bbox 2193 1190 2420 1252; x_wconf 87' lang='lat' dir='ltr'><strong>distare</strong></span> <span class='ocrx_word' id='word_1_111' title='bbox 2451 1190 2885 1253; x_wconf 86' lang='lat' dir='ltr'><strong>stimulatrices</strong></span> <span class='ocrx_word' id='word_1_112' title='bbox 2922 1210 3070 1253; x_wconf 88' lang='lat' dir='ltr'><strong>cau-</strong></span> 
     </span>
     <span class='ocr_line' id='line_1_11' title="bbox 366 1276 3075 1357; baseline -0 -17"><span class='ocrx_word' id='word_1_113' title='bbox 366 1300 469 1341; x_wconf 84' lang='lat' dir='ltr'><strong>sas</strong></span> <span class='ocrx_word' id='word_1_114' title='bbox 516 1280 815 1341; x_wconf 88' lang='lat' dir='ltr'><strong>coelestes</strong></span> <span class='ocrx_word' id='word_1_115' title='bbox 862 1299 900 1337; x_wconf 86' lang='lat' dir='ltr'><strong>a</strong></span> <span class='ocrx_word' id='word_1_116' title='bbox 944 1276 1325 1357; x_wconf 80' lang='lat' dir='ltr'><strong>praesidibus</strong></span> <span class='ocrx_word' id='word_1_117' title='bbox 1372 1276 1570 1338; x_wconf 86' lang='lat' dir='ltr'><strong>causis</strong></span> <span class='ocrx_word' id='word_1_118' title='bbox 1618 1277 2062 1351; x_wconf 87' lang='lat' dir='ltr'><strong>sublunaribus,</strong></span> <span class='ocrx_word' id='word_1_119' title='bbox 2113 1278 2300 1340; x_wconf 82' lang='lat' dir='ltr'><strong>vitam</strong></span> <span class='ocrx_word' id='word_1_120' title='bbox 2340 1279 2788 1340; x_wconf 87' lang='lat' dir='ltr'><strong>continentibus</strong></span> <span class='ocrx_word' id='word_1_121' title='bbox 2837 1287 2900 1339; x_wconf 89' lang='lat' dir='ltr'><strong>et</strong></span> <span class='ocrx_word' id='word_1_122' title='bbox 2937 1278 3075 1340; x_wconf 89' lang='lat' dir='ltr'><strong>illos</strong></span> 
     </span>
     <span class='ocr_line' id='line_1_12' title="bbox 368 1365 3077 1447; baseline -0 -17"><span class='ocrx_word' id='word_1_123' title='bbox 368 1366 649 1431; x_wconf 87' lang='lat' dir='ltr'><strong>stimulos</strong></span> <span class='ocrx_word' id='word_1_124' title='bbox 718 1366 1163 1446; x_wconf 75' lang='lat' dir='ltr'><strong>recipientibus.</strong></span> <span class='ocrx_word' id='word_1_125' title='bbox 1268 1365 1447 1427; x_wconf 87' lang='lat' dir='ltr'><strong>Aliae</strong></span> <span class='ocrx_word' id='word_1_126' title='bbox 1514 1366 1716 1447; x_wconf 87' lang='lat' dir='ltr'><strong>itaque</strong></span> <span class='ocrx_word' id='word_1_127' title='bbox 1787 1368 1952 1446; x_wconf 84' lang='lat' dir='ltr'><strong>leges</strong></span> <span class='ocrx_word' id='word_1_128' title='bbox 2019 1375 2160 1428; x_wconf 88' lang='lat' dir='ltr'><strong>sunt</strong></span> <span class='ocrx_word' id='word_1_129' title='bbox 2224 1367 2376 1429; x_wconf 87' lang='lat' dir='ltr'><strong>alius</strong></span> <span class='ocrx_word' id='word_1_130' title='bbox 2442 1386 2757 1429; x_wconf 86' lang='lat' dir='ltr'><strong>causarum</strong></span> <span class='ocrx_word' id='word_1_131' title='bbox 2820 1367 3077 1447; x_wconf 86' lang='lat' dir='ltr'><strong>generis.</strong></span> 
     </span>
     <span class='ocr_line' id='line_1_13' title="bbox 371 1452 3076 1537; baseline -0.001 -19"><span class='ocrx_word' id='word_1_132' title='bbox 371 1455 499 1531; x_wconf 91' lang='lat' dir='ltr'><strong>Sol,</strong></span> <span class='ocrx_word' id='word_1_133' title='bbox 550 1464 846 1537; x_wconf 90' lang='lat' dir='ltr'><strong>quatenus</strong></span> <span class='ocrx_word' id='word_1_134' title='bbox 894 1454 1170 1516; x_wconf 81' lang='lat' dir='ltr'><strong>stimulat</strong></span> <span class='ocrx_word' id='word_1_135' title='bbox 1216 1455 1369 1515; x_wconf 85' lang='lat' dir='ltr'><strong>hanc</strong></span> <span class='ocrx_word' id='word_1_136' title='bbox 1418 1452 1553 1527; x_wconf 84' lang='lat' dir='ltr'><strong>vim,</strong></span> <span class='ocrx_word' id='word_1_137' title='bbox 1607 1472 1755 1516; x_wconf 88' lang='lat' dir='ltr'><strong>sane</strong></span> <span class='ocrx_word' id='word_1_138' title='bbox 1800 1475 1876 1517; x_wconf 82' lang='lat' dir='ltr'><strong>ex</strong></span> <span class='ocrx_word' id='word_1_139' title='bbox 1925 1455 2044 1517; x_wconf 88' lang='lat' dir='ltr'><strong>situ</strong></span> <span class='ocrx_word' id='word_1_140' title='bbox 2091 1457 2291 1516; x_wconf 86' lang='lat' dir='ltr'><strong>variat</strong></span> <span class='ocrx_word' id='word_1_141' title='bbox 2337 1456 2850 1529; x_wconf 72' lang='lat' dir='ltr'><strong>stimulationem,</strong></span> <span class='ocrx_word' id='word_1_142' title='bbox 2921 1475 3076 1535; x_wconf 90' lang='lat' dir='ltr'><strong>qua-</strong></span> 
     </span>
     <span class='ocr_line' id='line_1_14' title="bbox 364 1542 3074 1625; baseline -0 -19"><span class='ocrx_word' id='word_1_143' title='bbox 364 1552 543 1607; x_wconf 88' lang='lat' dir='ltr'><strong>tenus</strong></span> <span class='ocrx_word' id='word_1_144' title='bbox 590 1543 838 1605; x_wconf 82' lang='lat' dir='ltr'><strong>calfacit</strong></span> <span class='ocrx_word' id='word_1_145' title='bbox 883 1550 1128 1603; x_wconf 80' lang='lat' dir='ltr'><strong>externe</strong></span> <span class='ocrx_word' id='word_1_146' title='bbox 1177 1542 1449 1621; x_wconf 87' lang='lat' dir='ltr'><strong>objecta,</strong></span> <span class='ocrx_word' id='word_1_147' title='bbox 1519 1543 1735 1604; x_wconf 87' lang='lat' dir='ltr'><strong>iterum</strong></span> <span class='ocrx_word' id='word_1_148' title='bbox 1784 1543 1949 1605; x_wconf 88' lang='lat' dir='ltr'><strong>varie</strong></span> <span class='ocrx_word' id='word_1_149' title='bbox 1998 1545 2273 1605; x_wconf 87' lang='lat' dir='ltr'><strong>stimulat</strong></span> <span class='ocrx_word' id='word_1_150' title='bbox 2328 1562 2434 1623; x_wconf 88' lang='lat' dir='ltr'><strong>pro</strong></span> <span class='ocrx_word' id='word_1_151' title='bbox 2483 1544 2650 1605; x_wconf 83' lang='lat' dir='ltr'><strong>vario</strong></span> <span class='ocrx_word' id='word_1_152' title='bbox 2699 1543 2854 1617; x_wconf 90' lang='lat' dir='ltr'><strong>situ,</strong></span> <span class='ocrx_word' id='word_1_153' title='bbox 2922 1564 3074 1625; x_wconf 91' lang='lat' dir='ltr'><strong>qua-</strong></span> 
     </span>
     <span class='ocr_line' id='line_1_15' title="bbox 361 1631 3077 1711; baseline -0.001 -17"><span class='ocrx_word' id='word_1_154' title='bbox 361 1642 539 1694; x_wconf 89' lang='lat' dir='ltr'><strong>tenus</strong></span> <span class='ocrx_word' id='word_1_155' title='bbox 594 1650 735 1695; x_wconf 83' lang='lat' dir='ltr'><strong>vero</strong></span> <span class='ocrx_word' id='word_1_156' title='bbox 794 1650 901 1693; x_wconf 87' lang='lat' dir='ltr'><strong>ceu</strong></span> <span class='ocrx_word' id='word_1_157' title='bbox 956 1631 1416 1693; x_wconf 83' lang='lat' dir='ltr'><strong>instrumentum</strong></span> <span class='ocrx_word' id='word_1_158' title='bbox 1480 1638 1576 1692; x_wconf 87' lang='lat' dir='ltr'><strong>est</strong></span> <span class='ocrx_word' id='word_1_159' title='bbox 1638 1632 1896 1693; x_wconf 89' lang='lat' dir='ltr'><strong>tuendae</strong></span> <span class='ocrx_word' id='word_1_160' title='bbox 1954 1632 2114 1693; x_wconf 85' lang='lat' dir='ltr'><strong>vitae</strong></span> <span class='ocrx_word' id='word_1_161' title='bbox 2180 1632 2238 1692; x_wconf 90' lang='lat' dir='ltr'><strong>iu</strong></span> <span class='ocrx_word' id='word_1_162' title='bbox 2306 1631 2718 1703; x_wconf 85' lang='lat' dir='ltr'><strong>naturalibus,</strong></span> <span class='ocrx_word' id='word_1_163' title='bbox 2785 1651 2900 1693; x_wconf 88' lang='lat' dir='ltr'><strong>non</strong></span> <span class='ocrx_word' id='word_1_164' title='bbox 2965 1650 3077 1711; x_wconf 89' lang='lat' dir='ltr'><strong>pro</strong></span> 
     </span>
     <span class='ocr_line' id='line_1_16' title="bbox 365 1718 3076 1801; baseline -0.001 -18"><span class='ocrx_word' id='word_1_165' title='bbox 365 1723 504 1795; x_wconf 91' lang='lat' dir='ltr'><strong>situ,</strong></span> <span class='ocrx_word' id='word_1_166' title='bbox 555 1721 662 1782; x_wconf 89' lang='lat' dir='ltr'><strong>sed</strong></span> <span class='ocrx_word' id='word_1_167' title='bbox 711 1720 1044 1801; x_wconf 76' lang='lat' dir='ltr'><strong>aequaliter</strong></span> <span class='ocrx_word' id='word_1_168' title='bbox 1088 1720 1201 1779; x_wconf 91' lang='lat' dir='ltr'><strong>hoc</strong></span> <span class='ocrx_word' id='word_1_169' title='bbox 1248 1718 1428 1791; x_wconf 81' lang='lat' dir='ltr'><strong>facit,</strong></span> <span class='ocrx_word' id='word_1_170' title='bbox 1496 1719 1633 1799; x_wconf 88' lang='lat' dir='ltr'><strong>quia</strong></span> <span class='ocrx_word' id='word_1_171' title='bbox 1679 1718 1784 1781; x_wconf 89' lang='lat' dir='ltr'><strong>illa</strong></span> <span class='ocrx_word' id='word_1_172' title='bbox 1833 1720 2070 1782; x_wconf 88' lang='lat' dir='ltr'><strong>occulta</strong></span> <span class='ocrx_word' id='word_1_173' title='bbox 2117 1718 2278 1781; x_wconf 84' lang='lat' dir='ltr'><strong>vitae</strong></span> <span class='ocrx_word' id='word_1_174' title='bbox 2327 1720 2705 1782; x_wconf 79' lang='lat' dir='ltr'><strong>conservatio</strong></span> <span class='ocrx_word' id='word_1_175' title='bbox 2755 1718 3076 1799; x_wconf 83' lang='lat' dir='ltr'><strong>distingui-</strong></span> 
     </span>
     <span class='ocr_line' id='line_1_17' title="bbox 364 1807 3075 1889; baseline -0 -18"><span class='ocrx_word' id='word_1_176' title='bbox 364 1819 463 1871; x_wconf 89' lang='lat' dir='ltr'><strong>tur</strong></span> <span class='ocrx_word' id='word_1_177' title='bbox 522 1830 559 1870; x_wconf 92' lang='lat' dir='ltr'><strong>a</strong></span> <span class='ocrx_word' id='word_1_178' title='bbox 606 1810 763 1882; x_wconf 89' lang='lat' dir='ltr'><strong>luce,</strong></span> <span class='ocrx_word' id='word_1_179' title='bbox 821 1828 937 1870; x_wconf 85' lang='lat' dir='ltr'><strong>nec</strong></span> <span class='ocrx_word' id='word_1_180' title='bbox 1002 1816 1071 1871; x_wconf 89' lang='lat' dir='ltr'><strong>ut</strong></span> <span class='ocrx_word' id='word_1_181' title='bbox 1115 1808 1215 1868; x_wconf 84' lang='lat' dir='ltr'><strong>lux</strong></span> <span class='ocrx_word' id='word_1_182' title='bbox 1263 1807 1465 1886; x_wconf 80' lang='lat' dir='ltr'><strong>opacis</strong></span> <span class='ocrx_word' id='word_1_183' title='bbox 1514 1807 1834 1889; x_wconf 83' lang='lat' dir='ltr'><strong>impeditur</strong></span> <span class='ocrx_word' id='word_1_184' title='bbox 1894 1816 2000 1870; x_wconf 89' lang='lat' dir='ltr'><strong>aut</strong></span> <span class='ocrx_word' id='word_1_185' title='bbox 2045 1809 2480 1889; x_wconf 73' lang='lat' dir='ltr'><strong>repercutitur,</strong></span> <span class='ocrx_word' id='word_1_186' title='bbox 2544 1816 2652 1870; x_wconf 86' lang='lat' dir='ltr'><strong>aut</strong></span> <span class='ocrx_word' id='word_1_187' title='bbox 2697 1808 2862 1887; x_wconf 84' lang='lat' dir='ltr'><strong>leges</strong></span> <span class='ocrx_word' id='word_1_188' title='bbox 2912 1807 3075 1888; x_wconf 90' lang='lat' dir='ltr'><strong>opti-</strong></span> 
     </span>
     <span class='ocr_line' id='line_1_18' title="bbox 366 1896 3152 1978; baseline -0.001 -19"><span class='ocrx_word' id='word_1_189' title='bbox 366 1918 471 1960; x_wconf 89' lang='lat' dir='ltr'><strong>cas</strong></span> <span class='ocrx_word' id='word_1_190' title='bbox 516 1896 700 1959; x_wconf 82' lang='lat' dir='ltr'><strong>subit.</strong></span> <span class='ocrx_word' id='word_1_191' title='bbox 792 1896 882 1958; x_wconf 82' lang='lat' dir='ltr'><strong>Tu</strong></span> <span class='ocrx_word' id='word_1_192' title='bbox 932 1915 1071 1959; x_wconf 87' lang='lat' dir='ltr'><strong>vero</strong></span> <span class='ocrx_word' id='word_1_193' title='bbox 1120 1896 1411 1957; x_wconf 85' lang='lat' dir='ltr'><strong>relaberis</strong></span> <span class='ocrx_word' id='word_1_194' title='bbox 1478 1898 1553 1957; x_wconf 88' lang='lat' dir='ltr'><strong>ad</strong></span> <span class='ocrx_word' id='word_1_195' title='bbox 1602 1907 1766 1958; x_wconf 89' lang='lat' dir='ltr'><strong>tuum</strong></span> <span class='ocrx_word' id='word_1_196' title='bbox 1828 1896 2167 1978; x_wconf 87' lang='lat' dir='ltr'><strong>ingenium;</strong></span> <span class='ocrx_word' id='word_1_197' title='bbox 2241 1907 2560 1977; x_wconf 84' lang='lat' dir='ltr'><strong>postquam</strong></span> <span class='ocrx_word' id='word_1_198' title='bbox 2624 1897 2914 1975; x_wconf 81' lang='lat' dir='ltr'><strong>dogmata</strong></span> <span class='ocrx_word' id='word_1_199' title='bbox 2977 1896 3075 1958; x_wconf 86' lang='lat' dir='ltr'><strong>in·-</strong></span> <span class='ocrx_word' id='word_1_200' title='bbox 3131 1902 3152 1913; x_wconf 73' lang='lat'><strong>&#39;</strong></span> 
     </span>
     <span class='ocr_line' id='line_1_19' title="bbox 366 1983 3076 2063; baseline -0.001 -16"><span class='ocrx_word' id='word_1_201' title='bbox 366 1983 688 2048; x_wconf 83' lang='lat' dir='ltr'><strong>troduxisti</strong></span> <span class='ocrx_word' id='word_1_202' title='bbox 738 2004 813 2046; x_wconf 86' lang='lat' dir='ltr'><strong>ex</strong></span> <span class='ocrx_word' id='word_1_203' title='bbox 862 1992 963 2046; x_wconf 90' lang='lat' dir='ltr'><strong>tuo</strong></span> <span class='ocrx_word' id='word_1_204' title='bbox 1012 1984 1289 2059; x_wconf 89' lang='lat' dir='ltr'><strong>cerebro,</strong></span> <span class='ocrx_word' id='word_1_205' title='bbox 1345 1985 1475 2062; x_wconf 86' lang='lat' dir='ltr'><strong>jam</strong></span> <span class='ocrx_word' id='word_1_206' title='bbox 1514 1984 1693 2063; x_wconf 90' lang='lat' dir='ltr'><strong>jubes</strong></span> <span class='ocrx_word' id='word_1_207' title='bbox 1740 1984 1863 2046; x_wconf 85' lang='lat' dir='ltr'><strong>ista</strong></span> <span class='ocrx_word' id='word_1_208' title='bbox 1910 1986 2104 2047; x_wconf 89' lang='lat' dir='ltr'><strong>Deum</strong></span> <span class='ocrx_word' id='word_1_209' title='bbox 2149 1995 2250 2047; x_wconf 90' lang='lat' dir='ltr'><strong>tuo</strong></span> <span class='ocrx_word' id='word_1_210' title='bbox 2299 1987 2430 2048; x_wconf 91' lang='lat' dir='ltr'><strong>loco</strong></span> <span class='ocrx_word' id='word_1_211' title='bbox 2479 1986 2828 2059; x_wconf 79' lang='lat' dir='ltr'><strong>defendere,</strong></span> <span class='ocrx_word' id='word_1_212' title='bbox 2887 2004 3076 2063; x_wconf 83' lang='lat' dir='ltr'><strong>negas</strong></span> 
     </span>
     <span class='ocr_line' id='line_1_20' title="bbox 364 2072 3077 2156; baseline -0.001 -20"><span class='ocrx_word' id='word_1_213' title='bbox 364 2093 470 2156; x_wconf 88' lang='lat' dir='ltr'><strong>pro</strong></span> <span class='ocrx_word' id='word_1_214' title='bbox 540 2072 709 2135; x_wconf 76' lang='lat' dir='ltr'><strong>falsis</strong></span> <span class='ocrx_word' id='word_1_215' title='bbox 772 2072 975 2135; x_wconf 85' lang='lat' dir='ltr'><strong>haberi</strong></span> <span class='ocrx_word' id='word_1_216' title='bbox 1038 2092 1255 2152; x_wconf 88' lang='lat' dir='ltr'><strong>posse,</strong></span> <span class='ocrx_word' id='word_1_217' title='bbox 1326 2092 1456 2133; x_wconf 90' lang='lat' dir='ltr'><strong>cum</strong></span> <span class='ocrx_word' id='word_1_218' title='bbox 1524 2073 1777 2146; x_wconf 86' lang='lat' dir='ltr'><strong>dixeris,</strong></span> <span class='ocrx_word' id='word_1_219' title='bbox 1853 2093 1928 2133; x_wconf 84' lang='lat' dir='ltr'><strong>ex</strong></span> <span class='ocrx_word' id='word_1_220' title='bbox 1992 2072 2194 2135; x_wconf 87' lang='lat' dir='ltr'><strong>diviua</strong></span> <span class='ocrx_word' id='word_1_221' title='bbox 2258 2074 2548 2135; x_wconf 84' lang='lat' dir='ltr'><strong>relatione</strong></span> <span class='ocrx_word' id='word_1_222' title='bbox 2617 2091 2770 2134; x_wconf 87' lang='lat' dir='ltr'><strong>esse.</strong></span> <span class='ocrx_word' id='word_1_223' title='bbox 2873 2073 3077 2134; x_wconf 89' lang='lat' dir='ltr'><strong>Proba</strong></span> 
     </span>
     <span class='ocr_line' id='line_1_21' title="bbox 369 2160 3078 2240; baseline 0 -19"><span class='ocrx_word' id='word_1_224' title='bbox 369 2181 545 2231; x_wconf 88' lang='lat' dir='ltr'><strong>vero,</strong></span> <span class='ocrx_word' id='word_1_225' title='bbox 608 2181 684 2223; x_wconf 81' lang='lat' dir='ltr'><strong>ex</strong></span> <span class='ocrx_word' id='word_1_226' title='bbox 732 2162 934 2222; x_wconf 77' lang='lat' dir='ltr'><strong>divina</strong></span> <span class='ocrx_word' id='word_1_227' title='bbox 980 2160 1273 2221; x_wconf 76' lang='lat' dir='ltr'><strong>relatione</strong></span> <span class='ocrx_word' id='word_1_228' title='bbox 1321 2180 1495 2233; x_wconf 88' lang='lat' dir='ltr'><strong>esse,</strong></span> <span class='ocrx_word' id='word_1_229' title='bbox 1552 2170 1617 2220; x_wconf 87' lang='lat' dir='ltr'><strong>et</strong></span> <span class='ocrx_word' id='word_1_230' title='bbox 1659 2180 1768 2240; x_wconf 91' lang='lat' dir='ltr'><strong>pro</strong></span> <span class='ocrx_word' id='word_1_231' title='bbox 1827 2162 2000 2223; x_wconf 88' lang='lat' dir='ltr'><strong>falsis</strong></span> <span class='ocrx_word' id='word_1_232' title='bbox 2050 2180 2164 2222; x_wconf 92' lang='lat' dir='ltr'><strong>non</strong></span> <span class='ocrx_word' id='word_1_233' title='bbox 2223 2162 2476 2223; x_wconf 84' lang='lat' dir='ltr'><strong>habebo.</strong></span> <span class='ocrx_word' id='word_1_234' title='bbox 2571 2160 2736 2221; x_wconf 87' lang='lat' dir='ltr'><strong>Tuae</strong></span> <span class='ocrx_word' id='word_1_235' title='bbox 2782 2177 2928 2221; x_wconf 84' lang='lat' dir='ltr'><strong>vero</strong></span> <span class='ocrx_word' id='word_1_236' title='bbox 2972 2179 3078 2221; x_wconf 88' lang='lat' dir='ltr'><strong>re-</strong></span> 
     </span>
     <span class='ocr_line' id='line_1_22' title="bbox 367 2248 3076 2329; baseline -0.001 -17"><span class='ocrx_word' id='word_1_237' title='bbox 367 2249 610 2312; x_wconf 84' lang='lat' dir='ltr'><strong>lationis</strong></span> <span class='ocrx_word' id='word_1_238' title='bbox 659 2248 899 2312; x_wconf 86' lang='lat' dir='ltr'><strong>diviuae</strong></span> <span class='ocrx_word' id='word_1_239' title='bbox 946 2268 1178 2311; x_wconf 89' lang='lat' dir='ltr'><strong>summa</strong></span> <span class='ocrx_word' id='word_1_240' title='bbox 1235 2250 1573 2311; x_wconf 70' lang='lat' dir='ltr'><strong>haec‘est:</strong></span> <span class='ocrx_word' id='word_1_241' title='bbox 1653 2256 1719 2310; x_wconf 90' lang='lat' dir='ltr'><strong>ut</strong></span> <span class='ocrx_word' id='word_1_242' title='bbox 1776 2251 1928 2329; x_wconf 88' lang='lat' dir='ltr'><strong>lapis</strong></span> <span class='ocrx_word' id='word_1_243' title='bbox 1986 2248 2358 2311; x_wconf 85' lang='lat' dir='ltr'><strong>ordinatione</strong></span> <span class='ocrx_word' id='word_1_244' title='bbox 2415 2261 2480 2311; x_wconf 90' lang='lat' dir='ltr'><strong>et</strong></span> <span class='ocrx_word' id='word_1_245' title='bbox 2530 2250 2918 2329; x_wconf 84' lang='lat' dir='ltr'><strong>usurpatione</strong></span> <span class='ocrx_word' id='word_1_246' title='bbox 2963 2248 3076 2310; x_wconf 93' lang='lat' dir='ltr'><strong>ho-</strong></span> 
     </span>
     <span class='ocr_line' id='line_1_23' title="bbox 363 2336 3078 2416; baseline -0.001 -17"><span class='ocrx_word' id='word_1_247' title='bbox 363 2336 584 2401; x_wconf 87' lang='lat' dir='ltr'><strong>minum</strong></span> <span class='ocrx_word' id='word_1_248' title='bbox 638 2356 715 2399; x_wconf 80' lang='lat' dir='ltr'><strong>ex</strong></span> <span class='ocrx_word' id='word_1_249' title='bbox 772 2336 959 2399; x_wconf 88' lang='lat' dir='ltr'><strong>limite</strong></span> <span class='ocrx_word' id='word_1_250' title='bbox 1020 2338 1087 2397; x_wconf 86' lang='lat' dir='ltr'><strong>fit</strong></span> <span class='ocrx_word' id='word_1_251' title='bbox 1142 2337 1662 2416; x_wconf 87' lang='lat' dir='ltr'><strong>impedimentum,</strong></span> <span class='ocrx_word' id='word_1_252' title='bbox 1740 2338 1828 2398; x_wconf 88' lang='lat' dir='ltr'><strong>sic</strong></span> <span class='ocrx_word' id='word_1_253' title='bbox 1885 2336 1992 2399; x_wconf 84' lang='lat' dir='ltr'><strong>Sol</strong></span> <span class='ocrx_word' id='word_1_254' title='bbox 2058 2348 2142 2398; x_wconf 78' lang='lat' dir='ltr'><strong>ex·</strong></span> <span class='ocrx_word' id='word_1_255' title='bbox 2197 2338 2365 2399; x_wconf 83' lang='lat' dir='ltr'><strong>vitae</strong></span> <span class='ocrx_word' id='word_1_256' title='bbox 2427 2338 2640 2401; x_wconf 73' lang='lat' dir='ltr'><strong>datore</strong></span> <span class='ocrx_word' id='word_1_257' title='bbox 2703 2336 3078 2399; x_wconf 75' lang='lat' dir='ltr'><strong>ordinatione</strong></span> 
     </span>
     <span class='ocr_line' id='line_1_24' title="bbox 366 2424 3076 2506; baseline -0.001 -17"><span class='ocrx_word' id='word_1_258' title='bbox 366 2426 569 2489; x_wconf 80' lang='lat' dir='ltr'><strong>diviua</strong></span> <span class='ocrx_word' id='word_1_259' title='bbox 633 2427 703 2487; x_wconf 80' lang='lat' dir='ltr'><strong>fit</strong></span> <span class='ocrx_word' id='word_1_260' title='bbox 762 2431 1124 2501; x_wconf 64' lang='grc' dir='ltr'><strong><em>θανασιμος.</em></strong></span> <span class='ocrx_word' id='word_1_261' title='bbox 1226 2424 1785 2499; x_wconf 80' lang='lat' dir='ltr'><strong>Absu1·dissimu1n;</strong></span> <span class='ocrx_word' id='word_1_262' title='bbox 1863 2445 2036 2506; x_wconf 81' lang='lat' dir='ltr'><strong>nego.</strong></span> <span class='ocrx_word' id='word_1_263' title='bbox 2139 2426 2372 2487; x_wconf 82' lang='lat' dir='ltr'><strong>Probes</strong></span> <span class='ocrx_word' id='word_1_264' title='bbox 2434 2444 2626 2506; x_wconf 81' lang='lat' dir='ltr'><strong>neque</strong></span> <span class='ocrx_word' id='word_1_265' title='bbox 2689 2444 2766 2487; x_wconf 84' lang='lat' dir='ltr'><strong>ex</strong></span> <span class='ocrx_word' id='word_1_266' title='bbox 2825 2434 3076 2487; x_wconf 77' lang='lat' dir='ltr'><strong>naturae</strong></span> 
     </span>
     <span class='ocr_line' id='line_1_25' title="bbox 364 2514 3078 2595; baseline -0.001 -17"><span class='ocrx_word' id='word_1_267' title='bbox 364 2515 663 2595; x_wconf 76' lang='lat' dir='ltr'><strong>dignitate</strong></span> <span class='ocrx_word' id='word_1_268' title='bbox 692 2560 711 2589; x_wconf 93' lang='lat'><strong>,</strong></span> <span class='ocrx_word' id='word_1_269' title='bbox 790 2532 981 2593; x_wconf 85' lang='lat' dir='ltr'><strong>neque</strong></span> <span class='ocrx_word' id='word_1_270' title='bbox 1058 2533 1133 2576; x_wconf 85' lang='lat' dir='ltr'><strong>ex</strong></span> <span class='ocrx_word' id='word_1_271' title='bbox 1204 2514 1317 2575; x_wconf 82' lang='lat' dir='ltr'><strong>Dei</strong></span> <span class='ocrx_word' id='word_1_272' title='bbox 1395 2514 1683 2575; x_wconf 81' lang='lat' dir='ltr'><strong>bonitate.</strong></span> <span class='ocrx_word' id='word_1_273' title='bbox 1796 2515 2144 2577; x_wconf 86' lang='lat' dir='ltr'><strong>Absurdum</strong></span> <span class='ocrx_word' id='word_1_274' title='bbox 2219 2514 2438 2589; x_wconf 83' lang='lat' dir='ltr'><strong>etiarn,</strong></span> <span class='ocrx_word' id='word_1_275' title='bbox 2525 2514 2576 2575; x_wconf 86' lang='lat' dir='ltr'><strong>si</strong></span> <span class='ocrx_word' id='word_1_276' title='bbox 2651 2530 2891 2593; x_wconf 83' lang='lat' dir='ltr'><strong>semper</strong></span> <span class='ocrx_word' id='word_1_277' title='bbox 2963 2514 3078 2574; x_wconf 90' lang='lat' dir='ltr'><strong>hoc</strong></span> 
     </span>
     <span class='ocr_line' id='line_1_26' title="bbox 363 2600 3070 2683; baseline -0.001 -16"><span class='ocrx_word' id='word_1_278' title='bbox 363 2604 465 2677; x_wconf 80' lang='lat' dir='ltr'><strong>sit.</strong></span> <span class='ocrx_word' id='word_1_279' title='bbox 512 2603 791 2665; x_wconf 85' lang='lat' dir='ltr'><strong>naturale</strong></span> <span class='ocrx_word' id='word_1_280' title='bbox 836 2621 953 2663; x_wconf 86' lang='lat' dir='ltr'><strong>nou</strong></span> <span class='ocrx_word' id='word_1_281' title='bbox 1002 2620 1177 2675; x_wconf 84' lang='lat' dir='ltr'><strong>esse;</strong></span> <span class='ocrx_word' id='word_1_282' title='bbox 1252 2603 1477 2665; x_wconf 89' lang='lat' dir='ltr'><strong>nullum</strong></span> <span class='ocrx_word' id='word_1_283' title='bbox 1524 2602 1854 2663; x_wconf 88' lang='lat' dir='ltr'><strong>violentum</strong></span> <span class='ocrx_word' id='word_1_284' title='bbox 1900 2612 2278 2683; x_wconf 79' lang='lat' dir='ltr'><strong>perpetuum,</strong></span> <span class='ocrx_word' id='word_1_285' title='bbox 2305 2612 2412 2665; x_wconf 87' lang='lat' dir='ltr'><strong>·ut</strong></span> <span class='ocrx_word' id='word_1_286' title='bbox 2455 2603 2648 2681; x_wconf 88' lang='lat' dir='ltr'><strong>jocer.</strong></span> <span class='ocrx_word' id='word_1_287' title='bbox 2743 2600 2809 2663; x_wconf 88' lang='lat' dir='ltr'><strong>Si</strong></span> <span class='ocrx_word' id='word_1_288' title='bbox 2855 2620 3070 2681; x_wconf 84' lang='lat' dir='ltr'><strong>perpe-</strong></span> 
     </span>
     <span class='ocr_line' id='line_1_27' title="bbox 362 2690 3072 2771; baseline -0.001 -16"><span class='ocrx_word' id='word_1_289' title='bbox 362 2700 563 2765; x_wconf 83' lang='lat' dir='ltr'><strong>tuum,</strong></span> <span class='ocrx_word' id='word_1_290' title='bbox 631 2710 749 2751; x_wconf 90' lang='lat' dir='ltr'><strong>non</strong></span> <span class='ocrx_word' id='word_1_291' title='bbox 814 2709 889 2751; x_wconf 82' lang='lat' dir='ltr'><strong>ex</strong></span> <span class='ocrx_word' id='word_1_292' title='bbox 952 2690 1123 2771; x_wconf 77' lang='lat' dir='ltr'><strong>Deo,</strong></span> <span class='ocrx_word' id='word_1_293' title='bbox 1162 2699 1407 2751; x_wconf 62' lang='lat' dir='ltr'><strong>,contra</strong></span> <span class='ocrx_word' id='word_1_294' title='bbox 1470 2700 1749 2752; x_wconf 79' lang='lat' dir='ltr'><strong>naturam</strong></span> <span class='ocrx_word' id='word_1_295' title='bbox 1815 2702 2070 2770; x_wconf 88' lang='lat' dir='ltr'><strong>agente,</strong></span> <span class='ocrx_word' id='word_1_296' title='bbox 2147 2692 2253 2752; x_wconf 87' lang='lat' dir='ltr'><strong>sed</strong></span> <span class='ocrx_word' id='word_1_297' title='bbox 2321 2693 2740 2771; x_wconf 77' lang='lat' dir='ltr'><strong>implantatum</strong></span> <span class='ocrx_word' id='word_1_298' title='bbox 2801 2698 3072 2763; x_wconf 67' lang='lat' dir='ltr'><strong>naturae,</strong></span> 
     </span>
     <span class='ocr_line' id='line_1_28' title="bbox 361 2778 3076 2859; baseline -0.001 -16"><span class='ocrx_word' id='word_1_299' title='bbox 361 2782 468 2844; x_wconf 89' lang='lat' dir='ltr'><strong>sed</strong></span> <span class='ocrx_word' id='word_1_300' title='bbox 533 2797 676 2859; x_wconf 89' lang='lat' dir='ltr'><strong>pars</strong></span> <span class='ocrx_word' id='word_1_301' title='bbox 740 2780 846 2841; x_wconf 86' lang='lat' dir='ltr'><strong>fiet</strong></span> <span class='ocrx_word' id='word_1_302' title='bbox 910 2787 1179 2840; x_wconf 88' lang='lat' dir='ltr'><strong>naturae.</strong></span> <span class='ocrx_word' id='word_1_303' title='bbox 1272 2778 1531 2842; x_wconf 88' lang='lat' dir='ltr'><strong>Videtur</strong></span> <span class='ocrx_word' id='word_1_304' title='bbox 1592 2778 1747 2841; x_wconf 87' lang='lat' dir='ltr'><strong>hanc</strong></span> <span class='ocrx_word' id='word_1_305' title='bbox 1814 2801 1988 2842; x_wconf 84' lang='lat' dir='ltr'><strong>suam</strong></span> <span class='ocrx_word' id='word_1_306' title='bbox 2041 2780 2418 2843; x_wconf 79' lang='lat' dir='ltr'><strong>voluntatem</strong></span> <span class='ocrx_word' id='word_1_307' title='bbox 2471 2780 2666 2852; x_wconf 73' lang='lat' dir='ltr'><strong>DeuS,</strong></span> <span class='ocrx_word' id='word_1_308' title='bbox 2736 2778 2850 2842; x_wconf 88' lang='lat' dir='ltr'><strong>hoc</strong></span> <span class='ocrx_word' id='word_1_309' title='bbox 2903 2797 3076 2840; x_wconf 86' lang='lat' dir='ltr'><strong>suum</strong></span> 
     </span>
     <span class='ocr_line' id='line_1_29' title="bbox 360 2866 3073 2948; baseline -0.001 -17"><span class='ocrx_word' id='word_1_310' title='bbox 360 2869 673 2932; x_wconf 74' lang='lat' dir='ltr'><strong>arbitrium</strong></span> <span class='ocrx_word' id='word_1_311' title='bbox 718 2869 1027 2930; x_wconf 76' lang='lat' dir='ltr'><strong>intellectu</strong></span> <span class='ocrx_word' id='word_1_312' title='bbox 1072 2866 1334 2930; x_wconf 86' lang='lat' dir='ltr'><strong>Fabricii</strong></span> <span class='ocrx_word' id='word_1_313' title='bbox 1379 2869 1745 2948; x_wconf 76' lang='lat' dir='ltr'><strong>restringere</strong></span> <span class='ocrx_word' id='word_1_314' title='bbox 1792 2869 2034 2930; x_wconf 85' lang='lat' dir='ltr'><strong>debere.</strong></span> <span class='ocrx_word' id='word_1_315' title='bbox 2130 2868 2264 2931; x_wconf 80' lang='lat' dir='ltr'><strong>Nisi</strong></span> <span class='ocrx_word' id='word_1_316' title='bbox 2313 2870 2556 2944; x_wconf 81' lang='lat' dir='ltr'><strong>saciat,&#39;</strong></span> <span class='ocrx_word' id='word_1_317' title='bbox 2588 2867 2820 2929; x_wconf 83' lang='lat' dir='ltr'><strong>nesciet</strong></span> <span class='ocrx_word' id='word_1_318' title='bbox 2853 2868 3073 2929; x_wconf 83' lang='lat' dir='ltr'><strong>Fabri-</strong></span> 
     </span>
     <span class='ocr_line' id='line_1_30' title="bbox 361 2950 3166 3038; baseline -0.001 -19"><span class='ocrx_word' id='word_1_319' title='bbox 361 2959 519 3034; x_wconf 83' lang='lat' dir='ltr'><strong>cius,</strong></span> <span class='ocrx_word' id='word_1_320' title='bbox 588 2958 823 3038; x_wconf 87' lang='lat' dir='ltr'><strong>quando</strong></span> <span class='ocrx_word' id='word_1_321' title='bbox 889 2957 1189 3018; x_wconf 82' lang='lat' dir='ltr'><strong>ordinarie</strong></span> <span class='ocrx_word' id='word_1_322' title='bbox 1255 2957 1396 3036; x_wconf 85' lang='lat' dir='ltr'><strong>quid</strong></span> <span class='ocrx_word' id='word_1_323' title='bbox 1460 2957 1627 3018; x_wconf 81' lang='lat' dir='ltr'><strong>Deus</strong></span> <span class='ocrx_word' id='word_1_324' title='bbox 1694 2966 1876 3037; x_wconf 84' lang='lat' dir='ltr'><strong>agat,</strong></span> <span class='ocrx_word' id='word_1_325' title='bbox 1951 2959 2188 3038; x_wconf 89' lang='lat' dir='ltr'><strong>quando</strong></span> <span class='ocrx_word' id='word_1_326' title='bbox 2253 2950 2485 3020; x_wconf 80' lang='lat' dir='ltr'><strong>rursum</strong></span> <span class='ocrx_word' id='word_1_327' title='bbox 2551 2964 2726 3018; x_wconf 82' lang='lat' dir='ltr'><strong>extra</strong></span> <span class='ocrx_word' id='word_1_328' title='bbox 2789 2957 3077 3018; x_wconf 75' lang='lat' dir='ltr'><strong>ordinmn.</strong></span> <span class='ocrx_word' id='word_1_329' title='bbox 3163 2965 3166 2970; x_wconf 82' lang='lat'>&#39;</span> 
     </span>
     <span class='ocr_line' id='line_1_31' title="bbox 364 3043 3138 3127; baseline -0.001 -19"><span class='ocrx_word' id='word_1_330' title='bbox 364 3043 472 3108; x_wconf 87' lang='lat' dir='ltr'><strong>Sin</strong></span> <span class='ocrx_word' id='word_1_331' title='bbox 530 3055 731 3108; x_wconf 76' lang='lat' dir='ltr'><strong>autem</strong></span> <span class='ocrx_word' id='word_1_332' title='bbox 797 3045 936 3106; x_wconf 85' lang='lat' dir='ltr'><strong>sciri</strong></span> <span class='ocrx_word' id='word_1_333' title='bbox 988 3052 1197 3122; x_wconf 86' lang='lat' dir='ltr'><strong>potest</strong></span> <span class='ocrx_word' id='word_1_334' title='bbox 1250 3053 1315 3105; x_wconf 89' lang='lat' dir='ltr'><strong>et</strong></span> <span class='ocrx_word' id='word_1_335' title='bbox 1371 3045 1856 3108; x_wconf 80' lang='lat' dir='ltr'><strong>conformitatem</strong></span> <span class='ocrx_word' id='word_1_336' title='bbox 1913 3047 2215 3127; x_wconf 85' lang='lat' dir='ltr'><strong>quandam</strong></span> <span class='ocrx_word' id='word_1_337' title='bbox 2261 3046 2534 3120; x_wconf 85' lang='lat' dir='ltr'><strong>obtinet,</strong></span> <span class='ocrx_word' id='word_1_338' title='bbox 2590 3045 2724 3125; x_wconf 87' lang='lat' dir='ltr'><strong>jam</strong></span> <span class='ocrx_word' id='word_1_339' title='bbox 2770 3045 2936 3106; x_wconf 83' lang='lat' dir='ltr'><strong>facta</strong></span> <span class='ocrx_word' id='word_1_340' title='bbox 2985 3053 3082 3106; x_wconf 89' lang='lat' dir='ltr'><strong>est</strong></span> <span class='ocrx_word' id='word_1_341' title='bbox 3125 3079 3138 3086; x_wconf 89' lang='lat'><em>-</em></span> 
     </span>
     <span class='ocr_line' id='line_1_32' title="bbox 364 3133 3078 3214; baseline -0 -18"><span class='ocrx_word' id='word_1_342' title='bbox 364 3152 509 3214; x_wconf 80' lang='lat' dir='ltr'><strong>pars</strong></span> <span class='ocrx_word' id='word_1_343' title='bbox 556 3141 815 3196; x_wconf 84' lang='lat' dir='ltr'><strong>naturae</strong></span> <span class='ocrx_word' id='word_1_344' title='bbox 856 3133 1231 3213; x_wconf 79' lang='lat' dir='ltr'><strong>accipietque</strong></span> <span class='ocrx_word' id='word_1_345' title='bbox 1300 3135 1511 3195; x_wconf 87' lang='lat' dir='ltr'><strong>modos</strong></span> <span class='ocrx_word' id='word_1_346' title='bbox 1578 3135 1657 3196; x_wconf 86' lang='lat' dir='ltr'><strong>ad</strong></span> <span class='ocrx_word' id='word_1_347' title='bbox 1717 3135 1896 3196; x_wconf 87' lang='lat' dir='ltr'><strong>finem</strong></span> <span class='ocrx_word' id='word_1_348' title='bbox 1957 3135 2266 3198; x_wconf 86' lang='lat' dir='ltr'><strong>ducentes.</strong></span> <span class='ocrx_word' id='word_1_349' title='bbox 2360 3136 2450 3196; x_wconf 86' lang='lat' dir='ltr'><strong>Tu</strong></span> <span class='ocrx_word' id='word_1_350' title='bbox 2498 3153 2574 3196; x_wconf 81' lang='lat' dir='ltr'><strong>ex</strong></span> <span class='ocrx_word' id='word_1_351' title='bbox 2619 3151 2768 3196; x_wconf 82' lang='lat' dir='ltr'><strong>voce</strong></span> <span class='ocrx_word' id='word_1_352' title='bbox 2815 3134 3078 3213; x_wconf 85' lang='lat' dir='ltr'><strong>scriptu·</strong></span> 
     </span>
     <span class='ocr_line' id='line_1_33' title="bbox 360 3221 1511 3302; baseline -0.001 -18"><span class='ocrx_word' id='word_1_353' title='bbox 360 3241 465 3284; x_wconf 76' lang='lat' dir='ltr'><strong>rae</strong></span> <span class='ocrx_word' id='word_1_354' title='bbox 516 3221 835 3302; x_wconf 56' lang='lat' dir='ltr'><strong>„signurffl</strong></span> <span class='ocrx_word' id='word_1_355' title='bbox 888 3221 1183 3302; x_wconf 80' lang='lat' dir='ltr'><strong>quidlibet</strong></span> <span class='ocrx_word' id='word_1_356' title='bbox 1225 3221 1511 3284; x_wconf 83' lang='lat' dir='ltr'><strong>fabricas.</strong></span> 
     </span>
    </p>

    <p class='ocr_par' dir='ltr' id='par_1_5' title="bbox 358 3343 3084 3764">
     <span class='ocr_line' id='line_1_34' title="bbox 502 3343 3080 3412; baseline 0 -17"><span class='ocrx_word' id='word_1_357' title='bbox 502 3343 879 3395; x_wconf 73' lang='lat' dir='ltr'><strong>Fabricius:</strong></span> <span class='ocrx_word' id='word_1_358' title='bbox 940 3343 1185 3393; x_wconf 82' lang='lat' dir='ltr'><strong>Planetae</strong></span> <span class='ocrx_word' id='word_1_359' title='bbox 1222 3359 1321 3394; x_wconf 86' lang='lat' dir='ltr'><strong>non</strong></span> <span class='ocrx_word' id='word_1_360' title='bbox 1353 3348 1499 3407; x_wconf 74' lang='lat' dir='ltr'><strong>juxta</strong></span> <span class='ocrx_word' id='word_1_361' title='bbox 1546 3345 1862 3395; x_wconf 84' lang='lat' dir='ltr'><strong>latitudinem</strong></span> <span class='ocrx_word' id='word_1_362' title='bbox 1907 3345 1997 3395; x_wconf 82' lang='lat' dir='ltr'><strong>sed</strong></span> <span class='ocrx_word' id='word_1_363' title='bbox 2026 3347 2173 3409; x_wconf 83' lang='lat' dir='ltr'><strong>juxta</strong></span> <span class='ocrx_word' id='word_1_364' title='bbox 2207 3345 2478 3410; x_wconf 79' lang='lat' dir='ltr'><strong>simplicem</strong></span> <span class='ocrx_word' id='word_1_365' title='bbox 2513 3345 2834 3412; x_wconf 75' lang='lat' dir='ltr'><strong>longitudinis</strong></span> <span class='ocrx_word' id='word_1_366' title='bbox 2869 3346 3080 3410; x_wconf 74' lang='lat' dir='ltr'><strong>gradum</strong></span> 
     </span>
     <span class='ocr_line' id='line_1_35' title="bbox 360 3415 3077 3484; baseline -0.001 -16"><span class='ocrx_word' id='word_1_367' title='bbox 360 3417 503 3484; x_wconf 74' lang='lat' dir='ltr'><strong>dirigi</strong></span> <span class='ocrx_word' id='word_1_368' title='bbox 540 3416 739 3466; x_wconf 85' lang='lat' dir='ltr'><strong>debent.</strong></span> <span class='ocrx_word' id='word_1_369' title='bbox 814 3415 959 3466; x_wconf 80' lang='lat' dir='ltr'><strong>Sicut</strong></span> <span class='ocrx_word' id='word_1_370' title='bbox 994 3416 1127 3464; x_wconf 86' lang='lat' dir='ltr'><strong>enim</strong></span> <span class='ocrx_word' id='word_1_371' title='bbox 1161 3415 1399 3479; x_wconf 82' lang='lat' dir='ltr'><strong>planetae</strong></span> <span class='ocrx_word' id='word_1_372' title='bbox 1435 3422 1573 3464; x_wconf 83' lang='lat' dir='ltr'><strong>motu</strong></span> <span class='ocrx_word' id='word_1_373' title='bbox 1620 3430 1709 3464; x_wconf 81' lang='lat' dir='ltr'><strong>sno</strong></span> <span class='ocrx_word' id='word_1_374' title='bbox 1748 3415 1876 3466; x_wconf 86' lang='lat' dir='ltr'><strong>Solis</strong></span> <span class='ocrx_word' id='word_1_375' title='bbox 1927 3417 2136 3466; x_wconf 78' lang='lat' dir='ltr'><strong>orbitam</strong></span> <span class='ocrx_word' id='word_1_376' title='bbox 2171 3416 2441 3480; x_wconf 86' lang='lat' dir='ltr'><strong>respiciunt</strong></span> <span class='ocrx_word' id='word_1_377' title='bbox 2503 3415 2624 3478; x_wconf 68' lang='lat' dir='ltr'><strong>GL:</strong></span> <span class='ocrx_word' id='word_1_378' title='bbox 2683 3420 2749 3465; x_wconf 83' lang='lat' dir='ltr'><strong>At</strong></span> <span class='ocrx_word' id='word_1_379' title='bbox 2785 3431 2884 3466; x_wconf 86' lang='lat' dir='ltr'><strong>non</strong></span> <span class='ocrx_word' id='word_1_380' title='bbox 2922 3417 3077 3480; x_wconf 85' lang='lat' dir='ltr'><strong>respi-</strong></span> 
     </span>
     <span class='ocr_line' id='line_1_36' title="bbox 362 3484 3080 3550; baseline -0.002 -11"><span class='ocrx_word' id='word_1_381' title='bbox 362 3491 501 3540; x_wconf 84' lang='lat' dir='ltr'><strong>ciunt</strong></span> <span class='ocrx_word' id='word_1_382' title='bbox 537 3494 628 3538; x_wconf 81' lang='lat' dir='ltr'><strong>aut</strong></span> <span class='ocrx_word' id='word_1_383' title='bbox 666 3493 844 3537; x_wconf 78' lang='lat' dir='ltr'><strong>curant</strong></span> <span class='ocrx_word' id='word_1_384' title='bbox 878 3487 1011 3535; x_wconf 78' lang='lat' dir='ltr'><strong>viam</strong></span> <span class='ocrx_word' id='word_1_385' title='bbox 1047 3491 1209 3534; x_wconf 84' lang='lat' dir='ltr'><strong>motus</strong></span> <span class='ocrx_word' id='word_1_386' title='bbox 1247 3485 1400 3543; x_wconf 85' lang='lat' dir='ltr'><strong>Solis,</strong></span> <span class='ocrx_word' id='word_1_387' title='bbox 1451 3500 1603 3550; x_wconf 80' lang='lat' dir='ltr'><strong>qnare</strong></span> <span class='ocrx_word' id='word_1_388' title='bbox 1650 3501 1810 3550; x_wconf 79' lang='lat' dir='ltr'><strong>neque</strong></span> <span class='ocrx_word' id='word_1_389' title='bbox 1861 3486 2094 3536; x_wconf 81' lang='lat' dir='ltr'><strong>effectum</strong></span> <span class='ocrx_word' id='word_1_390' title='bbox 2141 3484 2276 3546; x_wconf 82' lang='lat' dir='ltr'><strong>viae)</strong></span> <span class='ocrx_word' id='word_1_391' title='bbox 2295 3521 2308 3542; x_wconf 88' lang='lat'><strong>.</strong></span> <span class='ocrx_word' id='word_1_392' title='bbox 2373 3501 2460 3536; x_wconf 83' lang='lat' dir='ltr'><strong>cnr</strong></span> <span class='ocrx_word' id='word_1_393' title='bbox 2495 3502 2595 3535; x_wconf 89' lang='lat' dir='ltr'><strong>non</strong></span> <span class='ocrx_word' id='word_1_394' title='bbox 2633 3489 2794 3536; x_wconf 81' lang='lat' dir='ltr'><strong>etiam·</strong></span> <span class='ocrx_word' id='word_1_395' title='bbox 2822 3489 3080 3535; x_wconf 78' lang='lat' dir='ltr'><strong>virtutibus</strong></span> 
     </span>
     <span class='ocr_line' id='line_1_37' title="bbox 360 3552 3084 3622; baseline -0.001 -13"><span class='ocrx_word' id='word_1_396' title='bbox 360 3561 461 3609; x_wconf 80' lang='lat' dir='ltr'><strong>suis</strong></span> <span class='ocrx_word' id='word_1_397' title='bbox 499 3560 566 3608; x_wconf 80' lang='lat' dir='ltr'><strong>ad</strong></span> <span class='ocrx_word' id='word_1_398' title='bbox 600 3559 728 3607; x_wconf 73' lang='lat' dir='ltr'><strong>vires</strong></span> <span class='ocrx_word' id='word_1_399' title='bbox 767 3557 975 3606; x_wconf 74' lang='lat' dir='ltr'><strong>asti-ales</strong></span> <span class='ocrx_word' id='word_1_400' title='bbox 1014 3555 1166 3614; x_wconf 86' lang='lat' dir='ltr'><strong>Solis,</strong></span> <span class='ocrx_word' id='word_1_401' title='bbox 1206 3570 1335 3620; x_wconf 83' lang='lat' dir='ltr'><strong>qnae</strong></span> <span class='ocrx_word' id='word_1_402' title='bbox 1382 3558 1433 3605; x_wconf 90' lang='lat' dir='ltr'><strong>in</strong></span> <span class='ocrx_word' id='word_1_403' title='bbox 1473 3557 1705 3621; x_wconf 82' lang='lat' dir='ltr'><strong>ecliptica</strong></span> <span class='ocrx_word' id='word_1_404' title='bbox 1754 3571 1787 3606; x_wconf 82' lang='lat' dir='ltr'><strong>a</strong></span> <span class='ocrx_word' id='word_1_405' title='bbox 1821 3563 1960 3606; x_wconf 85' lang='lat' dir='ltr'><strong>motu</strong></span> <span class='ocrx_word' id='word_1_406' title='bbox 1996 3558 2126 3608; x_wconf 81' lang='lat' dir='ltr'><strong>Solis</strong></span> <span class='ocrx_word' id='word_1_407' title='bbox 2160 3557 2391 3622; x_wconf 76' lang='lat' dir='ltr'><strong>figuntur,</strong></span> <span class='ocrx_word' id='word_1_408' title='bbox 2431 3552 2775 3621; x_wconf 63' lang='lat' dir='ltr'><strong>respicerent?</strong></span> <span class='ocrx_word' id='word_1_409' title='bbox 2843 3557 2916 3606; x_wconf 69' lang='lat' dir='ltr'><strong>Ut</strong></span> <span class='ocrx_word' id='word_1_410' title='bbox 2952 3557 3084 3606; x_wconf 73' lang='lat' dir='ltr'><strong>Soli·</strong></span> 
     </span>
     <span class='ocr_line' id='line_1_38' title="bbox 358 3628 3075 3692; baseline -0.001 -12"><span class='ocrx_word' id='word_1_411' title='bbox 358 3638 523 3680; x_wconf 77' lang='lat' dir='ltr'><strong>notus</strong></span> <span class='ocrx_word' id='word_1_412' title='bbox 560 3643 728 3680; x_wconf 77' lang='lat' dir='ltr'><strong>eorum</strong></span> <span class='ocrx_word' id='word_1_413' title='bbox 761 3629 1055 3691; x_wconf 77' lang='lat' dir='ltr'><strong>principium</strong></span> <span class='ocrx_word' id='word_1_414' title='bbox 1095 3633 1171 3677; x_wconf 82' lang='lat' dir='ltr'><strong>est</strong></span> <span class='ocrx_word' id='word_1_415' title='bbox 1184 3663 1201 3684; x_wconf 88' lang='lat'>‚</span> <span class='ocrx_word' id='word_1_416' title='bbox 1256 3629 1331 3676; x_wconf 82' lang='lat' dir='ltr'><strong>ita</strong></span> <span class='ocrx_word' id='word_1_417' title='bbox 1366 3629 1597 3678; x_wconf 82' lang='lat' dir='ltr'><strong>virtutum</strong></span> <span class='ocrx_word' id='word_1_418' title='bbox 1634 3629 1830 3676; x_wconf 83' lang='lat' dir='ltr'><strong>illorum</strong></span> <span class='ocrx_word' id='word_1_419' title='bbox 1865 3629 2004 3692; x_wconf 80' lang='lat' dir='ltr'><strong>qnasi</strong></span> <span class='ocrx_word' id='word_1_420' title='bbox 2041 3628 2349 3686; x_wconf 76' lang='lat' dir='ltr'><strong>vehiculum,</strong></span> <span class='ocrx_word' id='word_1_421' title='bbox 2405 3629 2554 3692; x_wconf 81' lang='lat' dir='ltr'><strong>idque</strong></span> <span class='ocrx_word' id='word_1_422' title='bbox 2587 3629 2638 3676; x_wconf 84' lang='lat' dir='ltr'><strong>in</strong></span> <span class='ocrx_word' id='word_1_423' title='bbox 2676 3629 2760 3678; x_wconf 73' lang='lat' dir='ltr'><strong>via</strong></span> <span class='ocrx_word' id='word_1_424' title='bbox 2793 3641 2886 3676; x_wconf 77' lang='lat' dir='ltr'><strong>sna</strong></span> <span class='ocrx_word' id='word_1_425' title='bbox 2919 3630 3075 3692; x_wconf 71' lang='lat' dir='ltr'><strong>regia.</strong></span> 
     </span>
     <span class='ocr_line' id='line_1_39' title="bbox 362 3695 3076 3764; baseline -0.001 -10"><span class='ocrx_word' id='word_1_426' title='bbox 362 3699 481 3764; x_wconf 54' lang='lat' dir='ltr'><strong>(Ka</strong></span> <span class='ocrx_word' id='word_1_427' title='bbox 534 3701 797 3752; x_wconf 78' lang='lat' dir='ltr'><strong>Conclusio</strong></span> <span class='ocrx_word' id='word_1_428' title='bbox 831 3707 999 3748; x_wconf 81' lang='lat' dir='ltr'><strong>tamen</strong></span> <span class='ocrx_word' id='word_1_429' title='bbox 1048 3707 1127 3749; x_wconf 85' lang='lat' dir='ltr'><strong>est</strong></span> <span class='ocrx_word' id='word_1_430' title='bbox 1172 3701 1351 3763; x_wconf 77' lang='lat' dir='ltr'><strong>partim</strong></span> <span class='ocrx_word' id='word_1_431' title='bbox 1389 3695 1550 3759; x_wconf 79' lang='lat' dir='ltr'><strong>vera.)</strong></span> <span class='ocrx_word' id='word_1_432' title='bbox 1624 3699 1946 3762; x_wconf 78' lang='lat' dir='ltr'><strong>Experientis</strong></span> <span class='ocrx_word' id='word_1_433' title='bbox 1993 3701 2045 3748; x_wconf 88' lang='lat' dir='ltr'><strong>in</strong></span> <span class='ocrx_word' id='word_1_434' title='bbox 2083 3699 2432 3748; x_wconf 73' lang='lat' dir='ltr'><strong>directionibus</strong></span> <span class='ocrx_word' id='word_1_435' title='bbox 2467 3699 2732 3762; x_wconf 73' lang='lat' dir='ltr'><strong>respondet</strong></span> <span class='ocrx_word' id='word_1_436' title='bbox 2767 3698 3076 3764; x_wconf 64' lang='lat' dir='ltr'><strong>iongitudini.</strong></span> 
     </span>
    </p>
   </div>
   <div class='ocr_carea' id='block_1_4' title="bbox 357 3769 3077 3904">
    <p class='ocr_par' dir='ltr' id='par_1_6' title="bbox 357 3769 3077 3904">
     <span class='ocr_line' id='line_1_40' title="bbox 357 3769 3077 3834; baseline -0.001 -12"><span class='ocrx_word' id='word_1_437' title='bbox 357 3774 491 3824; x_wconf 82' lang='lat' dir='ltr'><strong>idem</strong></span> <span class='ocrx_word' id='word_1_438' title='bbox 526 3773 796 3823; x_wconf 85' lang='lat' dir='ltr'><strong>ostendunt</strong></span> <span class='ocrx_word' id='word_1_439' title='bbox 830 3770 1163 3832; x_wconf 77' lang='lat' dir='ltr'><strong>profectiones</strong></span> <span class='ocrx_word' id='word_1_440' title='bbox 1198 3771 1461 3834; x_wconf 84' lang='lat' dir='ltr'><strong>simplices.</strong></span> <span class='ocrx_word' id='word_1_441' title='bbox 1539 3769 1685 3819; x_wconf 85' lang='lat' dir='ltr'><strong>Certe</strong></span> <span class='ocrx_word' id='word_1_442' title='bbox 1722 3771 1765 3819; x_wconf 89' lang='lat' dir='ltr'><strong>si</strong></span> <span class='ocrx_word' id='word_1_443' title='bbox 1801 3772 1872 3819; x_wconf 82' lang='lat' dir='ltr'><strong>vis</strong></span> <span class='ocrx_word' id='word_1_444' title='bbox 1909 3771 2144 3834; x_wconf 74' lang='lat' dir='ltr'><strong>planetae</strong></span> <span class='ocrx_word' id='word_1_445' title='bbox 2195 3771 2247 3820; x_wconf 90' lang='lat' dir='ltr'><strong>in</strong></span> <span class='ocrx_word' id='word_1_446' title='bbox 2299 3770 2455 3834; x_wconf 80' lang='lat' dir='ltr'><strong>gradu</strong></span> <span class='ocrx_word' id='word_1_447' title='bbox 2503 3770 2776 3820; x_wconf 77' lang='lat' dir='ltr'><strong>latitudinis</strong></span> <span class='ocrx_word' id='word_1_448' title='bbox 2830 3771 3077 3819; x_wconf 84' lang='lat' dir='ltr'><strong>cooriente</strong></span> 
     </span>
     <span class='ocr_line' id='line_1_41' title="bbox 360 3841 3073 3904; baseline -0.003 -9"><span class='ocrx_word' id='word_1_449' title='bbox 360 3841 607 3903; x_wconf 81' lang='lat' dir='ltr'><strong>existeret,</strong></span> <span class='ocrx_word' id='word_1_450' title='bbox 645 3852 767 3892; x_wconf 85' lang='lat' dir='ltr'><strong>tunc</strong></span> <span class='ocrx_word' id='word_1_451' title='bbox 804 3843 959 3892; x_wconf 81' lang='lat' dir='ltr'><strong>etiam</strong></span> <span class='ocrx_word' id='word_1_452' title='bbox 993 3841 1324 3904; x_wconf 73' lang='lat' dir='ltr'><strong>profectiones</strong></span> <span class='ocrx_word' id='word_1_453' title='bbox 1360 3841 1653 3904; x_wconf 84' lang='lat' dir='ltr'><strong>aphetamm</strong></span> <span class='ocrx_word' id='word_1_454' title='bbox 1692 3842 1756 3890; x_wconf 78' lang='lat' dir='ltr'><strong>ad</strong></span> <span class='ocrx_word' id='word_1_455' title='bbox 1792 3842 1900 3898; x_wconf 83' lang='lat' dir='ltr'><strong>hos.</strong></span> <span class='ocrx_word' id='word_1_456' title='bbox 1939 3856 2038 3890; x_wconf 86' lang='lat' dir='ltr'><strong>non</strong></span> <span class='ocrx_word' id='word_1_457' title='bbox 2075 3855 2184 3891; x_wconf 78' lang='lat' dir='ltr'><strong>vero</strong></span> <span class='ocrx_word' id='word_1_458' title='bbox 2224 3841 2290 3891; x_wconf 77' lang='lat' dir='ltr'><strong>ad</strong></span> <span class='ocrx_word' id='word_1_459' title='bbox 2327 3845 2515 3891; x_wconf 78' lang='lat' dir='ltr'><strong>certum</strong></span> <span class='ocrx_word' id='word_1_460' title='bbox 2551 3841 2713 3891; x_wconf 85' lang='lat' dir='ltr'><strong>locum</strong></span> <span class='ocrx_word' id='word_1_461' title='bbox 2749 3841 2986 3904; x_wconf 78' lang='lat' dir='ltr'><strong>planetae</strong></span> <span class='ocrx_word' id='word_1_462' title='bbox 3022 3841 3073 3889; x_wconf 87' lang='lat' dir='ltr'><strong>in</strong></span> 
     </span>
    </p>
   </div>
   <div class='ocr_carea' id='block_1_5' title="bbox 234 3909 1906 3978">
    <p class='ocr_par' dir='ltr' id='par_1_7' title="bbox 234 3909 1906 3978">
     <span class='ocr_line' id='line_1_42' title="bbox 234 3909 1906 3978; baseline -0.002 -13"><span class='ocrx_word' id='word_1_463' title='bbox 234 3909 250 3927; x_wconf 63' lang='lat'><strong>¹</strong></span> <span class='ocrx_word' id='word_1_464' title='bbox 359 3915 567 3965; x_wconf 66' lang='lat' dir='ltr'><strong>zodiaco</strong></span> <span class='ocrx_word' id='word_1_465' title='bbox 607 3919 942 3978; x_wconf 73' lang='lat' dir='ltr'><strong>operarentur.</strong></span> <span class='ocrx_word' id='word_1_466' title='bbox 1018 3911 1117 3962; x_wconf 88' lang='lat' dir='ltr'><strong>Sed</strong></span> <span class='ocrx_word' id='word_1_467' title='bbox 1153 3911 1248 3962; x_wconf 83' lang='lat' dir='ltr'><strong>hoc</strong></span> <span class='ocrx_word' id='word_1_468' title='bbox 1286 3927 1383 3962; x_wconf 86' lang='lat' dir='ltr'><strong>non</strong></span> <span class='ocrx_word' id='word_1_469' title='bbox 1423 3912 1479 3961; x_wconf 76' lang='lat' dir='ltr'><strong>fit</strong></span> <span class='ocrx_word' id='word_1_470' title='bbox 1518 3939 1583 3949; x_wconf 91' lang='lat'><strong>—-</strong></span> <span class='ocrx_word' id='word_1_471' title='bbox 1623 3924 1743 3978; x_wconf 80' lang='lat' dir='ltr'><strong>ergo</strong></span> <span class='ocrx_word' id='word_1_472' title='bbox 1781 3948 1793 3960; x_wconf 90' lang='lat'><strong>.</strong></span> <span class='ocrx_word' id='word_1_473' title='bbox 1837 3949 1848 3960; x_wconf 92' lang='lat'><strong>.</strong></span> <span class='ocrx_word' id='word_1_474' title='bbox 1893 3947 1906 3962; x_wconf 92' lang='lat'><strong>.</strong></span> 
     </span>
    </p>
   </div>
   <div class='ocr_carea' id='block_1_6' title="bbox 348 3981 3083 4952">
    <p class='ocr_par' dir='ltr' id='par_1_8' title="bbox 348 3981 3083 4952">
     <span class='ocr_line' id='line_1_43' title="bbox 535 3981 3083 4064; baseline -0.002 -17"><span class='ocrx_word' id='word_1_475' title='bbox 535 3987 949 4064; x_wconf 87' lang='lat' dir='ltr'><strong>Keplerus:</strong></span> <span class='ocrx_word' id='word_1_476' title='bbox 1028 3985 1319 4045; x_wconf 80' lang='lat' dir='ltr'><strong>Planetas</strong></span> <span class='ocrx_word' id='word_1_477' title='bbox 1368 3983 1714 4063; x_wconf 81' lang='lat' dir='ltr'><strong>dirigendos</strong></span> <span class='ocrx_word' id='word_1_478' title='bbox 1762 3985 1892 4045; x_wconf 88' lang='lat' dir='ltr'><strong>sine</strong></span> <span class='ocrx_word' id='word_1_479' title='bbox 1941 3992 2221 4063; x_wconf 83' lang='lat' dir='ltr'><strong>respectu</strong></span> <span class='ocrx_word' id='word_1_480' title='bbox 2267 3981 2606 4046; x_wconf 75' lang='lat' dir='ltr'><strong>latitudinis</strong></span> <span class='ocrx_word' id='word_1_481' title='bbox 2645 3983 2887 4061; x_wconf 79' lang='lat' dir='ltr'><strong>probas,</strong></span> <span class='ocrx_word' id='word_1_482' title='bbox 2937 3982 3083 4062; x_wconf 74' lang='lat' dir='ltr'><strong>qnia</strong></span> 
     </span>
     <span class='ocr_line' id='line_1_44' title="bbox 358 4071 3072 4152; baseline -0.001 -15"><span class='ocrx_word' id='word_1_483' title='bbox 358 4073 521 4138; x_wconf 85' lang='lat' dir='ltr'><strong>Solis</strong></span> <span class='ocrx_word' id='word_1_484' title='bbox 568 4074 827 4136; x_wconf 81' lang='lat' dir='ltr'><strong>orbitam</strong></span> <span class='ocrx_word' id='word_1_485' title='bbox 884 4073 942 4133; x_wconf 82' lang='lat' dir='ltr'><strong>in</strong></span> <span class='ocrx_word' id='word_1_486' title='bbox 1004 4081 1169 4133; x_wconf 83' lang='lat' dir='ltr'><strong>motu</strong></span> <span class='ocrx_word' id='word_1_487' title='bbox 1226 4091 1335 4133; x_wconf 85' lang='lat' dir='ltr'><strong>suo</strong></span> <span class='ocrx_word' id='word_1_488' title='bbox 1390 4072 1738 4151; x_wconf 87' lang='lat' dir='ltr'><strong>respiciunt.</strong></span> <span class='ocrx_word' id='word_1_489' title='bbox 1835 4071 2044 4134; x_wconf 87' lang='lat' dir='ltr'><strong>Prima</strong></span> <span class='ocrx_word' id='word_1_490' title='bbox 2093 4091 2236 4152; x_wconf 84' lang='lat' dir='ltr'><strong>pars</strong></span> <span class='ocrx_word' id='word_1_491' title='bbox 2288 4071 2692 4134; x_wconf 77' lang='lat' dir='ltr'><strong>conclusionis</strong></span> <span class='ocrx_word' id='word_1_492' title='bbox 2750 4081 2848 4132; x_wconf 87' lang='lat' dir='ltr'><strong>est</strong></span> <span class='ocrx_word' id='word_1_493' title='bbox 2909 4089 3072 4133; x_wconf 72' lang='lat' dir='ltr'><strong>vera.</strong></span> 
     </span>
     <span class='ocr_line' id='line_1_45' title="bbox 355 4160 3077 4243; baseline -0.001 -19"><span class='ocrx_word' id='word_1_494' title='bbox 355 4163 495 4243; x_wconf 75' lang='lat' dir='ltr'><strong>Ego</strong></span> <span class='ocrx_word' id='word_1_495' title='bbox 539 4164 712 4237; x_wconf 84' lang='lat' dir='ltr'><strong>enim,</strong></span> <span class='ocrx_word' id='word_1_496' title='bbox 768 4181 901 4224; x_wconf 81' lang='lat' dir='ltr'><strong>cum</strong></span> <span class='ocrx_word' id='word_1_497' title='bbox 930 4160 1135 4223; x_wconf 86' lang='lat' dir='ltr'><strong>Solem</strong></span> <span class='ocrx_word' id='word_1_498' title='bbox 1182 4179 1292 4239; x_wconf 90' lang='lat' dir='ltr'><strong>per</strong></span> <span class='ocrx_word' id='word_1_499' title='bbox 1336 4162 1725 4223; x_wconf 78' lang='lat' dir='ltr'><strong>ascensiones</strong></span> <span class='ocrx_word' id='word_1_500' title='bbox 1774 4162 2052 4242; x_wconf 81' lang='lat' dir='ltr'><strong>obliquas</strong></span> <span class='ocrx_word' id='word_1_501' title='bbox 2097 4160 2177 4221; x_wconf 81' lang='lat' dir='ltr'><strong>ad</strong></span> <span class='ocrx_word' id='word_1_502' title='bbox 2205 4161 2602 4239; x_wconf 84' lang='lat' dir='ltr'><strong>promissores</strong></span> <span class='ocrx_word' id='word_1_503' title='bbox 2651 4179 2767 4221; x_wconf 89' lang='lat' dir='ltr'><strong>non</strong></span> <span class='ocrx_word' id='word_1_504' title='bbox 2797 4160 3077 4238; x_wconf 79' lang='lat' dir='ltr'><strong>dirigam,</strong></span> 
     </span>
     <span class='ocr_line' id='line_1_46' title="bbox 359 4246 3072 4332; baseline -0.001 -20"><span class='ocrx_word' id='word_1_505' title='bbox 359 4269 553 4332; x_wconf 78' lang='lat' dir='ltr'><strong>neque</strong></span> <span class='ocrx_word' id='word_1_506' title='bbox 605 4251 987 4314; x_wconf 76' lang='lat' dir='ltr'><strong>latitudinem</strong></span> <span class='ocrx_word' id='word_1_507' title='bbox 1019 4249 1211 4310; x_wconf 84' lang='lat' dir='ltr'><strong>habeo</strong></span> <span class='ocrx_word' id='word_1_508' title='bbox 1260 4267 1413 4329; x_wconf 85' lang='lat' dir='ltr'><strong>opus</strong></span> <span class='ocrx_word' id='word_1_509' title='bbox 1460 4249 1846 4312; x_wconf 80' lang='lat' dir='ltr'><strong>considerare</strong></span> <span class='ocrx_word' id='word_1_510' title='bbox 1885 4250 1944 4312; x_wconf 89' lang='lat' dir='ltr'><strong>in</strong></span> <span class='ocrx_word' id='word_1_511' title='bbox 1993 4259 2262 4328; x_wconf 82' lang='lat' dir='ltr'><strong>tempore</strong></span> <span class='ocrx_word' id='word_1_512' title='bbox 2311 4251 2750 4311; x_wconf 76' lang='lat' dir='ltr'><strong>constituendo.</strong></span> <span class='ocrx_word' id='word_1_513' title='bbox 2849 4246 3072 4309; x_wconf 82' lang='lat' dir='ltr'><strong>Consi-</strong></span> 
     </span>
     <span class='ocr_line' id='line_1_47' title="bbox 356 4336 3074 4418; baseline -0.001 -17"><span class='ocrx_word' id='word_1_514' title='bbox 356 4340 499 4402; x_wconf 89' lang='lat' dir='ltr'><strong>dero</strong></span> <span class='ocrx_word' id='word_1_515' title='bbox 546 4349 749 4402; x_wconf 83' lang='lat' dir='ltr'><strong>tamen</strong></span> <span class='ocrx_word' id='word_1_516' title='bbox 798 4337 1211 4413; x_wconf 86' lang='lat' dir='ltr'><strong>latitudinem,</strong></span> <span class='ocrx_word' id='word_1_517' title='bbox 1260 4346 1329 4398; x_wconf 89' lang='lat' dir='ltr'><strong>ut</strong></span> <span class='ocrx_word' id='word_1_518' title='bbox 1365 4339 1739 4418; x_wconf 85' lang='lat' dir='ltr'><strong>intelligam,</strong></span> <span class='ocrx_word' id='word_1_519' title='bbox 1807 4358 1883 4400; x_wconf 85' lang='lat' dir='ltr'><strong>an</strong></span> <span class='ocrx_word' id='word_1_520' title='bbox 1952 4338 2202 4399; x_wconf 85' lang='lat' dir='ltr'><strong>elumbis</strong></span> <span class='ocrx_word' id='word_1_521' title='bbox 2267 4337 2350 4400; x_wconf 83' lang='lat' dir='ltr'><strong>sit</strong></span> <span class='ocrx_word' id='word_1_522' title='bbox 2414 4337 2671 4400; x_wconf 71' lang='lat' dir='ltr'><strong>dire-etio</strong></span> <span class='ocrx_word' id='word_1_523' title='bbox 2733 4352 2808 4398; x_wconf 80' lang='lat' dir='ltr'><strong>an</strong></span> <span class='ocrx_word' id='word_1_524' title='bbox 2875 4336 3074 4397; x_wconf 71' lang='lat' dir='ltr'><strong>fortis·</strong></span> 
     </span>
     <span class='ocr_line' id='line_1_48' title="bbox 354 4421 3073 4508; baseline -0.003 -18"><span class='ocrx_word' id='word_1_525' title='bbox 354 4425 597 4492; x_wconf 83' lang='lat' dir='ltr'><strong>Deinde</strong></span> <span class='ocrx_word' id='word_1_526' title='bbox 654 4429 737 4491; x_wconf 82' lang='lat' dir='ltr'><strong>ad</strong></span> <span class='ocrx_word' id='word_1_527' title='bbox 778 4427 1214 4508; x_wconf 85' lang='lat' dir='ltr'><strong>promissorum</strong></span> <span class='ocrx_word' id='word_1_528' title='bbox 1264 4435 1548 4508; x_wconf 87' lang='lat' dir='ltr'><strong>aspectus</strong></span> <span class='ocrx_word' id='word_1_529' title='bbox 1616 4427 1882 4507; x_wconf 87' lang='lat' dir='ltr'><strong>dirigens</strong></span> <span class='ocrx_word' id='word_1_530' title='bbox 1949 4435 2205 4489; x_wconf 78' lang='lat' dir='ltr'><strong>necesse</strong></span> <span class='ocrx_word' id='word_1_531' title='bbox 2252 4425 2448 4488; x_wconf 87' lang='lat' dir='ltr'><strong>habeo</strong></span> <span class='ocrx_word' id='word_1_532' title='bbox 2495 4425 2882 4487; x_wconf 78' lang='lat' dir='ltr'><strong>considerare</strong></span> <span class='ocrx_word' id='word_1_533' title='bbox 2926 4421 3073 4485; x_wconf 84' lang='lat' dir='ltr'><strong>lati-</strong></span> 
     </span>
     <span class='ocr_line' id='line_1_49' title="bbox 352 4513 3077 4589; baseline -0.001 -11"><span class='ocrx_word' id='word_1_534' title='bbox 352 4515 643 4582; x_wconf 86' lang='lat' dir='ltr'><strong>tudinem.</strong></span> <span class='ocrx_word' id='word_1_535' title='bbox 734 4515 893 4580; x_wconf 87' lang='lat' dir='ltr'><strong>Nam</strong></span> <span class='ocrx_word' id='word_1_536' title='bbox 938 4513 1046 4578; x_wconf 88' lang='lat' dir='ltr'><strong>Sol</strong></span> <span class='ocrx_word' id='word_1_537' title='bbox 1094 4515 1175 4578; x_wconf 84' lang='lat' dir='ltr'><strong>ad</strong></span> <span class='ocrx_word' id='word_1_538' title='bbox 1224 4515 1447 4579; x_wconf 84' lang='lat' dir='ltr'><strong>arcturi</strong></span> <span class='ocrx_word' id='word_1_539' title='bbox 1494 4515 1781 4578; x_wconf 82' lang='lat' dir='ltr'><strong>sextilem</strong></span> <span class='ocrx_word' id='word_1_540' title='bbox 1827 4514 1994 4578; x_wconf 87' lang='lat' dir='ltr'><strong>venit</strong></span> <span class='ocrx_word' id='word_1_541' title='bbox 2038 4533 2154 4577; x_wconf 90' lang='lat' dir='ltr'><strong>non</strong></span> <span class='ocrx_word' id='word_1_542' title='bbox 2204 4514 2262 4576; x_wconf 90' lang='lat' dir='ltr'><strong>in</strong></span> <span class='ocrx_word' id='word_1_543' title='bbox 2325 4514 2396 4577; x_wconf 79' lang='lat'><strong>17</strong></span> <span class='ocrx_word' id='word_1_544' title='bbox 2423 4513 2447 4544; x_wconf 75' lang='lat'><em>⁶</em></span> <span class='ocrx_word' id='word_1_545' title='bbox 2477 4517 2558 4589; x_wconf 68' lang='grc' dir='ltr'><strong>Ω,</strong></span> <span class='ocrx_word' id='word_1_546' title='bbox 2610 4514 2718 4576; x_wconf 88' lang='lat' dir='ltr'><strong>sed</strong></span> <span class='ocrx_word' id='word_1_547' title='bbox 2766 4513 2928 4576; x_wconf 86' lang='lat' dir='ltr'><strong>circa</strong></span> <span class='ocrx_word' id='word_1_548' title='bbox 2972 4527 3077 4574; x_wconf 86' lang='lat' dir='ltr'><strong>cor</strong></span> 
     </span>
     <span class='ocr_line' id='line_1_50' title="bbox 354 4603 3072 4688; baseline -0.002 -19"><span class='ocrx_word' id='word_1_549' title='bbox 354 4610 441 4681; x_wconf 73' lang='grc' dir='ltr'><strong>ςὲ,</strong></span> <span class='ocrx_word' id='word_1_550' title='bbox 506 4607 649 4688; x_wconf 83' lang='lat' dir='ltr'><strong>quia</strong></span> <span class='ocrx_word' id='word_1_551' title='bbox 691 4605 829 4668; x_wconf 65' lang='lat' dir='ltr'><strong>inde</strong></span> <span class='ocrx_word' id='word_1_552' title='bbox 874 4606 935 4668; x_wconf 86' lang='lat' dir='ltr'><strong>in</strong></span> <span class='ocrx_word' id='word_1_553' title='bbox 984 4612 1285 4668; x_wconf 83' lang='lat' dir='ltr'><strong>arcturum</strong></span> <span class='ocrx_word' id='word_1_554' title='bbox 1350 4612 1448 4667; x_wconf 85' lang='lat' dir='ltr'><strong>est</strong></span> <span class='ocrx_word' id='word_1_555' title='bbox 1492 4613 1667 4666; x_wconf 80' lang='lat' dir='ltr'><strong>sexta</strong></span> <span class='ocrx_word' id='word_1_556' title='bbox 1712 4624 1858 4684; x_wconf 87' lang='lat' dir='ltr'><strong>pars</strong></span> <span class='ocrx_word' id='word_1_557' title='bbox 1905 4603 2130 4667; x_wconf 82' lang='lat' dir='ltr'><strong>circuli.</strong></span> <span class='ocrx_word' id='word_1_558' title='bbox 2221 4603 2494 4683; x_wconf 86' lang='lat' dir='ltr'><strong>Denique</strong></span> <span class='ocrx_word' id='word_1_559' title='bbox 2543 4603 2602 4664; x_wconf 87' lang='lat' dir='ltr'><strong>in</strong></span> <span class='ocrx_word' id='word_1_560' title='bbox 2649 4610 2784 4665; x_wconf 87' lang='lat' dir='ltr'><strong>ortu</strong></span> <span class='ocrx_word' id='word_1_561' title='bbox 2831 4610 2897 4665; x_wconf 88' lang='lat' dir='ltr'><strong>et</strong></span> <span class='ocrx_word' id='word_1_562' title='bbox 2939 4620 3072 4664; x_wconf 76' lang='lat' dir='ltr'><strong>me—</strong></span> 
     </span>
     <span class='ocr_line' id='line_1_51' title="bbox 350 4691 3072 4775; baseline -0.001 -21"><span class='ocrx_word' id='word_1_563' title='bbox 350 4695 449 4756; x_wconf 89' lang='lat' dir='ltr'><strong>dio</strong></span> <span class='ocrx_word' id='word_1_564' title='bbox 498 4697 649 4758; x_wconf 90' lang='lat' dir='ltr'><strong>coeli</strong></span> <span class='ocrx_word' id='word_1_565' title='bbox 698 4695 935 4756; x_wconf 89' lang='lat' dir='ltr'><strong>omnino</strong></span> <span class='ocrx_word' id='word_1_566' title='bbox 986 4713 1135 4775; x_wconf 90' lang='lat' dir='ltr'><strong>opus</strong></span> <span class='ocrx_word' id='word_1_567' title='bbox 1186 4700 1282 4753; x_wconf 89' lang='lat' dir='ltr'><strong>est</strong></span> <span class='ocrx_word' id='word_1_568' title='bbox 1329 4693 1689 4768; x_wconf 71' lang='lat' dir='ltr'><strong>latitudine,</strong></span> <span class='ocrx_word' id='word_1_569' title='bbox 1743 4693 2022 4755; x_wconf 70' lang='lat' dir='ltr'><strong>omnibus</strong></span> <span class='ocrx_word' id='word_1_570' title='bbox 2071 4693 2417 4754; x_wconf 68' lang='lat' dir='ltr'><strong>sanioribus·</strong></span> <span class='ocrx_word' id='word_1_571' title='bbox 2460 4691 2788 4772; x_wconf 68' lang='lat' dir='ltr'><strong>astrologis</strong></span> <span class='ocrx_word' id='word_1_572' title='bbox 2831 4698 3072 4752; x_wconf 75' lang='lat' dir='ltr'><strong>testan-</strong></span> 
     </span>
     <span class='ocr_line' id='line_1_52' title="bbox 351 4780 3070 4861; baseline -0.002 -16"><span class='ocrx_word' id='word_1_573' title='bbox 351 4783 552 4859; x_wconf 81' lang='lat' dir='ltr'><strong>tibus3</strong></span> <span class='ocrx_word' id='word_1_574' title='bbox 603 4793 771 4846; x_wconf 85' lang='lat' dir='ltr'><strong>ortus</strong></span> <span class='ocrx_word' id='word_1_575' title='bbox 820 4783 980 4846; x_wconf 80' lang='lat' dir='ltr'><strong>enim</strong></span> <span class='ocrx_word' id='word_1_576' title='bbox 1028 4781 1121 4844; x_wconf 84' lang='lat' dir='ltr'><strong>vis</strong></span> <span class='ocrx_word' id='word_1_577' title='bbox 1170 4781 1437 4843; x_wconf 79' lang='lat' dir='ltr'><strong>funditur</strong></span> <span class='ocrx_word' id='word_1_578' title='bbox 1482 4800 1591 4861; x_wconf 85' lang='lat' dir='ltr'><strong>per</strong></span> <span class='ocrx_word' id='word_1_579' title='bbox 1636 4782 1930 4845; x_wconf 84' lang='lat' dir='ltr'><strong>circulum</strong></span> <span class='ocrx_word' id='word_1_580' title='bbox 1969 4780 2319 4853; x_wconf 74' lang='lat' dir='ltr'><strong>horizontis,</strong></span> <span class='ocrx_word' id='word_1_581' title='bbox 2367 4781 2546 4841; x_wconf 83' lang='lat' dir='ltr'><strong>medii</strong></span> <span class='ocrx_word' id='word_1_582' title='bbox 2596 4781 2748 4842; x_wconf 83' lang='lat' dir='ltr'><strong>coeli</strong></span> <span class='ocrx_word' id='word_1_583' title='bbox 2795 4795 2907 4859; x_wconf 84' lang='lat' dir='ltr'><strong>per</strong></span> <span class='ocrx_word' id='word_1_584' title='bbox 2939 4796 3070 4841; x_wconf 88' lang='lat' dir='ltr'><strong>me-</strong></span> 
     </span>
     <span class='ocr_line' id='line_1_53' title="bbox 348 4867 3072 4952; baseline -0.001 -18"><span class='ocrx_word' id='word_1_585' title='bbox 348 4867 667 4952; x_wconf 72' lang='lat' dir='ltr'><strong>ridianum,</strong></span> <span class='ocrx_word' id='word_1_586' title='bbox 714 4871 884 4936; x_wconf 75' lang='lat' dir='ltr'><strong>Solis</strong></span> <span class='ocrx_word' id='word_1_587' title='bbox 930 4881 995 4936; x_wconf 84' lang='lat' dir='ltr'><strong>et</strong></span> <span class='ocrx_word' id='word_1_588' title='bbox 1022 4873 1237 4936; x_wconf 84' lang='lat' dir='ltr'><strong>Lunae</strong></span> <span class='ocrx_word' id='word_1_589' title='bbox 1284 4871 1497 4934; x_wconf 76' lang='lat' dir='ltr'><strong>itidem</strong></span> <span class='ocrx_word' id='word_1_590' title='bbox 1546 4871 1815 4934; x_wconf 77' lang='lat' dir='ltr'><strong>funditur</strong></span> <span class='ocrx_word' id='word_1_591' title='bbox 1859 4881 1989 4934; x_wconf 75' lang='lat' dir='ltr'><strong>tam</strong></span> <span class='ocrx_word' id='word_1_592' title='bbox 2035 4871 2179 4946; x_wconf 80' lang='lat' dir='ltr'><strong>late,</strong></span> <span class='ocrx_word' id='word_1_593' title='bbox 2229 4887 2406 4952; x_wconf 84' lang='lat' dir='ltr'><strong>quam</strong></span> <span class='ocrx_word' id='word_1_594' title='bbox 2453 4869 2586 4932; x_wconf 81' lang='lat' dir='ltr'><strong>iata</strong></span> <span class='ocrx_word' id='word_1_595' title='bbox 2621 4877 2764 4932; x_wconf 68' lang='lat' dir='ltr'><strong>sint</strong></span> <span class='ocrx_word' id='word_1_596' title='bbox 2797 4885 3072 4951; x_wconf 68' lang='lat' dir='ltr'><strong>corpora·</strong></span> 
     </span>
    </p>
   </div>
  </div>
 </body>
</html>
