3634 5575
1166 402 1227 455 In
1264 402 1429 469 Opere
1465 404 1780 471 Astrologics
1814 402 1982 457 Notae
2017 405 2247 459 Editoris.
2887 406 3018 474 653

297 556 523 611 omnibns
560 560 665 611 fere
700 572 821 624 qnos
861 559 1017 611 edidit
1048 560 1185 612 libris
1220 564 1441 613 recurrit
1479 563 1697 615 innitens
1732 562 1956 615 theoriae
1983 564 2190 615 Gilberti
2213 578 2452 630 suumque
2475 566 2528 615 ιιι
2565 578 2708 617 nsum
2743 566 2878 617 illam
2913 582 3018 618 ver-

296 636 425 679 tens.
500 630 757 696 Gopernici
792 629 1086 694 hypothesin
1124 647 1159 683 a
1193 633 1409 683 Gilberto
1450 633 1755 691 „admirabili
1792 636 1997 686 solertia
2031 637 2417 701 experiendique
2465 636 2710 687 industria
2743 638 3021 701 suppletam

299 701 441 749 esse‘
483 706 657 753 censet
715 698 785 761 (ι.
824 716 866 750 s.
903 716 953 764 p.
995 699 1123 764 243)
1177 718 1415 786 suamque
1450 706 1601 768 ipsius
1654 706 1832 765 „nimis
1868 706 2203 756 confidenter“
2260 708 2325 756 ad
2373 708 2662 771 magnetica
2699 708 2908 758 Gilberti
2943 723 3020 759 re·

298 770 425 829 tert,
463 787 593 838 qnae
629 773 930 822 sententiam
966 786 1109 823 snam
1146 773 1208 824 de
1244 777 1291 822 ιι
1328 776 1597 825 attractiva
1634 774 1777 833 Solis,
1829 777 1892 826 de
1930 776 2140 827 motibus
2176 777 2489 839 planetarum
2527 791 2791 843 eorumque
2829 780 3022 829 orbibus

297 840 530 907 ellipticis
569 842 861 894 confirmare
898 843 1207 895 videbantur.

474 914 555 965 De
594 913 861 963 Gilberti
898 914 1004 963 vita
1037 914 1163 965 haec
1200 929 1363 979 pauca
1397 921 1659 965 notamus:
1698 923 1847 966 natus
1886 921 1962 967 est
1999 930 2043 966 c.
2081 916 2296 967 medium
2319 917 2541 967 seculum
2565 916 2703 975 XVI,
2741 919 3023 969 medicinae

294 988 349 1033 et
386 983 613 1049 chymiae
651 997 851 1047 operam
888 984 1057 1043 dabat,
1094 986 1244 1051 inque
1278 986 1355 1035 his
1394 986 1579 1036 artibus
1614 986 1750 1036 haud
1784 1000 1958 1050 parum
1995 988 2264 1050 profecisse
2303 988 2508 1044 videtur,
2547 989 2620 1037 ita
2653 994 2709 1037 ιιι
2733 988 3022 1039 Elisabetha

294 1055 511 1119 Angliae
556 1056 729 1119 regina
774 1054 866 1117 ipsi
901 1054 1036 1104 haud
1072 1070 1245 1118 parum
1280 1057 1519 1106 tribueret
1553 1057 1833 1121 salar-ioque
1871 1070 2040 1106 annuo
2079 1072 2189 1106 enm
2227 1058 2520 1107 sublevaret.
2594 1058 2800 1108 Praeter
2847 1061 3022 1108 librum

297 1122 413 1183 „De
437 1124 709 1191 Magnete‘*
742 1126 1058 1175 concinnavit
1098 1125 1210 1184 „De
1232 1127 1417 1175 mundo
1442 1134 1607 1176 nostro
1634 1128 1884 1177 sublunari
1909 1128 2266 1192 philosophiam
2289 1128 2524 1182 novam“.
2543 1142 2691 1192 quam
2717 1130 2890 1179 Frater
2915 1130 3019 1179 Gil-

290 1195 437 1255 bcffl,
467 1202 667 1246 anctore
694 1208 826 1243 anno
855 1192 1008 1244 ¹003.
1036 1202 1247 1253 mortno,
1274 1198 1339 1246 ad
1364 1203 1535 1261 typum
1561 1198 1826 1261 disposuit;
1856 1198 2037 1262 prodiit
2063 1212 2194 1249 anno
2221 1199 2416 1248 demum
2446 1194 2598 1247 1651.
2639 1199 3012 1249 Amstelodami.

476 1280 535 1345 6)
570 1298 620 1347 p.
661 1279 781 1331 352.
854 1283 1125 1347 Keplernm
1150 1284 1349 1333 viduam
1376 1284 1569 1337 duxisse
1596 1286 1810 1335 Grastiis
1849 1285 2106 1335 oriundam
2143 1286 2306 1351 ibique
2331 1286 2462 1336 bona
2503 1286 2835 1349 possidentem
2872 1300 3022 1351 supra

295 1355 369 1420 (p.
410 1351 505 1409 24)
540 1354 767 1403 diximus.
842 1353 1013 1404 Rebus
1062 1356 1113 1403 in
1150 1354 1320 1417 Styria
1368 1362 1544 1405 contu
1594 1358 1724 1406 cives
1782 1356 1983 1405 Lntberi
2022 1356 2138 1406 fidei
2176 1357 2400 1406 addictos
2437 1358 2594 1423 gestis
2629 1359 2790 1406 uxoris
2829 1372 3020 1425 qnoque

292 1424 500 1489 Kupleri
536 1428 739 1487 ejusque
774 1424 909 1474 filiae
948 1438 1007 1475 ex
1044 1428 1201 1489 priore
1236 1426 1548 1476 matrimonio
1584 1434 1848 1491 susceptae
1887 1424 2166 1492 (Reginae)
2218 1428 2352 1477 bona
2389 1426 2790 1485 infestabantur,
2829 1436 2881 1477 et
2915 1429 3020 1491 ipse

292 1496 555 1561 plurimum
592 1493 879 1545 vexabatur.
934 1495 1180 1545 Hervarti
1218 1497 1282 1545 ab
1307 1494 1610 1561 Hebenburg
1658 1499 2010 1547 intercessione
2049 1496 2296 1551 Casalius.
2335 1498 2600 1549 Archidnci
2638 1498 2950 1549 Ferdinando
2991 1514 3023 1547 a

294 1566 549 1621 consiliis.
588 1565 801 1615 Graetiis
852 1579 929 1616 res
974 1565 1179 1631 Kepleri
1232 1566 1533 1621 „⁸⁸benevole
1594 1568 1657 1617 ad
1694 1568 1843 1617 finem
1880 1568 2139 1631 perduxit,
2199 1568 2315 1617 dum
2349 1569 2596 1633 Keplerus
2631 1583 2720 1633 per
2757 1566 2787 1617 3
2824 1582 3020 1619 menses

294 1638 405 1689 illic
439 1636 729 1687 versabatur
765 1633 907 1696 (inde
945 1637 1009 1687 ab
1044 1637 1174 1687 Julio
1212 1638 1262 1686 in
1300 1636 1641 1700 Septembrem
1681 1640 1797 1687 anni
1839 1634 2017 1699 1605).

482 1706 562 1757 De
596 1706 673 1755 his
712 1712 767 1756 οι
799 1707 979 1757 salario
1016 1723 1103 1757 suo
1140 1707 1387 1771 Keplerus
1425 1722 1536 1757 cnm
1572 1708 1833 1759 Hervarto
1867 1709 1995 1759 haec
2031 1723 2119 1771 per
2153 1708 2321 1757 literas
2359 1710 2494 1775 egit:

477 1795 575 1845 Die
615 1790 702 1843 11.
743 1792 869 1845 Νοι.
911 1792 1063 1845 1602.
1110 1796 1485 1846 Hervartus
1520 1796 1739 1860 Keplero
1776 1797 1992 1859 scripsit:

473 1867 565 1916 Als
600 1866 669 1917 D.
708 1864 947 1916 Pistoriae
982 1866 1088 1916 hier
1125 1866 1481 1930 durchgereist,
1517 1866 1619 1917 hab
1654 1867 1736 1916 ich
1772 1868 1849 1915 nit
1883 1865 2194 1915 unterlassen
2215 1902 2228 1923 ,
2268 1867 2552 1930 gebfirende
2589 1866 2756 1919 officia
2790 1868 2892 1918 und
2930 1868 3018 1919 Er-

290 1936 567 2003 kl'arnngen
606 1952 668 1985 sn
706 1935 847 1991 than,
887 1950 943 1985 so
978 1938 1140 1987 seiner
1177 1938 1291 1986 Zeit
1327 1940 1403 1985 nit
1440 1937 1568 1987 ohne
1604 1937 1789 1986 Frncht
1827 1937 2052 2001 abgelren
2090 1936 2302 1986 werden.

452 2008 643 2073 Wegen
702 2006 791 2056 des
827 2006 989 2056 Herm
1026 2008 1331 2057 bestimmter
1364 2007 1652 2071 Beseldnng
1688 2008 1771 2056 bin
1808 2006 1890 2055 ich
1911 2041 1925 2063 ,
1986 2004 2234 2055 vielleiebt
2279 2006 2408 2057 ohne
2459 2022 2768 2073 genngsame
2803 2008 3017 2067 Ursacb,

292 2078 383 2129 der
418 2078 755 2142 Eun-ichtung
792 2074 1097 2137 (solutionis)
1132 2078 1308 2129 halber
1343 2077 1600 2142 sorgfeltig
1634 2090 1881 2142 gewesen.
1955 2077 2024 2127 Es
2069 2079 2136 2126 ist
2179 2080 2273 2126 mir
2309 2078 2429 2127 aber
2463 2078 2666 2128 diesfals
2701 2079 3018 2130 nochmallen

292 2152 373 2199 nit
405 2150 581 2215 garing
616 2148 851 2203 zveifel.
908 2148 1009 2197 und
1063 2148 1183 2197 volt
1215 2147 1297 2198 ich
1332 2148 1445 2197 dem
1480 2148 1641 2198 Herm
1678 2147 1982 2207 vunschen,
2039 2148 2154 2197 dass
2210 2162 2264 2197 es
2299 2147 2406 2197 also
2442 2149 2669 2199 dennocb
2707 2150 3014 2201 simblicher-

292 2233 497 2271 masten
532 2219 727 2285 richtiss,
764 2220 857 2268 vie
892 2231 1010 2267 man
1048 2232 1103 2268 es
1136 2218 1353 2267 machot.
1424 2217 1517 2267 leh
1552 2224 1667 2283 trag
1705 2219 1825 2268 aber
1857 2220 2108 2282 Beysorg,
2161 2219 2348 2268 aulicos
2399 2226 2450 2268 οι
2506 2234 2584 2269 res
2623 2221 2812 2271 aulicas
2848 2235 3016 2271 rerur-

294 2290 485 2341 nachon
522 2292 604 2339 vill
646 2292 727 2339 ein
780 2288 1007 2345 auderat,
1057 2289 1267 2338 beverab
1313 2288 1497 2337 mittier
1532 2290 1647 2341 Zeit
1690 2288 1794 2339 und
1832 2302 1980 2339 vann
2017 2302 2134 2337 man
2173 2304 2228 2338 es
2262 2290 2474 2354 venigst
2509 2291 2722 2355 besorgt.
2799 2289 2899 2341 Sed
2935 2297 3012 2340 ta-

296 2362 450 2421 cebo,
504 2374 569 2409 ιιο
617 2361 817 2410 audiam
859 2370 1029 2425 μαντι
1082 2372 1297 2415 xerxem,
1349 2348 1419 2404 οὗ
1467 2370 1697 2408 menore
1744 2373 1851 2426 μοι
1901 2372 1966 2406 ro
2009 2372 2245 2427 κρηγιον
2293 2356 2472 2416 elnac.
2571 2360 2736 2409 Melde
2773 2374 2828 2409 es
2865 2362 3014 2410 allein

298 2432 503 2487 darum,
558 2433 791 2495 qnoniam
828 2431 1060 2493 praevisa
1096 2429 1204 2479 tela
1237 2430 1399 2478 minus
1434 2435 1653 2487 nocent,
1692 2430 1783 2479 das
1818 2428 2192 2479 verhofl‘entlich
2227 2430 2324 2479 den
2363 2430 2560 2481 Sacben
2595 2433 2647 2479 in
2685 2432 2842 2481 ander
2876 2446 3016 2497 veeg

297 2502 505 2553 etlieher
538 2515 759 2557 massan,
802 2500 867 2550 da
904 2514 1025 2551 man
1058 2498 1167 2549 sich
1205 2498 1519 2565 dergleichen
1558 2514 1621 2549 zu
1656 2501 1915 2565 besor-gen,
1953 2500 2064 2549 rath
2099 2501 2202 2550 und
2239 2502 2398 2551 mittel
2435 2518 2496 2550 zu
2534 2500 2736 2551 suchen.

476 2588 556 2639 Ad
592 2590 719 2639 haec
756 2587 1070 2651 Keplerns
1108 2588 1383 2651 respondit:
2033 2620 2066 2651 χ

477 2662 531 2719 S.
574 2664 635 2717 P.
699 2669 759 2715 et
811 2660 996 2715 felicia
1060 2660 1296 2715 ineuntis
1357 2658 1487 2714 anni
1531 2660 1798 2731 auspicia.
1883 2660 2054 2715 Binas
2100 2662 2200 2715 abs
2245 2668 2302 2715 te
2343 2660 2641 2732 Magnifice
2683 2660 2782 2715 Vir
2823 2662 3016 2733 accepi

268 2742 497 2798 literas
540 2738 806 2816 proximis
848 2740 995 2796 inter
1036 2758 1095 2796 se
1138 2740 1329 2794 diebus
1372 2739 1627 2811 scriptae,
1672 2748 1734 2796 at
1776 2758 1886 2795 non
1927 2740 2010 2796 ita
2046 2740 2232 2796 ordine
2263 2742 2524 2799 redditae.
2579 2742 2807 2796 Alteras
2838 2742 3038 2796 Μῶν.

296 2823 504 2878 hardus
525 2823 681 2892 justo
712 2829 957 2892 tempore
990 2819 1245 2884 tradidit;
1290 2821 1500 2875 alteras
1528 2821 1599 2876 D.
1629 2821 1922 2876 Annibalis
1951 2821 2184 2876 ministri
2214 2827 2460 2886 tenuere,
2504 2823 2682 2894 quoad
2725 2820 2845 2891 ipse
2886 2822 3014 2876 illas

298 2904 373 2956 ab
416 2901 542 2954 aliis
583 2901 853 2956 indicatas
914 2903 989 2956 ab
1043 2901 1154 2955 illis
1213 2900 1430 2971 repetii.
1516 2900 1746 2956 Factum
1800 2908 1889 2956 est
1947 2901 2154 2972 igitur,
2211 2909 2276 2956 ιιι
2331 2902 2540 2956 tardius
2605 2903 3012 2970 responderem.

297 2981 443 3038 Nam
484 2997 559 3033 ex
596 2981 871 3049 prioribus
913 2982 1333 3044 intellexeram,
1378 2979 1629 3034 ultimum
1670 2997 1850 3036 meum
1891 2997 2215 3051 responsum
2255 2983 2490 3034 nondum
2532 2981 2702 3034 fuisse
2743 2981 2819 3036 M.
2862 2981 3016 3036 Tuae

296 3059 594 3116 traditum:
640 3059 776 3114 nihil
820 3059 993 3130 igitur
1032 3060 1389 3114 dubitandum
1432 3066 1573 3124 erat,
1618 3061 1749 3132 quin
1792 3061 1963 3126 brevi,
2011 3062 2152 3132 quod
2193 3067 2254 3114 et
2295 3061 2519 3125 factum,
2567 3061 2784 3114 alterae
2827 3069 3018 3116 essent

298 3155 644 3194 accessurae.
726 3139 933 3192 Passus
977 3145 1163 3192 tamen
1205 3157 1321 3194 sum
1364 3139 1532 3193 ferias
1572 3140 1901 3209 praeterire,
1947 3143 2016 3196 ob
2060 3141 2176 3195 alia
2215 3141 2534 3195 necessaria
2573 3139 2830 3211 negotia;
2874 3157 3018 3248 quae

298 3220 411 3274 scio
456 3221 604 3290 apud
646 3217 724 3271 Te
767 3218 1181 3272 excusationem
1221 3236 1448 3274 merere.

475 3297 764 3354 Beneficiis
806 3315 908 3368 mes
935 3299 1216 3363 cumulas,
1278 3307 1341 3354 ιιι
1382 3317 1457 3353 ex
1500 3297 1747 3368 utrisque
1790 3297 2086 3362 intellexi,
2149 3315 2296 3352 more
2339 3305 2452 3352 tuo.
2537 3301 2616 3354 Et
2656 3299 2756 3354 tibi
2801 3299 3016 3370 quidem

298 3379 463 3450 copia
506 3383 597 3432 est
638 3375 999 3432 inveniendae
1043 3378 1272 3433 subinde
1314 3395 1492 3432 novae
1534 3377 1764 3432 rationis
1809 3395 1894 3432 me
1931 3377 2302 3446 promovendi,
2345 3378 2479 3432 mihi
2515 3396 2646 3432 vero
2681 3395 2857 3432 novae
2887 3380 3014 3434 sub-

296 3460 423 3514 inde
465 3459 778 3530 gratiarum
821 3456 1053 3512 actionis
1096 3457 1581 3512 comminiscendae
1623 3474 1730 3510 non
1772 3457 2000 3526 perinde
2042 3456 2205 3526 copia
2245 3456 2510 3526 suppetit.
2581 3459 2869 3512 Accedant
2907 3458 3016 3512 ita-

296 3556 403 3610 que
445 3531 557 3612 i'sta
598 3554 811 3609 quoque
857 3537 927 3590 ad
966 3537 1256 3605 pristinum
1286 3537 1587 3598 cumulum;
1630 3551 1731 3606 pro
1771 3535 1966 3606 quibus
2011 3535 2147 3589 nihil
2177 3535 2327 3590 aliud
2355 3536 2536 3589 dicere
2561 3553 2801 3605 possum,
2851 3554 3014 3607 quam

300 3635 387 3672 me
430 3618 731 3688 diligenter
770 3615 915 3670 haec
955 3631 1169 3684 quoque
1212 3615 1269 3668 in
1311 3617 1633 3686 catalogum
1670 3615 1897 3671 referre.

476 3698 633 3758 Quae
674 3697 729 3750 in
768 3693 1045 3765 prioribus
1087 3695 1189 3748 abs
1216 3696 1292 3748 M.
1325 3696 1447 3748 Tua
1488 3698 1553 3748 de
1592 3711 1710 3748 meo
1754 3701 1908 3748 statu
1953 3701 2230 3764 suggesta
2267 3693 2398 3748 mihi
2426 3699 2571 3756 sunt,
2616 3699 2836 3748 attente
2864 3694 3012 3765 legi:

298 3782 559 3842 caetera,
604 3791 745 3846 quae
787 3791 897 3828 non
938 3775 1143 3827 debent
1185 3789 1221 3827 a
1260 3792 1345 3828 me
1389 3774 1706 3844 expectari,
1750 3780 1817 3827 ιιι
1857 3790 1894 3827 a
1935 3779 1990 3828 te
2032 3773 2286 3828 dicantur
2326 3771 2606 3842 apertius,
2651 3791 2724 3827 ex
2765 3789 2851 3826 me
2891 3774 3014 3843 ipso

296 3855 567 3925 conjicere
607 3853 783 3926 potui.
866 3853 1017 3908 Vera
1056 3871 1279 3918 mones,
1341 3860 1400 3908 et
1424 3871 1585 3926 quae
1626 3870 1712 3910 me
1756 3870 1875 3907 cum
1920 3853 2097 3918 alias,
2159 3859 2275 3908 tum
2333 3870 2463 3906 vero
2523 3853 2794 3917 maxime,
2857 3861 3011 3922 post-

296 3951 459 4006 quam
502 3951 539 3990 a
579 3941 637 3988 te
679 3933 959 3987 inculcata
1000 3939 1165 3997 sunt,
1210 3933 1449 3988 maxime
1510 3933 1804 3991 sollicitum
1863 3939 2092 3997 tenent;
2151 3936 2244 3986 sed
2289 3933 2514 3988 frustra.
2602 3931 2742 3994 Quid
2781 3935 3012 4002 prodest

296 4015 443 4069 enim
483 4013 795 4068 sollicitudo
839 4011 956 4066 sine
1000 4013 1263 4066 consilio?
1321 4014 1466 4068 Sane
1508 4033 1574 4068 eo
1619 4014 1738 4084 ipso
1780 4018 2044 4083 tempore,
2091 4029 2196 4082 quo
2239 4012 2433 4066 literas
2475 4013 2680 4080 accepi,
2725 4011 2782 4066 in
2822 4012 3012 4067 diffici-

298 4095 441 4150 libus
485 4095 756 4148 versabar
798 4091 1228 4164 cogitationibus
1251 4134 1265 4156 ‚
1324 4101 1639 4164 suspectam
1681 4093 1894 4147 habens
1939 4110 2147 4148 omnem
2191 4093 2334 4146 hanc
2373 4089 2784 4164 promissionem
2807 4133 2822 4158 ,
2867 4094 3011 4164 quod

296 4191 409 4228 non
449 4179 834 4228 numeraretur
874 4190 906 4225 e
947 4170 1204 4243 vestigio.

472 4254 783 4308 Numerata
840 4257 1027 4306 tamen
1085 4258 1175 4305 est
1214 4269 1289 4306 ex
1328 4249 1547 4306 dimidio
1588 4268 1661 4306 ea
1702 4267 1946 4316 summa,
2005 4255 2078 4306 de
2135 4252 2350 4322 reliquo
2401 4259 2558 4306 certa
2610 4250 2742 4305 mihi
2784 4269 2912 4322 spes
2953 4252 3012 4308 in

292 4333 574 4403 proximos
618 4333 735 4385 dies
777 4330 945 4386 facta.
1030 4331 1221 4402 Neque
1282 4337 1467 4386 tamen
1517 4331 1707 4386 desino
1748 4331 1832 4385 ita
1869 4332 2072 4386 leviter
2091 4374 2104 4396 ,
2167 4333 2297 4402 quin
2341 4349 2526 4386 omnes
2569 4331 3010 4387 circumstantias

292 4409 461 4482 hujus
504 4413 671 4481 aulae
712 4417 771 4465 et
809 4411 1182 4482 praesentium
1226 4411 1573 4482 negotiorum
1602 4411 1901 4482 diligenter
1937 4415 2264 4483 expendam.
2323 4412 2544 4466 Utinam
2581 4411 2662 4465 ita
2698 4411 2754 4464 in
2790 4417 3009 4482 promtu

293 4491 427 4546 mihi
470 4491 544 4547 sit
583 4489 773 4561 aliqua
814 4497 874 4544 et
913 4489 1278 4560 providentia.
1359 4493 1442 4545 Ac
1501 4507 1609 4562 ego
1666 4499 1765 4545 tua
1813 4492 1988 4545 verba
2039 4508 2172 4546 sane
2214 4510 2322 4547 non
2364 4498 2578 4546 tantum
2621 4498 2684 4545 ιιι
2737 4491 3007 4546 monentis

295 4571 527 4643 accipio,
570 4573 667 4625 sed
708 4569 877 4625 etiam
919 4577 981 4624 ut
1022 4571 1307 4624 consilinm
1348 4570 1663 4634 deferentis,
1707 4589 1816 4625 non
1859 4571 2111 4636 obscura,
2156 4573 2202 4626 si
2243 4571 2456 4643 quidem
2494 4572 2546 4625 id
2585 4589 2692 4643 ego
2732 4571 2830 4626 sim
2871 4589 3000 4625 con-

293 4660 575 4722 cepturus.
661 4649 845 4712 Quare
890 4649 990 4705 tibi
1032 4649 1449 4720 significandum
1490 4658 1705 4720 aperte.
1731 4657 1848 4704 est:
1909 4647 1996 4705 ine
2049 4658 2310 4722 paratum
2349 4669 2473 4706 esse
2515 4659 2576 4705 et
2616 4657 2892 4706 attentum
2935 4651 3006 4706 ad

292 4732 705 4802 percipiendum
746 4731 847 4784 abs
891 4736 947 4784 te
966 4769 983 4796 ‚
1046 4746 1282 4800 quonam
1341 4732 1498 4784 modo
1557 4732 1722 4784 rebus
1780 4729 1932 4798 meis,
1974 4731 2027 4785 in
2071 4731 2283 4786 futuros
2327 4747 2488 4786 casus
2529 4729 2833 4786 rectissime
2878 4747 3006 4801 pro-

292 4818 543 4881 spectum
570 4810 639 4865 iri
666 4823 913 4874 censeas,
956 4825 1133 4878 neque
1154 4817 1387 4866 -tantum
1424 4816 1657 4879 paratus
1694 4827 1815 4866 sum
1853 4812 1924 4866 ad
1953 4810 2298 4876 audiendum,
2341 4813 2438 4866 sed
2465 4817 2526 4865 et
2552 4813 2622 4866 ad
2651 4814 3004 4882 sequendum,

293 4904 409 4962 qua
446 4891 579 4946 mihi
616 4890 785 4954 licet,
846 4890 893 4944 si
934 4891 1077 4958 quod
1118 4889 1221 4944 tibi
1262 4907 1372 4944 ιιοιι
1412 4889 1697 4944 consilium
1738 4896 1956 4945 tantun
1973 4931 1990 4956 ,
2051 4893 2148 4944 sed
2199 4889 2454 4958 junctum
2513 4891 2782 4948 auxilium
2835 4893 2912 4947 sit
2949 4893 3008 4946 in
