<?xml version="1.0" encoding="UTF-8"?>
<!DOCTYPE html PUBLIC "-//W3C//DTD XHTML 1.0 Transitional//EN"
    "http://www.w3.org/TR/xhtml1/DTD/xhtml1-transitional.dtd">
<html xmlns="http://www.w3.org/1999/xhtml" xml:lang="en" lang="en">
 <head>
  <title>
</title>
<meta http-equiv="Content-Type" content="text/html;charset=utf-8" />
  <meta name='ocr-system' content='tesseract 3.04.00' />
  <meta name='ocr-capabilities' content='ocr_page ocr_carea ocr_par ocr_line ocrx_word'/>
</head>
<body>
  <div class='ocr_page' id='page_1' title='image "./joanniskepleria30frisgoog_0160.png"; bbox 0 0 3634 5575; ppageno 0'>
   <div class='ocr_carea' id='block_1_1' title="bbox 1586 369 3098 472">
    <p class='ocr_par' dir='ltr' id='par_1_1' title="bbox 1586 369 3098 472">
     <span class='ocr_line' id='line_1_1' title="bbox 1586 369 3098 472; baseline 0.012 -18"><span class='ocrx_word' id='word_1_1' title='bbox 1586 402 1750 468; x_wconf 74' lang='lat' dir='ltr'><strong>Caput</strong></span> <span class='ocrx_word' id='word_1_2' title='bbox 1783 403 1895 456; x_wconf 69' lang='lat' dir='ltr'><strong>xn.</strong></span> <span class='ocrx_word' id='word_1_3' title='bbox 2278 369 2291 376; x_wconf 67' lang='grc'><em>”</em></span> <span class='ocrx_word' id='word_1_4' title='bbox 2980 404 3098 472; x_wconf 85' lang='grc'><strong>141</strong></span> 
     </span>
    </p>
   </div>
   <div class='ocr_carea' id='block_1_2' title="bbox 327 559 3165 5010">
    <p class='ocr_par' dir='ltr' id='par_1_2' title="bbox 357 559 3165 2957">
     <span class='ocr_line' id='line_1_2' title="bbox 385 559 3105 642; baseline 0.003 -22"><span class='ocrx_word' id='word_1_5' title='bbox 385 559 638 638; x_wconf 87' lang='lat' dir='ltr'><strong>singulis</strong></span> <span class='ocrx_word' id='word_1_6' title='bbox 685 561 1032 642; x_wconf 80' lang='lat' dir='ltr'>corporibus</span> <span class='ocrx_word' id='word_1_7' title='bbox 1081 563 1630 636; x_wconf 84' lang='lat' dir='ltr'><strong>accommodentur,</strong></span> <span class='ocrx_word' id='word_1_8' title='bbox 1693 581 1810 626; x_wconf 92' lang='lat' dir='ltr'><strong>non</strong></span> <span class='ocrx_word' id='word_1_9' title='bbox 1870 563 1959 624; x_wconf 89' lang='lat' dir='ltr'><strong>ita</strong></span> <span class='ocrx_word' id='word_1_10' title='bbox 2013 563 2070 625; x_wconf 95' lang='lat' dir='ltr'><strong>in</strong></span> <span class='ocrx_word' id='word_1_11' title='bbox 2128 571 2367 642; x_wconf 85' lang='lat' dir='ltr'><strong>promtu</strong></span> <span class='ocrx_word' id='word_1_12' title='bbox 2415 573 2531 628; x_wconf 86' lang='lat' dir='ltr'><strong>est.</strong></span> <span class='ocrx_word' id='word_1_13' title='bbox 2564 567 2615 640; x_wconf 84' lang='lat'><strong>⁸)</strong></span> <span class='ocrx_word' id='word_1_14' title='bbox 2706 565 2864 628; x_wconf 86' lang='lat' dir='ltr'><strong>Illud</strong></span> <span class='ocrx_word' id='word_1_15' title='bbox 2912 566 3105 630; x_wconf 89' lang='lat' dir='ltr'><strong>solum</strong></span> 
     </span>
     <span class='ocr_line' id='line_1_3' title="bbox 383 650 3099 734; baseline 0.002 -24"><span class='ocrx_word' id='word_1_16' title='bbox 383 655 574 728; x_wconf 80' lang='lat' dir='ltr'><strong>patet.</strong></span> <span class='ocrx_word' id='word_1_17' title='bbox 624 650 921 732; x_wconf 74' lang='lat' dir='ltr'><strong>pyramidi</strong></span> <span class='ocrx_word' id='word_1_18' title='bbox 969 650 1175 712; x_wconf 88' lang='lat' dir='ltr'><strong>deberi</strong></span> <span class='ocrx_word' id='word_1_19' title='bbox 1223 650 1610 727; x_wconf 81' lang='lat' dir='ltr'><strong>harmoniam,</strong></span> <span class='ocrx_word' id='word_1_20' title='bbox 1661 671 1839 733; x_wconf 89' lang='lat' dir='ltr'><strong>qnam</strong></span> <span class='ocrx_word' id='word_1_21' title='bbox 1870 653 2139 732; x_wconf 82' lang='lat' dir='ltr'><strong>quintam</strong></span> <span class='ocrx_word' id='word_1_22' title='bbox 2168 653 2393 726; x_wconf 85' lang='lat' dir='ltr'><strong>dicunt,</strong></span> <span class='ocrx_word' id='word_1_23' title='bbox 2443 661 2721 734; x_wconf 77' lang='lat' dir='ltr'><strong>quartam</strong></span> <span class='ocrx_word' id='word_1_24' title='bbox 2767 654 2827 716; x_wconf 92' lang='lat' dir='ltr'><strong>in</strong></span> <span class='ocrx_word' id='word_1_25' title='bbox 2875 655 3099 732; x_wconf 80' lang='lat' dir='ltr'>ordine,</span> 
     </span>
     <span class='ocr_line' id='line_1_4' title="bbox 385 733 3103 826; baseline 0.003 -29"><span class='ocrx_word' id='word_1_26' title='bbox 385 737 525 818; x_wconf 90' lang='lat' dir='ltr'><strong>quia</strong></span> <span class='ocrx_word' id='word_1_27' title='bbox 571 738 628 799; x_wconf 90' lang='lat' dir='ltr'><strong>in</strong></span> <span class='ocrx_word' id='word_1_28' title='bbox 678 758 754 800; x_wconf 88' lang='lat' dir='ltr'><strong>ea</strong></span> <span class='ocrx_word' id='word_1_29' title='bbox 807 740 1000 802; x_wconf 89' lang='lat' dir='ltr'><strong>minor</strong></span> <span class='ocrx_word' id='word_1_30' title='bbox 1061 739 1258 819; x_wconf 90' lang='lat' dir='ltr'><strong>portio</strong></span> <span class='ocrx_word' id='word_1_31' title='bbox 1326 749 1422 802; x_wconf 84' lang='lat' dir='ltr'><strong>est</strong></span> <span class='ocrx_word' id='word_1_32' title='bbox 1483 733 1540 822; x_wconf 69' lang='grc' dir='ltr'><strong>Ἰ,</strong></span> <span class='ocrx_word' id='word_1_33' title='bbox 1601 759 1746 820; x_wconf 85' lang='lat' dir='ltr'><strong>pars</strong></span> <span class='ocrx_word' id='word_1_34' title='bbox 1799 741 2107 820; x_wconf 79' lang='lat' dir='ltr'><strong>integrae,</strong></span> <span class='ocrx_word' id='word_1_35' title='bbox 2174 741 2334 804; x_wconf 89' lang='lat' dir='ltr'><strong>sicut</strong></span> <span class='ocrx_word' id='word_1_36' title='bbox 2389 742 2549 802; x_wconf 90' lang='lat' dir='ltr'><strong>latus</strong></span> <span class='ocrx_word' id='word_1_37' title='bbox 2608 742 2890 824; x_wconf 74' lang='lat' dir='ltr'><strong>trianguli</strong></span> <span class='ocrx_word' id='word_1_38' title='bbox 2948 746 3103 826; x_wconf 81' lang='lat' dir='ltr'><strong>(quo</strong></span> 
     </span>
     <span class='ocr_line' id='line_1_5' title="bbox 379 824 3103 912; baseline 0.003 -25"><span class='ocrx_word' id='word_1_39' title='bbox 379 827 645 906; x_wconf 83' lang='lat' dir='ltr'><strong>pyramis</strong></span> <span class='ocrx_word' id='word_1_40' title='bbox 693 827 909 903; x_wconf 89' lang='lat' dir='ltr'><strong>utitur)</strong></span> <span class='ocrx_word' id='word_1_41' title='bbox 957 828 1266 891; x_wconf 90' lang='lat' dir='ltr'><strong>subtendit</strong></span> <span class='ocrx_word' id='word_1_42' title='bbox 1329 824 1387 912; x_wconf 72' lang='grc' dir='ltr'><strong>Ἰ,</strong></span> <span class='ocrx_word' id='word_1_43' title='bbox 1450 829 1673 894; x_wconf 86' lang='lat' dir='ltr'><strong>circuli.</strong></span> <span class='ocrx_word' id='word_1_44' title='bbox 1705 831 1750 903; x_wconf 73' lang='lat'><strong>¹)</strong></span> <span class='ocrx_word' id='word_1_45' title='bbox 1846 831 1975 891; x_wconf 84' lang='lat' dir='ltr'><strong>Hoc</strong></span> <span class='ocrx_word' id='word_1_46' title='bbox 2031 830 2207 910; x_wconf 83' lang='lat' dir='ltr'><strong>plura</strong></span> <span class='ocrx_word' id='word_1_47' title='bbox 2263 830 2421 892; x_wconf 85' lang='lat' dir='ltr'><strong>infra</strong></span> <span class='ocrx_word' id='word_1_48' title='bbox 2474 831 2939 908; x_wconf 84' lang='lat' dir='ltr'><strong>confirmabunt,</strong></span> <span class='ocrx_word' id='word_1_49' title='bbox 3001 831 3103 894; x_wconf 94' lang='lat' dir='ltr'><strong>ubi</strong></span> 
     </span>
     <span class='ocr_line' id='line_1_6' title="bbox 381 917 3097 1000; baseline 0.002 -24"><span class='ocrx_word' id='word_1_50' title='bbox 381 917 456 976; x_wconf 91' lang='lat' dir='ltr'><strong>de</strong></span> <span class='ocrx_word' id='word_1_51' title='bbox 505 917 854 996; x_wconf 80' lang='lat' dir='ltr'><strong>aspectibus</strong></span> <span class='ocrx_word' id='word_1_52' title='bbox 904 935 1170 996; x_wconf 87' lang='lat' dir='ltr'><strong>agemus,</strong></span> <span class='ocrx_word' id='word_1_53' title='bbox 1223 937 1375 998; x_wconf 90' lang='lat' dir='ltr'><strong>quae</strong></span> <span class='ocrx_word' id='word_1_54' title='bbox 1414 926 1480 981; x_wconf 91' lang='lat' dir='ltr'><strong>ut</strong></span> <span class='ocrx_word' id='word_1_55' title='bbox 1515 919 1610 980; x_wconf 87' lang='lat' dir='ltr'><strong>hic</strong></span> <span class='ocrx_word' id='word_1_56' title='bbox 1641 919 1827 980; x_wconf 91' lang='lat' dir='ltr'><strong>etiam</strong></span> <span class='ocrx_word' id='word_1_57' title='bbox 1856 917 2285 998; x_wconf 79' lang='lat' dir='ltr'><strong>intelligamuS,</strong></span> <span class='ocrx_word' id='word_1_58' title='bbox 2334 918 2570 980; x_wconf 89' lang='lat' dir='ltr'><strong>omnino</strong></span> <span class='ocrx_word' id='word_1_59' title='bbox 2610 920 2697 980; x_wconf 91' lang='lat' dir='ltr'><strong>ita</strong></span> <span class='ocrx_word' id='word_1_60' title='bbox 2743 921 3097 1000; x_wconf 72' lang='lat' dir='ltr'><strong>cogitemus„</strong></span> 
     </span>
     <span class='ocr_line' id='line_1_7' title="bbox 379 1005 3099 1087; baseline 0.002 -23"><span class='ocrx_word' id='word_1_61' title='bbox 379 1005 556 1084; x_wconf 87' lang='lat' dir='ltr'><strong>quasi</strong></span> <span class='ocrx_word' id='word_1_62' title='bbox 601 1005 752 1068; x_wconf 85' lang='lat' dir='ltr'><strong>fides</strong></span> <span class='ocrx_word' id='word_1_63' title='bbox 798 1007 884 1068; x_wconf 87' lang='lat' dir='ltr'><strong>sit</strong></span> <span class='ocrx_word' id='word_1_64' title='bbox 927 1025 1042 1068; x_wconf 91' lang='lat' dir='ltr'><strong>non</strong></span> <span class='ocrx_word' id='word_1_65' title='bbox 1093 1015 1273 1069; x_wconf 80' lang='lat' dir='ltr'><strong>recta·</strong></span> <span class='ocrx_word' id='word_1_66' title='bbox 1308 1008 1486 1080; x_wconf 90' lang='lat' dir='ltr'><strong>linea,</strong></span> <span class='ocrx_word' id='word_1_67' title='bbox 1535 1008 1642 1069; x_wconf 89' lang='lat' dir='ltr'><strong>sed</strong></span> <span class='ocrx_word' id='word_1_68' title='bbox 1690 1007 1967 1070; x_wconf 88' lang='lat' dir='ltr'><strong>circulus.</strong></span> <span class='ocrx_word' id='word_1_69' title='bbox 2042 1007 2233 1070; x_wconf 85' lang='lat' dir='ltr'><strong>Dabit</strong></span> <span class='ocrx_word' id='word_1_70' title='bbox 2280 1007 2463 1087; x_wconf 84' lang='lat' dir='ltr'><strong>igitur</strong></span> <span class='ocrx_word' id='word_1_71' title='bbox 2500 1008 2715 1070; x_wconf 77' lang='lat' dir='ltr'><strong>divisio</strong></span> <span class='ocrx_word' id='word_1_72' title='bbox 2752 1009 3099 1072; x_wconf 86' lang='lat' dir='ltr'><strong>harmoniae</strong></span> 
     </span>
     <span class='ocr_line' id='line_1_8' title="bbox 377 1093 3099 1180; baseline 0.003 -26"><span class='ocrx_word' id='word_1_73' title='bbox 377 1093 578 1156; x_wconf 87' lang='lat' dir='ltr'><strong>dictae</strong></span> <span class='ocrx_word' id='word_1_74' title='bbox 625 1095 990 1176; x_wconf 88' lang='lat' dir='ltr'><strong>triangulum</strong></span> <span class='ocrx_word' id='word_1_75' title='bbox 1035 1095 1095 1158; x_wconf 85' lang='lat' dir='ltr'><strong>in</strong></span> <span class='ocrx_word' id='word_1_76' title='bbox 1145 1115 1260 1176; x_wconf 89' lang='lat' dir='ltr'><strong>quo</strong></span> <span class='ocrx_word' id='word_1_77' title='bbox 1308 1096 1562 1175; x_wconf 81' lang='lat' dir='ltr'><strong>angulus</strong></span> <span class='ocrx_word' id='word_1_78' title='bbox 1622 1097 1800 1158; x_wconf 88' lang='lat' dir='ltr'><strong>lateri</strong></span> <span class='ocrx_word' id='word_1_79' title='bbox 1862 1097 2223 1177; x_wconf 76' lang='lat' dir='ltr'><strong>opponitur,</strong></span> <span class='ocrx_word' id='word_1_80' title='bbox 2287 1097 2466 1174; x_wconf 89' lang='lat' dir='ltr'><strong>plane</strong></span> <span class='ocrx_word' id='word_1_81' title='bbox 2532 1105 2599 1157; x_wconf 90' lang='lat' dir='ltr'><strong>ut</strong></span> <span class='ocrx_word' id='word_1_82' title='bbox 2662 1097 2720 1158; x_wconf 92' lang='lat' dir='ltr'><strong>in</strong></span> <span class='ocrx_word' id='word_1_83' title='bbox 2786 1099 3099 1180; x_wconf 78' lang='lat' dir='ltr'><strong>pyramide</strong></span> 
     </span>
     <span class='ocr_line' id='line_1_9' title="bbox 375 1183 3165 1266; baseline 0.002 -22"><span class='ocrx_word' id='word_1_84' title='bbox 375 1183 634 1261; x_wconf 81' lang='lat' dir='ltr'><strong>angulus</strong></span> <span class='ocrx_word' id='word_1_85' title='bbox 680 1185 884 1263; x_wconf 88' lang='lat' dir='ltr'><strong>plano.</strong></span> <span class='ocrx_word' id='word_1_86' title='bbox 967 1184 1313 1249; x_wconf 87' lang='lat' dir='ltr'><strong>Remanent</strong></span> <span class='ocrx_word' id='word_1_87' title='bbox 1359 1184 1542 1266; x_wconf 85' lang='lat' dir='ltr'><strong>igitur</strong></span> <span class='ocrx_word' id='word_1_88' title='bbox 1586 1184 1740 1247; x_wconf 92' lang='lat' dir='ltr'><strong>cubo</strong></span> <span class='ocrx_word' id='word_1_89' title='bbox 1790 1193 1855 1246; x_wconf 93' lang='lat' dir='ltr'><strong>et</strong></span> <span class='ocrx_word' id='word_1_90' title='bbox 1899 1185 2187 1249; x_wconf 70' lang='lat' dir='ltr'><strong>octaedro</strong></span> <span class='ocrx_word' id='word_1_91' title='bbox 2236 1194 2459 1246; x_wconf 87' lang='lat' dir='ltr'><strong>octava</strong></span> <span class='ocrx_word' id='word_1_92' title='bbox 2505 1195 2569 1246; x_wconf 90' lang='lat' dir='ltr'><strong>et</strong></span> <span class='ocrx_word' id='word_1_93' title='bbox 2614 1197 2831 1266; x_wconf 89' lang='lat' dir='ltr'><strong>quarta</strong></span> <span class='ocrx_word' id='word_1_94' title='bbox 2878 1188 3094 1265; x_wconf 88' lang='lat' dir='ltr'><strong>dictae,</strong></span> <span class='ocrx_word' id='word_1_95' title='bbox 3150 1193 3165 1205; x_wconf 80' lang='grc'><strong><em>’</em></strong></span> 
     </span>
     <span class='ocr_line' id='line_1_10' title="bbox 375 1271 3097 1353; baseline 0.002 -21"><span class='ocrx_word' id='word_1_96' title='bbox 375 1271 564 1334; x_wconf 85' lang='lat' dir='ltr'><strong>tertia</strong></span> <span class='ocrx_word' id='word_1_97' title='bbox 609 1279 674 1334; x_wconf 91' lang='lat' dir='ltr'><strong>et</strong></span> <span class='ocrx_word' id='word_1_98' title='bbox 719 1274 980 1353; x_wconf 83' lang='lat' dir='ltr'><strong>septima</strong></span> <span class='ocrx_word' id='word_1_99' title='bbox 1023 1275 1082 1336; x_wconf 90' lang='lat' dir='ltr'><strong>in</strong></span> <span class='ocrx_word' id='word_1_100' title='bbox 1130 1274 1359 1339; x_wconf 86' lang='lat' dir='ltr'><strong>ordine.</strong></span> <span class='ocrx_word' id='word_1_101' title='bbox 1452 1273 1578 1338; x_wconf 87' lang='lat' dir='ltr'><strong>Sed</strong></span> <span class='ocrx_word' id='word_1_102' title='bbox 1633 1283 1833 1338; x_wconf 89' lang='lat' dir='ltr'><strong>utrum</strong></span> <span class='ocrx_word' id='word_1_103' title='bbox 1888 1293 2092 1336; x_wconf 90' lang='lat' dir='ltr'><strong>eorum</strong></span> <span class='ocrx_word' id='word_1_104' title='bbox 2148 1283 2343 1337; x_wconf 88' lang='lat' dir='ltr'><strong>utram</strong></span> <span class='ocrx_word' id='word_1_105' title='bbox 2400 1273 2772 1336; x_wconf 85' lang='lat' dir='ltr'><strong>harmoniam</strong></span> <span class='ocrx_word' id='word_1_106' title='bbox 2818 1276 3097 1338; x_wconf 85' lang='lat' dir='ltr'><strong>tenebit?</strong></span> 
     </span>
     <span class='ocr_line' id='line_1_11' title="bbox 375 1361 3093 1444; baseline 0.002 -23"><span class='ocrx_word' id='word_1_107' title='bbox 375 1369 574 1423; x_wconf 87' lang='lat' dir='ltr'><strong>utrum</strong></span> <span class='ocrx_word' id='word_1_108' title='bbox 619 1361 887 1426; x_wconf 81' lang='lat' dir='ltr'><strong>dicemus</strong></span> <span class='ocrx_word' id='word_1_109' title='bbox 935 1363 1291 1425; x_wconf 86' lang='lat' dir='ltr'><strong>secundaria</strong></span> <span class='ocrx_word' id='word_1_110' title='bbox 1339 1363 1604 1443; x_wconf 89' lang='lat' dir='ltr'><strong>recipere</strong></span> <span class='ocrx_word' id='word_1_111' title='bbox 1651 1382 1784 1438; x_wconf 87' lang='lat' dir='ltr'><strong>eas,</strong></span> <span class='ocrx_word' id='word_1_112' title='bbox 1848 1383 2002 1443; x_wconf 90' lang='lat' dir='ltr'><strong>quae</strong></span> <span class='ocrx_word' id='word_1_113' title='bbox 2060 1365 2251 1425; x_wconf 84' lang='lat' dir='ltr'><strong>lineas</strong></span> <span class='ocrx_word' id='word_1_114' title='bbox 2308 1363 2611 1438; x_wconf 82' lang='lat' dir='ltr'><strong>scribant,</strong></span> <span class='ocrx_word' id='word_1_115' title='bbox 2671 1372 2737 1425; x_wconf 90' lang='lat' dir='ltr'><strong>et</strong></span> <span class='ocrx_word' id='word_1_116' title='bbox 2790 1365 3093 1444; x_wconf 85' lang='lat' dir='ltr'><strong>primaria,</strong></span> 
     </span>
     <span class='ocr_line' id='line_1_12' title="bbox 373 1451 3095 1532; baseline 0.003 -22"><span class='ocrx_word' id='word_1_117' title='bbox 373 1467 526 1528; x_wconf 90' lang='lat' dir='ltr'><strong>quae</strong></span> <span class='ocrx_word' id='word_1_118' title='bbox 571 1451 840 1529; x_wconf 85' lang='lat' dir='ltr'><strong>figuras?</strong></span> <span class='ocrx_word' id='word_1_119' title='bbox 869 1453 928 1524; x_wconf 79' lang='lat'><strong>¹¹)</strong></span> <span class='ocrx_word' id='word_1_120' title='bbox 978 1459 1105 1512; x_wconf 88' lang='lat' dir='ltr'><strong>tum</strong></span> <span class='ocrx_word' id='word_1_121' title='bbox 1151 1453 1304 1515; x_wconf 89' lang='lat' dir='ltr'><strong>cubo</strong></span> <span class='ocrx_word' id='word_1_122' title='bbox 1353 1452 1667 1514; x_wconf 86' lang='lat' dir='ltr'><strong>debebitur</strong></span> <span class='ocrx_word' id='word_1_123' title='bbox 1705 1461 1921 1532; x_wconf 86' lang='lat' dir='ltr'><strong>quarta</strong></span> <span class='ocrx_word' id='word_1_124' title='bbox 1958 1453 2142 1515; x_wconf 86' lang='lat' dir='ltr'><strong>dicta.</strong></span> <span class='ocrx_word' id='word_1_125' title='bbox 2218 1452 2377 1514; x_wconf 89' lang='lat' dir='ltr'><strong>Nam</strong></span> <span class='ocrx_word' id='word_1_126' title='bbox 2428 1451 2479 1513; x_wconf 90' lang='lat' dir='ltr'><strong>si</strong></span> <span class='ocrx_word' id='word_1_127' title='bbox 2528 1471 2603 1513; x_wconf 87' lang='lat' dir='ltr'><strong>ex</strong></span> <span class='ocrx_word' id='word_1_128' title='bbox 2647 1453 2762 1514; x_wconf 89' lang='lat' dir='ltr'><strong>fide</strong></span> <span class='ocrx_word' id='word_1_129' title='bbox 2811 1452 3095 1516; x_wconf 89' lang='lat' dir='ltr'><strong>circulum</strong></span> 
     </span>
     <span class='ocr_line' id='line_1_13' title="bbox 375 1538 3093 1622; baseline 0.003 -24"><span class='ocrx_word' id='word_1_130' title='bbox 375 1538 564 1600; x_wconf 82' lang='lat' dir='ltr'><strong>facias</strong></span> <span class='ocrx_word' id='word_1_131' title='bbox 613 1547 678 1600; x_wconf 91' lang='lat' dir='ltr'><strong>et</strong></span> <span class='ocrx_word' id='word_1_132' title='bbox 721 1559 798 1602; x_wconf 87' lang='lat' dir='ltr'><strong>ex</strong></span> <span class='ocrx_word' id='word_1_133' title='bbox 843 1560 960 1603; x_wconf 91' lang='lat' dir='ltr'><strong>una</strong></span> <span class='ocrx_word' id='word_1_134' title='bbox 1008 1550 1224 1621; x_wconf 90' lang='lat' dir='ltr'><strong>quarta</strong></span> <span class='ocrx_word' id='word_1_135' title='bbox 1268 1549 1499 1604; x_wconf 84' lang='lat' dir='ltr'><strong>rectam</strong></span> <span class='ocrx_word' id='word_1_136' title='bbox 1545 1560 1734 1622; x_wconf 91' lang='lat' dir='ltr'><strong>usque</strong></span> <span class='ocrx_word' id='word_1_137' title='bbox 1774 1541 1957 1602; x_wconf 87' lang='lat' dir='ltr'><strong>aliam</strong></span> <span class='ocrx_word' id='word_1_138' title='bbox 1987 1542 2173 1603; x_wconf 90' lang='lat' dir='ltr'><strong>ducas</strong></span> <span class='ocrx_word' id='word_1_139' title='bbox 2203 1541 2451 1612; x_wconf 88' lang='lat' dir='ltr'><strong>tamdiu,</strong></span> <span class='ocrx_word' id='word_1_140' title='bbox 2499 1540 2689 1603; x_wconf 91' lang='lat' dir='ltr'><strong>donec</strong></span> <span class='ocrx_word' id='word_1_141' title='bbox 2734 1542 2793 1603; x_wconf 91' lang='lat' dir='ltr'><strong>in</strong></span> <span class='ocrx_word' id='word_1_142' title='bbox 2840 1542 3093 1621; x_wconf 90' lang='lat' dir='ltr'><strong>primum</strong></span> 
     </span>
     <span class='ocr_line' id='line_1_14' title="bbox 371 1629 3092 1710; baseline 0.003 -23"><span class='ocrx_word' id='word_1_143' title='bbox 371 1633 656 1706; x_wconf 88' lang='lat' dir='ltr'><strong>punctum</strong></span> <span class='ocrx_word' id='word_1_144' title='bbox 721 1630 974 1702; x_wconf 81' lang='lat' dir='ltr'><strong>redeas,</strong></span> <span class='ocrx_word' id='word_1_145' title='bbox 1041 1631 1148 1692; x_wconf 81' lang='lat' dir='ltr'><strong>fiet</strong></span> <span class='ocrx_word' id='word_1_146' title='bbox 1211 1629 1721 1710; x_wconf 87' lang='lat' dir='ltr'><strong>quadrangulum,</strong></span> <span class='ocrx_word' id='word_1_147' title='bbox 1791 1632 1966 1710; x_wconf 82' lang='lat' dir='ltr'><strong>quale</strong></span> <span class='ocrx_word' id='word_1_148' title='bbox 2031 1630 2272 1709; x_wconf 88' lang='lat' dir='ltr'><strong>planum</strong></span> <span class='ocrx_word' id='word_1_149' title='bbox 2340 1629 2525 1691; x_wconf 88' lang='lat' dir='ltr'><strong>etiam</strong></span> <span class='ocrx_word' id='word_1_150' title='bbox 2590 1630 2775 1692; x_wconf 88' lang='lat' dir='ltr'><strong>cubus</strong></span> <span class='ocrx_word' id='word_1_151' title='bbox 2836 1631 3092 1694; x_wconf 87' lang='lat' dir='ltr'><strong>obtinet.</strong></span> 
     </span>
     <span class='ocr_line' id='line_1_15' title="bbox 373 1713 3093 1800; baseline 0.003 -24"><span class='ocrx_word' id='word_1_152' title='bbox 373 1713 604 1778; x_wconf 85' lang='lat' dir='ltr'><strong>Contra</strong></span> <span class='ocrx_word' id='word_1_153' title='bbox 651 1720 938 1780; x_wconf 70' lang='lat' dir='ltr'><strong>octaedro</strong></span> <span class='ocrx_word' id='word_1_154' title='bbox 987 1718 1306 1780; x_wconf 85' lang='lat' dir='ltr'><strong>debebitur</strong></span> <span class='ocrx_word' id='word_1_155' title='bbox 1353 1727 1592 1794; x_wconf 85' lang='lat' dir='ltr'><strong>octava,</strong></span> <span class='ocrx_word' id='word_1_156' title='bbox 1642 1738 1796 1800; x_wconf 89' lang='lat' dir='ltr'><strong>quae</strong></span> <span class='ocrx_word' id='word_1_157' title='bbox 1846 1728 1943 1780; x_wconf 88' lang='lat' dir='ltr'><strong>est</strong></span> <span class='ocrx_word' id='word_1_158' title='bbox 1988 1718 2269 1780; x_wconf 85' lang='lat' dir='ltr'><strong>dimidiae</strong></span> <span class='ocrx_word' id='word_1_159' title='bbox 2318 1718 2473 1782; x_wconf 80' lang='lat' dir='ltr'><strong>fidis.</strong></span> <span class='ocrx_word' id='word_1_160' title='bbox 2556 1717 2715 1782; x_wconf 84' lang='lat' dir='ltr'><strong>Nam</strong></span> <span class='ocrx_word' id='word_1_161' title='bbox 2763 1719 2823 1782; x_wconf 91' lang='lat' dir='ltr'><strong>in</strong></span> <span class='ocrx_word' id='word_1_162' title='bbox 2872 1719 3093 1784; x_wconf 89' lang='lat' dir='ltr'><strong>circulo</strong></span> 
     </span>
     <span class='ocr_line' id='line_1_16' title="bbox 371 1805 3094 1888; baseline 0.002 -23"><span class='ocrx_word' id='word_1_163' title='bbox 371 1805 584 1867; x_wconf 88' lang='lat' dir='ltr'><strong>ductus</strong></span> <span class='ocrx_word' id='word_1_164' title='bbox 647 1807 728 1868; x_wconf 83' lang='lat' dir='ltr'><strong>ad</strong></span> <span class='ocrx_word' id='word_1_165' title='bbox 791 1807 1098 1870; x_wconf 86' lang='lat' dir='ltr'><strong>dimidiam</strong></span> <span class='ocrx_word' id='word_1_166' title='bbox 1154 1815 1218 1870; x_wconf 89' lang='lat' dir='ltr'><strong>et</strong></span> <span class='ocrx_word' id='word_1_167' title='bbox 1263 1808 1340 1869; x_wconf 92' lang='lat' dir='ltr'><strong>ad</strong></span> <span class='ocrx_word' id='word_1_168' title='bbox 1387 1808 1545 1868; x_wconf 92' lang='lat' dir='ltr'><strong>idem</strong></span> <span class='ocrx_word' id='word_1_169' title='bbox 1591 1815 1879 1888; x_wconf 89' lang='lat' dir='ltr'><strong>punctum</strong></span> <span class='ocrx_word' id='word_1_170' title='bbox 1928 1807 2078 1870; x_wconf 85' lang='lat' dir='ltr'><strong>facit</strong></span> <span class='ocrx_word' id='word_1_171' title='bbox 2124 1807 2205 1868; x_wconf 91' lang='lat' dir='ltr'><strong>nil</strong></span> <span class='ocrx_word' id='word_1_172' title='bbox 2254 1807 2370 1869; x_wconf 91' lang='lat' dir='ltr'><strong>uisi</strong></span> <span class='ocrx_word' id='word_1_173' title='bbox 2416 1807 2658 1869; x_wconf 86' lang='lat' dir='ltr'><strong>lineam.</strong></span> <span class='ocrx_word' id='word_1_174' title='bbox 2752 1806 2855 1871; x_wconf 88' lang='lat' dir='ltr'><strong>Sic</strong></span> <span class='ocrx_word' id='word_1_175' title='bbox 2903 1808 3094 1870; x_wconf 89' lang='lat' dir='ltr'><strong>dode-</strong></span> 
     </span>
     <span class='ocr_line' id='line_1_17' title="bbox 367 1895 3092 1978; baseline 0.003 -25"><span class='ocrx_word' id='word_1_176' title='bbox 367 1895 588 1956; x_wconf 68' lang='lat' dir='ltr'><strong>caedro</strong></span> <span class='ocrx_word' id='word_1_177' title='bbox 635 1896 954 1959; x_wconf 86' lang='lat' dir='ltr'><strong>debebitur</strong></span> <span class='ocrx_word' id='word_1_178' title='bbox 997 1897 1159 1975; x_wconf 89' lang='lat' dir='ltr'><strong>prior</strong></span> <span class='ocrx_word' id='word_1_179' title='bbox 1202 1896 1560 1976; x_wconf 84' lang='lat' dir='ltr'><strong>imperfecta</strong></span> <span class='ocrx_word' id='word_1_180' title='bbox 1606 1897 1847 1975; x_wconf 82' lang='lat' dir='ltr'><strong>duplex.</strong></span> <span class='ocrx_word' id='word_1_181' title='bbox 1940 1897 2101 1958; x_wconf 86' lang='lat' dir='ltr'><strong>Nam</strong></span> <span class='ocrx_word' id='word_1_182' title='bbox 2158 1896 2373 1958; x_wconf 89' lang='lat' dir='ltr'><strong>ductus</strong></span> <span class='ocrx_word' id='word_1_183' title='bbox 2428 1915 2538 1976; x_wconf 88' lang='lat' dir='ltr'><strong>per</strong></span> <span class='ocrx_word' id='word_1_184' title='bbox 2584 1895 2827 1978; x_wconf 88' lang='lat' dir='ltr'><strong>quintas</strong></span> <span class='ocrx_word' id='word_1_185' title='bbox 2876 1905 2939 1960; x_wconf 90' lang='lat' dir='ltr'><strong>et</strong></span> <span class='ocrx_word' id='word_1_186' title='bbox 2984 1916 3092 1978; x_wconf 86' lang='lat' dir='ltr'><strong>per</strong></span> 
     </span>
     <span class='ocr_line' id='line_1_18' title="bbox 365 1983 3089 2066; baseline 0.002 -24"><span class='ocrx_word' id='word_1_187' title='bbox 365 1991 576 2045; x_wconf 83' lang='lat' dir='ltr'><strong>sextas</strong></span> <span class='ocrx_word' id='word_1_188' title='bbox 623 1985 832 2048; x_wconf 89' lang='lat' dir='ltr'><strong>circuli</strong></span> <span class='ocrx_word' id='word_1_189' title='bbox 879 1983 1108 2048; x_wconf 88' lang='lat' dir='ltr'><strong>faciunt</strong></span> <span class='ocrx_word' id='word_1_190' title='bbox 1153 1986 1662 2066; x_wconf 83' lang='lat' dir='ltr'><strong>quinquangulum</strong></span> <span class='ocrx_word' id='word_1_191' title='bbox 1710 1993 1774 2046; x_wconf 88' lang='lat' dir='ltr'><strong>et</strong></span> <span class='ocrx_word' id='word_1_192' title='bbox 1817 1986 2232 2065; x_wconf 86' lang='lat' dir='ltr'><strong>sexangulum.</strong></span> <span class='ocrx_word' id='word_1_193' title='bbox 2322 1983 2610 2047; x_wconf 81' lang='lat' dir='ltr'><strong>Restabit</strong></span> <span class='ocrx_word' id='word_1_194' title='bbox 2655 1985 2838 2064; x_wconf 86' lang='lat' dir='ltr'><strong>igitur</strong></span> <span class='ocrx_word' id='word_1_195' title='bbox 2884 1987 3089 2049; x_wconf 90' lang='lat' dir='ltr'><strong>icosa-</strong></span> 
     </span>
     <span class='ocr_line' id='line_1_19' title="bbox 365 2072 3088 2160; baseline 0.002 -28"><span class='ocrx_word' id='word_1_196' title='bbox 365 2072 510 2133; x_wconf 72' lang='lat' dir='ltr'><strong>edro</strong></span> <span class='ocrx_word' id='word_1_197' title='bbox 555 2075 856 2153; x_wconf 79' lang='lat' dir='ltr'><strong>posterior</strong></span> <span class='ocrx_word' id='word_1_198' title='bbox 901 2074 1258 2155; x_wconf 86' lang='lat' dir='ltr'><strong>imperfecta</strong></span> <span class='ocrx_word' id='word_1_199' title='bbox 1305 2075 1547 2153; x_wconf 84' lang='lat' dir='ltr'><strong>duplex,</strong></span> <span class='ocrx_word' id='word_1_200' title='bbox 1596 2073 1738 2154; x_wconf 83' lang='lat' dir='ltr'><strong>quia</strong></span> <span class='ocrx_word' id='word_1_201' title='bbox 1783 2074 2001 2142; x_wconf 78' lang='lat' dir='ltr'><strong>ductus</strong></span> <span class='ocrx_word' id='word_1_202' title='bbox 2046 2093 2154 2155; x_wconf 91' lang='lat' dir='ltr'><strong>per</strong></span> <span class='ocrx_word' id='word_1_203' title='bbox 2200 2073 2352 2135; x_wconf 88' lang='lat' dir='ltr'><strong>duas</strong></span> <span class='ocrx_word' id='word_1_204' title='bbox 2399 2074 2641 2154; x_wconf 89' lang='lat' dir='ltr'><strong>quintas</strong></span> <span class='ocrx_word' id='word_1_205' title='bbox 2686 2075 2933 2160; x_wconf 66' lang='lat' dir='ltr'><strong>repetiti</strong></span> <span class='ocrx_word' id='word_1_206' title='bbox 2981 2096 3088 2138; x_wconf 88' lang='lat' dir='ltr'><strong>us-</strong></span> 
     </span>
     <span class='ocr_line' id='line_1_20' title="bbox 363 2161 3088 2244; baseline 0.003 -26"><span class='ocrx_word' id='word_1_207' title='bbox 363 2179 477 2240; x_wconf 88' lang='lat' dir='ltr'><strong>que</strong></span> <span class='ocrx_word' id='word_1_208' title='bbox 525 2161 582 2224; x_wconf 89' lang='lat' dir='ltr'><strong>in</strong></span> <span class='ocrx_word' id='word_1_209' title='bbox 647 2162 804 2226; x_wconf 88' lang='lat' dir='ltr'><strong>idem</strong></span> <span class='ocrx_word' id='word_1_210' title='bbox 865 2173 1150 2244; x_wconf 86' lang='lat' dir='ltr'><strong>punctum</strong></span> <span class='ocrx_word' id='word_1_211' title='bbox 1218 2161 1448 2224; x_wconf 85' lang='lat' dir='ltr'><strong>faciunt</strong></span> <span class='ocrx_word' id='word_1_212' title='bbox 1513 2171 1750 2224; x_wconf 90' lang='lat' dir='ltr'><strong>tantum</strong></span> <span class='ocrx_word' id='word_1_213' title='bbox 1815 2163 2026 2224; x_wconf 89' lang='lat' dir='ltr'><strong>lineas.</strong></span> <span class='ocrx_word' id='word_1_214' title='bbox 2057 2163 2114 2237; x_wconf 75' lang='lat'><strong>&#39;)</strong></span> <span class='ocrx_word' id='word_1_215' title='bbox 2206 2161 2312 2224; x_wconf 88' lang='lat' dir='ltr'><strong>Sic</strong></span> <span class='ocrx_word' id='word_1_216' title='bbox 2380 2171 2442 2224; x_wconf 91' lang='lat' dir='ltr'><strong>et</strong></span> <span class='ocrx_word' id='word_1_217' title='bbox 2506 2162 2721 2224; x_wconf 90' lang='lat' dir='ltr'><strong>ductus</strong></span> <span class='ocrx_word' id='word_1_218' title='bbox 2785 2182 2894 2243; x_wconf 88' lang='lat' dir='ltr'><strong>per</strong></span> <span class='ocrx_word' id='word_1_219' title='bbox 2964 2174 3088 2226; x_wconf 91' lang='lat' dir='ltr'><strong>tres</strong></span> 
     </span>
     <span class='ocr_line' id='line_1_21' title="bbox 363 2250 3087 2333; baseline 0.001 -21"><span class='ocrx_word' id='word_1_220' title='bbox 363 2258 634 2314; x_wconf 85' lang='lat' dir='ltr'><strong>octavas.</strong></span> <span class='ocrx_word' id='word_1_221' title='bbox 729 2255 830 2316; x_wconf 85' lang='lat' dir='ltr'><strong>An</strong></span> <span class='ocrx_word' id='word_1_222' title='bbox 879 2252 1178 2316; x_wconf 86' lang='lat' dir='ltr'><strong>malumus</strong></span> <span class='ocrx_word' id='word_1_223' title='bbox 1225 2252 1512 2314; x_wconf 70' lang='lat' dir='ltr'><strong>octaedro</strong></span> <span class='ocrx_word' id='word_1_224' title='bbox 1562 2261 1838 2330; x_wconf 86' lang='lat' dir='ltr'><strong>quartam</strong></span> <span class='ocrx_word' id='word_1_225' title='bbox 1898 2252 2072 2324; x_wconf 89' lang='lat' dir='ltr'><strong>dare,</strong></span> <span class='ocrx_word' id='word_1_226' title='bbox 2136 2251 2277 2333; x_wconf 89' lang='lat' dir='ltr'><strong>quia</strong></span> <span class='ocrx_word' id='word_1_227' title='bbox 2330 2251 2383 2313; x_wconf 89' lang='lat' dir='ltr'><strong>is</strong></span> <span class='ocrx_word' id='word_1_228' title='bbox 2442 2250 2762 2314; x_wconf 85' lang='lat' dir='ltr'><strong>duodecies</strong></span> <span class='ocrx_word' id='word_1_229' title='bbox 2811 2262 3087 2333; x_wconf 88' lang='lat' dir='ltr'><strong>quartam</strong></span> 
     </span>
     <span class='ocr_line' id='line_1_22' title="bbox 361 2338 3083 2421; baseline 0 -19"><span class='ocrx_word' id='word_1_230' title='bbox 361 2339 568 2402; x_wconf 84' lang='lat' dir='ltr'><strong>circuli</strong></span> <span class='ocrx_word' id='word_1_231' title='bbox 611 2341 942 2415; x_wconf 88' lang='lat' dir='ltr'><strong>subtendit,</strong></span> <span class='ocrx_word' id='word_1_232' title='bbox 993 2342 1054 2404; x_wconf 93' lang='lat' dir='ltr'><strong>id</strong></span> <span class='ocrx_word' id='word_1_233' title='bbox 1102 2341 1258 2421; x_wconf 90' lang='lat' dir='ltr'><strong>quod</strong></span> <span class='ocrx_word' id='word_1_234' title='bbox 1307 2341 1533 2402; x_wconf 87' lang='lat' dir='ltr'><strong>nullum</strong></span> <span class='ocrx_word' id='word_1_235' title='bbox 1580 2341 1742 2402; x_wconf 86' lang='lat' dir='ltr'><strong>latus</strong></span> <span class='ocrx_word' id='word_1_236' title='bbox 1790 2340 1929 2402; x_wconf 90' lang='lat' dir='ltr'><strong>cubi</strong></span> <span class='ocrx_word' id='word_1_237' title='bbox 1977 2339 2174 2402; x_wconf 86' lang='lat' dir='ltr'><strong>facit?</strong></span> <span class='ocrx_word' id='word_1_238' title='bbox 2205 2341 2275 2414; x_wconf 72' lang='lat'><strong>&#39;)</strong></span> <span class='ocrx_word' id='word_1_239' title='bbox 2370 2338 2472 2401; x_wconf 88' lang='lat' dir='ltr'><strong>Sic</strong></span> <span class='ocrx_word' id='word_1_240' title='bbox 2520 2340 2887 2420; x_wconf 83' lang='lat' dir='ltr'><strong>relinquetur</strong></span> <span class='ocrx_word' id='word_1_241' title='bbox 2933 2343 3083 2404; x_wconf 89' lang='lat' dir='ltr'><strong>cubo</strong></span> 
     </span>
     <span class='ocr_line' id='line_1_23' title="bbox 359 2429 3085 2510; baseline 0.001 -20"><span class='ocrx_word' id='word_1_242' title='bbox 359 2436 596 2502; x_wconf 82' lang='lat' dir='ltr'><strong>octava,</strong></span> <span class='ocrx_word' id='word_1_243' title='bbox 649 2430 964 2492; x_wconf 85' lang='lat' dir='ltr'><strong>harmonia</strong></span> <span class='ocrx_word' id='word_1_244' title='bbox 1008 2429 1482 2510; x_wconf 85' lang='lat' dir='ltr'><strong>perfectissima,</strong></span> <span class='ocrx_word' id='word_1_245' title='bbox 1533 2437 1601 2489; x_wconf 91' lang='lat' dir='ltr'><strong>ut</strong></span> <span class='ocrx_word' id='word_1_246' title='bbox 1645 2429 1776 2507; x_wconf 89' lang='lat' dir='ltr'><strong>ipse</strong></span> <span class='ocrx_word' id='word_1_247' title='bbox 1824 2429 2329 2508; x_wconf 85' lang='lat' dir='ltr'><strong>perfectissimum</strong></span> <span class='ocrx_word' id='word_1_248' title='bbox 2378 2446 2593 2508; x_wconf 89' lang='lat' dir='ltr'><strong>corpus</strong></span> <span class='ocrx_word' id='word_1_249' title='bbox 2640 2437 2757 2490; x_wconf 88' lang='lat' dir='ltr'><strong>est.</strong></span> <span class='ocrx_word' id='word_1_250' title='bbox 2799 2447 2813 2456; x_wconf 80' lang='grc'><em>·</em></span> <span class='ocrx_word' id='word_1_251' title='bbox 2850 2431 3085 2492; x_wconf 87' lang='lat' dir='ltr'><strong>Forsan</strong></span> 
     </span>
     <span class='ocr_line' id='line_1_24' title="bbox 359 2516 3085 2598; baseline 0.001 -20"><span class='ocrx_word' id='word_1_252' title='bbox 359 2525 423 2578; x_wconf 88' lang='lat' dir='ltr'><strong>et</strong></span> <span class='ocrx_word' id='word_1_253' title='bbox 471 2518 614 2579; x_wconf 88' lang='lat' dir='ltr'><strong>illud</strong></span> <span class='ocrx_word' id='word_1_254' title='bbox 661 2519 1114 2581; x_wconf 88' lang='lat' dir='ltr'><strong>convenientius</strong></span> <span class='ocrx_word' id='word_1_255' title='bbox 1163 2527 1286 2587; x_wconf 88' lang='lat' dir='ltr'><strong>est,</strong></span> <span class='ocrx_word' id='word_1_256' title='bbox 1337 2518 1673 2597; x_wconf 84' lang='lat' dir='ltr'><strong>relinquere</strong></span> <span class='ocrx_word' id='word_1_257' title='bbox 1721 2517 2038 2579; x_wconf 66' lang='lat' dir='ltr'><strong>icosaedro</strong></span> <span class='ocrx_word' id='word_1_258' title='bbox 2086 2517 2343 2596; x_wconf 86' lang='lat' dir='ltr'><strong>priorem</strong></span> <span class='ocrx_word' id='word_1_259' title='bbox 2382 2516 2796 2597; x_wconf 85' lang='lat' dir='ltr'><strong>imperfectam</strong></span> <span class='ocrx_word' id='word_1_260' title='bbox 2835 2527 3085 2598; x_wconf 89' lang='lat' dir='ltr'><strong>propter</strong></span> 
     </span>
     <span class='ocr_line' id='line_1_25' title="bbox 359 2606 3079 2690; baseline 0.001 -24"><span class='ocrx_word' id='word_1_261' title='bbox 359 2609 770 2687; x_wconf 88' lang='lat' dir='ltr'><strong>sexangulum,</strong></span> <span class='ocrx_word' id='word_1_262' title='bbox 821 2609 978 2690; x_wconf 92' lang='lat' dir='ltr'><strong>quod</strong></span> <span class='ocrx_word' id='word_1_263' title='bbox 1027 2607 1157 2670; x_wconf 89' lang='lat' dir='ltr'><strong>basi</strong></span> <span class='ocrx_word' id='word_1_264' title='bbox 1205 2607 1544 2686; x_wconf 86' lang='lat' dir='ltr'><strong>triangulae</strong></span> <span class='ocrx_word' id='word_1_265' title='bbox 1591 2615 1917 2685; x_wconf 88' lang='lat' dir='ltr'><strong>cognatum</strong></span> <span class='ocrx_word' id='word_1_266' title='bbox 1952 2607 2145 2687; x_wconf 89' lang='lat' dir='ltr'><strong>magis</strong></span> <span class='ocrx_word' id='word_1_267' title='bbox 2175 2615 2293 2680; x_wconf 87' lang='lat' dir='ltr'><strong>est,</strong></span> <span class='ocrx_word' id='word_1_268' title='bbox 2342 2625 2517 2686; x_wconf 90' lang='lat' dir='ltr'><strong>quam</strong></span> <span class='ocrx_word' id='word_1_269' title='bbox 2564 2606 3079 2688; x_wconf 87' lang='lat' dir='ltr'><strong>quinquangulae:</strong></span> 
     </span>
     <span class='ocr_line' id='line_1_26' title="bbox 357 2693 3079 2776; baseline 0.001 -19"><span class='ocrx_word' id='word_1_270' title='bbox 357 2695 734 2760; x_wconf 69' lang='lat' dir='ltr'><strong>dodecaedro</strong></span> <span class='ocrx_word' id='word_1_271' title='bbox 793 2716 937 2760; x_wconf 88' lang='lat' dir='ltr'><strong>vero</strong></span> <span class='ocrx_word' id='word_1_272' title='bbox 997 2698 1141 2758; x_wconf 92' lang='lat' dir='ltr'><strong>dare</strong></span> <span class='ocrx_word' id='word_1_273' title='bbox 1177 2695 1554 2774; x_wconf 56' lang='lat' dir='ltr'><strong>,divisionem</strong></span> <span class='ocrx_word' id='word_1_274' title='bbox 1609 2695 1980 2758; x_wconf 86' lang='lat' dir='ltr'><strong>octonariam</strong></span> <span class='ocrx_word' id='word_1_275' title='bbox 2036 2703 2284 2776; x_wconf 86' lang='lat' dir='ltr'><strong>propter</strong></span> <span class='ocrx_word' id='word_1_276' title='bbox 2336 2713 2645 2758; x_wconf 89' lang='lat' dir='ltr'><strong>nnmerum</strong></span> <span class='ocrx_word' id='word_1_277' title='bbox 2698 2695 2968 2758; x_wconf 89' lang='lat' dir='ltr'><strong>cubicum</strong></span> <span class='ocrx_word' id='word_1_278' title='bbox 3018 2693 3079 2770; x_wconf 86' lang='lat'><strong>8,</strong></span> 
     </span>
     <span class='ocr_line' id='line_1_27' title="bbox 357 2783 3077 2867; baseline 0.001 -22"><span class='ocrx_word' id='word_1_279' title='bbox 357 2785 498 2865; x_wconf 88' lang='lat' dir='ltr'><strong>quia</strong></span> <span class='ocrx_word' id='word_1_280' title='bbox 545 2786 732 2850; x_wconf 91' lang='lat' dir='ltr'><strong>cubus</strong></span> <span class='ocrx_word' id='word_1_281' title='bbox 775 2787 1153 2849; x_wconf 65' lang='lat' dir='ltr'><strong>dodecaedro</strong></span> <span class='ocrx_word' id='word_1_282' title='bbox 1202 2784 1574 2867; x_wconf 78' lang='lat' dir='ltr'><strong>inscriptiliS.</strong></span> <span class='ocrx_word' id='word_1_283' title='bbox 1605 2787 1662 2859; x_wconf 84' lang='lat'><strong>¹)</strong></span> <span class='ocrx_word' id='word_1_284' title='bbox 1754 2783 1924 2846; x_wconf 88' lang='lat' dir='ltr'><strong>Haec</strong></span> <span class='ocrx_word' id='word_1_285' title='bbox 1974 2805 2119 2847; x_wconf 82' lang='lat' dir='ltr'><strong>sane</strong></span> <span class='ocrx_word' id='word_1_286' title='bbox 2167 2785 2226 2847; x_wconf 90' lang='lat' dir='ltr'><strong>in</strong></span> <span class='ocrx_word' id='word_1_287' title='bbox 2274 2783 2469 2847; x_wconf 88' lang='lat' dir='ltr'><strong>medio</strong></span> <span class='ocrx_word' id='word_1_288' title='bbox 2518 2783 2643 2846; x_wconf 87' lang='lat' dir='ltr'><strong>sita</strong></span> <span class='ocrx_word' id='word_1_289' title='bbox 2688 2784 2840 2861; x_wconf 88' lang='lat' dir='ltr'><strong>sint,</strong></span> <span class='ocrx_word' id='word_1_290' title='bbox 2890 2785 3077 2847; x_wconf 88' lang='lat' dir='ltr'><strong>donec</strong></span> 
     </span>
     <span class='ocr_line' id='line_1_28' title="bbox 357 2876 1115 2957; baseline 0.005 -22"><span class='ocrx_word' id='word_1_291' title='bbox 357 2892 578 2937; x_wconf 86' lang='lat' dir='ltr'><strong>causas</strong></span> <span class='ocrx_word' id='word_1_292' title='bbox 625 2876 756 2956; x_wconf 88' lang='lat' dir='ltr'><strong>quis</strong></span> <span class='ocrx_word' id='word_1_293' title='bbox 801 2877 1115 2957; x_wconf 88' lang='lat' dir='ltr'><strong>repererit.</strong></span> 
     </span>
    </p>

    <p class='ocr_par' dir='ltr' id='par_1_3' title="bbox 347 2959 3075 3403">
     <span class='ocr_line' id='line_1_29' title="bbox 530 2959 3074 3047; baseline -0 -22"><span class='ocrx_word' id='word_1_294' title='bbox 530 2964 862 3027; x_wconf 85' lang='lat' dir='ltr'><strong>Veniamus</strong></span> <span class='ocrx_word' id='word_1_295' title='bbox 910 2966 1086 3027; x_wconf 90' lang='lat' dir='ltr'><strong>modo</strong></span> <span class='ocrx_word' id='word_1_296' title='bbox 1136 2964 1215 3025; x_wconf 87' lang='lat' dir='ltr'><strong>ad</strong></span> <span class='ocrx_word' id='word_1_297' title='bbox 1263 2969 1570 3043; x_wconf 84' lang='lat' dir='ltr'><strong>aspectus.</strong></span> <span class='ocrx_word' id='word_1_298' title='bbox 1603 2966 1659 3037; x_wconf 73' lang='lat' dir='ltr'><strong>y)</strong></span> <span class='ocrx_word' id='word_1_299' title='bbox 1749 2960 1837 3025; x_wconf 89' lang='lat' dir='ltr'><strong>Et</strong></span> <span class='ocrx_word' id='word_1_300' title='bbox 1894 2962 2371 3047; x_wconf 87' lang='lat' dir='ltr'><strong>quandoquidem</strong></span> <span class='ocrx_word' id='word_1_301' title='bbox 2426 2962 2602 3024; x_wconf 88' lang='lat' dir='ltr'><strong>modo</strong></span> <span class='ocrx_word' id='word_1_302' title='bbox 2661 2980 2736 3023; x_wconf 91' lang='lat' dir='ltr'><strong>ex</strong></span> <span class='ocrx_word' id='word_1_303' title='bbox 2788 2959 2905 3022; x_wconf 90' lang='lat' dir='ltr'><strong>fide</strong></span> <span class='ocrx_word' id='word_1_304' title='bbox 2953 2961 3074 3024; x_wconf 89' lang='lat' dir='ltr'><strong>cir-</strong></span> 
     </span>
     <span class='ocr_line' id='line_1_30' title="bbox 351 3050 3075 3133; baseline -0.001 -20"><span class='ocrx_word' id='word_1_305' title='bbox 351 3051 547 3114; x_wconf 91' lang='lat' dir='ltr'><strong>culum</strong></span> <span class='ocrx_word' id='word_1_306' title='bbox 595 3053 866 3131; x_wconf 82' lang='lat' dir='ltr'><strong>fecimuS,</strong></span> <span class='ocrx_word' id='word_1_307' title='bbox 919 3054 1093 3115; x_wconf 86' lang='lat' dir='ltr'><strong>facile</strong></span> <span class='ocrx_word' id='word_1_308' title='bbox 1127 3061 1222 3114; x_wconf 89' lang='lat' dir='ltr'><strong>est</strong></span> <span class='ocrx_word' id='word_1_309' title='bbox 1250 3053 1473 3127; x_wconf 90' lang='lat' dir='ltr'><strong>videre,</strong></span> <span class='ocrx_word' id='word_1_310' title='bbox 1527 3052 1821 3133; x_wconf 89' lang='lat' dir='ltr'><strong>quomodo</strong></span> <span class='ocrx_word' id='word_1_311' title='bbox 1870 3063 1995 3114; x_wconf 90' lang='lat' dir='ltr'><strong>tres</strong></span> <span class='ocrx_word' id='word_1_312' title='bbox 2042 3053 2350 3132; x_wconf 89' lang='lat' dir='ltr'><strong>perfectae</strong></span> <span class='ocrx_word' id='word_1_313' title='bbox 2396 3052 2743 3113; x_wconf 88' lang='lat' dir='ltr'><strong>harmoniae</strong></span> <span class='ocrx_word' id='word_1_314' title='bbox 2788 3050 3075 3130; x_wconf 90' lang='lat' dir='ltr'><strong>pulcher-</strong></span> 
     </span>
     <span class='ocr_line' id='line_1_31' title="bbox 349 3140 3073 3224; baseline 0 -22"><span class='ocrx_word' id='word_1_315' title='bbox 349 3141 495 3203; x_wconf 90' lang='lat' dir='ltr'><strong>rime</strong></span> <span class='ocrx_word' id='word_1_316' title='bbox 543 3161 675 3205; x_wconf 91' lang='lat' dir='ltr'><strong>cum</strong></span> <span class='ocrx_word' id='word_1_317' title='bbox 722 3142 914 3205; x_wconf 89' lang='lat' dir='ltr'><strong>tribus</strong></span> <span class='ocrx_word' id='word_1_318' title='bbox 961 3143 1251 3224; x_wconf 87' lang='lat' dir='ltr'><strong>perfectis</strong></span> <span class='ocrx_word' id='word_1_319' title='bbox 1301 3140 1648 3221; x_wconf 86' lang='lat' dir='ltr'><strong>aspectibus</strong></span> <span class='ocrx_word' id='word_1_320' title='bbox 1697 3142 2033 3221; x_wconf 89' lang='lat' dir='ltr'><strong>comparari</strong></span> <span class='ocrx_word' id='word_1_321' title='bbox 2079 3142 2319 3221; x_wconf 89' lang='lat' dir='ltr'><strong>possint</strong></span> <span class='ocrx_word' id='word_1_322' title='bbox 2356 3158 2443 3203; x_wconf 88' lang='lat' dir='ltr'><strong>se.</strong></span> <span class='ocrx_word' id='word_1_323' title='bbox 2484 3160 2617 3203; x_wconf 89' lang='lat' dir='ltr'><strong>cum</strong></span> <span class='ocrx_word' id='word_1_324' title='bbox 2657 3142 2733 3215; x_wconf 67' lang='grc' dir='ltr'><strong>ὁ),</strong></span> <span class='ocrx_word' id='word_1_325' title='bbox 2770 3144 2862 3215; x_wconf 80' lang='grc' dir='ltr'><strong>Δ,</strong></span> <span class='ocrx_word' id='word_1_326' title='bbox 2902 3140 3073 3216; x_wconf 83' lang='lat'><strong>[1.⁸)</strong></span> 
     </span>
     <span class='ocr_line' id='line_1_32' title="bbox 347 3228 3072 3313; baseline -0 -21"><span class='ocrx_word' id='word_1_327' title='bbox 347 3230 712 3311; x_wconf 84' lang='lat' dir='ltr'><strong>Imperfecta</strong></span> <span class='ocrx_word' id='word_1_328' title='bbox 757 3251 900 3294; x_wconf 89' lang='lat' dir='ltr'><strong>vero</strong></span> <span class='ocrx_word' id='word_1_329' title='bbox 946 3232 1110 3313; x_wconf 90' lang='lat' dir='ltr'><strong>prior</strong></span> <span class='ocrx_word' id='word_1_330' title='bbox 1154 3232 1208 3295; x_wconf 93' lang='lat' dir='ltr'><strong>B</strong></span> <span class='ocrx_word' id='word_1_331' title='bbox 1266 3230 1464 3293; x_wconf 88' lang='lat' dir='ltr'><strong>mollis</strong></span> <span class='ocrx_word' id='word_1_332' title='bbox 1523 3231 1601 3292; x_wconf 90' lang='lat' dir='ltr'><strong>ad</strong></span> <span class='ocrx_word' id='word_1_333' title='bbox 1657 3248 1915 3310; x_wconf 88' lang='lat' dir='ltr'><strong>unguem</strong></span> <span class='ocrx_word' id='word_1_334' title='bbox 1972 3230 2185 3293; x_wconf 88' lang='lat' dir='ltr'><strong>similis</strong></span> <span class='ocrx_word' id='word_1_335' title='bbox 2243 3238 2341 3293; x_wconf 90' lang='lat' dir='ltr'><strong>est</strong></span> <span class='ocrx_word' id='word_1_336' title='bbox 2399 3228 2633 3305; x_wconf 85' lang='lat' dir='ltr'><strong>sextili,</strong></span> <span class='ocrx_word' id='word_1_337' title='bbox 2701 3230 2867 3310; x_wconf 85' lang='lat' dir='ltr'><strong>cujus</strong></span> <span class='ocrx_word' id='word_1_338' title='bbox 2922 3231 3072 3291; x_wconf 88' lang='lat' dir='ltr'><strong>baec</strong></span> 
     </span>
     <span class='ocr_line' id='line_1_33' title="bbox 349 3312 2045 3403; baseline 0.001 -24"><span class='ocrx_word' id='word_1_339' title='bbox 349 3328 520 3396; x_wconf 88' lang='lat' dir='ltr'><strong>nota,</strong></span> <span class='ocrx_word' id='word_1_340' title='bbox 573 3327 658 3397; x_wconf 79' lang='lat'><strong>*‚</strong></span> <span class='ocrx_word' id='word_1_341' title='bbox 713 3341 1001 3403; x_wconf 90' lang='lat' dir='ltr'><strong>quemque</strong></span> <span class='ocrx_word' id='word_1_342' title='bbox 1051 3312 1488 3383; x_wconf 83' lang='lat' dir='ltr'><strong>debilissimum</strong></span> <span class='ocrx_word' id='word_1_343' title='bbox 1536 3338 1670 3381; x_wconf 89' lang='lat' dir='ltr'><strong>esse</strong></span> <span class='ocrx_word' id='word_1_344' title='bbox 1719 3322 2045 3395; x_wconf 81' lang='lat' dir='ltr'><strong>ferunt.⁸⁸)</strong></span> 
     </span>
    </p>

    <p class='ocr_par' dir='ltr' id='par_1_4' title="bbox 333 3401 3071 4653">
     <span class='ocr_line' id='line_1_34' title="bbox 521 3401 3069 3490; baseline -0.002 -19"><span class='ocrx_word' id='word_1_345' title='bbox 521 3409 830 3473; x_wconf 86' lang='lat' dir='ltr'><strong>Habemus</strong></span> <span class='ocrx_word' id='word_1_346' title='bbox 877 3430 1122 3473; x_wconf 89' lang='lat' dir='ltr'><strong>causam</strong></span> <span class='ocrx_word' id='word_1_347' title='bbox 1180 3409 1450 3490; x_wconf 88' lang='lat' dir='ltr'><strong>(qualem</strong></span> <span class='ocrx_word' id='word_1_348' title='bbox 1498 3408 1736 3489; x_wconf 89' lang='lat' dir='ltr'><strong>quidem</strong></span> <span class='ocrx_word' id='word_1_349' title='bbox 1780 3408 2169 3471; x_wconf 86' lang='lat' dir='ltr'><strong>Ptolemaeus</strong></span> <span class='ocrx_word' id='word_1_350' title='bbox 2228 3426 2345 3468; x_wconf 89' lang='lat' dir='ltr'><strong>non</strong></span> <span class='ocrx_word' id='word_1_351' title='bbox 2394 3405 2593 3479; x_wconf 90' lang='lat' dir='ltr'><strong>dedit)</strong></span> <span class='ocrx_word' id='word_1_352' title='bbox 2628 3401 2715 3479; x_wconf 73' lang='lat' dir='ltr'><strong>m‘)</strong></span> <span class='ocrx_word' id='word_1_353' title='bbox 2772 3424 2877 3467; x_wconf 89' lang='lat' dir='ltr'><strong>cur</strong></span> <span class='ocrx_word' id='word_1_354' title='bbox 2930 3404 3069 3485; x_wconf 89' lang='lat' dir='ltr'><strong>pla-</strong></span> 
     </span>
     <span class='ocr_line' id='line_1_35' title="bbox 345 3494 3071 3579; baseline -0.001 -20"><span class='ocrx_word' id='word_1_355' title='bbox 345 3506 524 3561; x_wconf 85' lang='lat' dir='ltr'><strong>netae</strong></span> <span class='ocrx_word' id='word_1_356' title='bbox 571 3500 872 3563; x_wconf 90' lang='lat' dir='ltr'><strong>distantes</strong></span> <span class='ocrx_word' id='word_1_357' title='bbox 916 3520 1034 3563; x_wconf 87' lang='lat' dir='ltr'><strong>uno</strong></span> <span class='ocrx_word' id='word_1_358' title='bbox 1081 3508 1188 3561; x_wconf 91' lang='lat' dir='ltr'><strong>aut</strong></span> <span class='ocrx_word' id='word_1_359' title='bbox 1234 3498 1488 3579; x_wconf 89' lang='lat' dir='ltr'><strong>quinque</strong></span> <span class='ocrx_word' id='word_1_360' title='bbox 1535 3496 1726 3572; x_wconf 82' lang='lat' dir='ltr'><strong>signis</strong></span> <span class='ocrx_word' id='word_1_361' title='bbox 1773 3516 1890 3558; x_wconf 91' lang='lat' dir='ltr'><strong>non</strong></span> <span class='ocrx_word' id='word_1_362' title='bbox 1938 3504 2298 3559; x_wconf 87' lang='lat' dir='ltr'><strong>censeantur</strong></span> <span class='ocrx_word' id='word_1_363' title='bbox 2344 3496 2403 3557; x_wconf 89' lang='lat' dir='ltr'><strong>in</strong></span> <span class='ocrx_word' id='word_1_364' title='bbox 2446 3502 2718 3574; x_wconf 86' lang='lat' dir='ltr'><strong>aspectu.</strong></span> <span class='ocrx_word' id='word_1_365' title='bbox 2794 3494 2952 3557; x_wconf 84' lang='lat' dir='ltr'><strong>Nam</strong></span> <span class='ocrx_word' id='word_1_366' title='bbox 2999 3502 3071 3557; x_wconf 91' lang='lat' dir='ltr'><strong>ut</strong></span> 
     </span>
     <span class='ocr_line' id='line_1_36' title="bbox 343 3580 3069 3665; baseline -0.001 -18"><span class='ocrx_word' id='word_1_367' title='bbox 343 3587 622 3662; x_wconf 87' lang='lat' dir='ltr'><strong>vidimus,</strong></span> <span class='ocrx_word' id='word_1_368' title='bbox 668 3590 894 3653; x_wconf 91' lang='lat' dir='ltr'><strong>nullam</strong></span> <span class='ocrx_word' id='word_1_369' title='bbox 939 3590 1124 3651; x_wconf 90' lang='lat' dir='ltr'><strong>talem</strong></span> <span class='ocrx_word' id='word_1_370' title='bbox 1171 3588 1230 3649; x_wconf 94' lang='lat' dir='ltr'><strong>in</strong></span> <span class='ocrx_word' id='word_1_371' title='bbox 1276 3586 1524 3649; x_wconf 88' lang='lat' dir='ltr'><strong>vocibus</strong></span> <span class='ocrx_word' id='word_1_372' title='bbox 1572 3586 1853 3665; x_wconf 89' lang='lat' dir='ltr'><strong>agnoscit</strong></span> <span class='ocrx_word' id='word_1_373' title='bbox 1884 3594 2103 3648; x_wconf 86' lang='lat' dir='ltr'><strong>natura</strong></span> <span class='ocrx_word' id='word_1_374' title='bbox 2130 3583 2533 3647; x_wconf 87' lang='lat' dir='ltr'><strong>concordiam.</strong></span> <span class='ocrx_word' id='word_1_375' title='bbox 2566 3585 2643 3656; x_wconf 74' lang='lat'><strong>⁰⁰)</strong></span> <span class='ocrx_word' id='word_1_376' title='bbox 2712 3580 2864 3645; x_wconf 87' lang='lat' dir='ltr'><strong>Cum</strong></span> <span class='ocrx_word' id='word_1_377' title='bbox 2914 3584 3069 3645; x_wconf 89' lang='lat' dir='ltr'><strong>enim</strong></span> 
     </span>
     <span class='ocr_line' id='line_1_37' title="bbox 345 3670 3069 3744; baseline -0.002 -5"><span class='ocrx_word' id='word_1_378' title='bbox 345 3677 406 3739; x_wconf 91' lang='lat' dir='ltr'><strong>in</strong></span> <span class='ocrx_word' id='word_1_379' title='bbox 455 3678 676 3740; x_wconf 88' lang='lat' dir='ltr'><strong>ceteris</strong></span> <span class='ocrx_word' id='word_1_380' title='bbox 723 3680 937 3741; x_wconf 90' lang='lat' dir='ltr'><strong>eadem</strong></span> <span class='ocrx_word' id='word_1_381' title='bbox 985 3678 1068 3740; x_wconf 88' lang='lat' dir='ltr'><strong>sit</strong></span> <span class='ocrx_word' id='word_1_382' title='bbox 1113 3677 1268 3739; x_wconf 89' lang='lat' dir='ltr'><strong>ratio</strong></span> <span class='ocrx_word' id='word_1_383' title='bbox 1315 3676 1666 3739; x_wconf 84' lang='lat' dir='ltr'><strong>influentiae</strong></span> <span class='ocrx_word' id='word_1_384' title='bbox 1714 3682 1780 3736; x_wconf 90' lang='lat' dir='ltr'><strong>et</strong></span> <span class='ocrx_word' id='word_1_385' title='bbox 1836 3674 2314 3744; x_wconf 88' lang='lat' dir='ltr'><strong>harmoniarum,</strong></span> <span class='ocrx_word' id='word_1_386' title='bbox 2376 3670 2662 3733; x_wconf 85' lang='lat' dir='ltr'><strong>credibile</strong></span> <span class='ocrx_word' id='word_1_387' title='bbox 2720 3679 2819 3732; x_wconf 90' lang='lat' dir='ltr'><strong>est</strong></span> <span class='ocrx_word' id='word_1_388' title='bbox 2864 3679 2929 3733; x_wconf 90' lang='lat' dir='ltr'><strong>et</strong></span> <span class='ocrx_word' id='word_1_389' title='bbox 2972 3670 3069 3735; x_wconf 88' lang='lat' dir='ltr'><strong>hic</strong></span> 
     </span>
     <span class='ocr_line' id='line_1_38' title="bbox 342 3760 3067 3847; baseline -0.002 -20"><span class='ocrx_word' id='word_1_390' title='bbox 342 3784 496 3828; x_wconf 87' lang='lat' dir='ltr'><strong>esse.</strong></span> <span class='ocrx_word' id='word_1_391' title='bbox 595 3765 801 3830; x_wconf 88' lang='lat' dir='ltr'><strong>Causa</strong></span> <span class='ocrx_word' id='word_1_392' title='bbox 848 3768 1122 3847; x_wconf 89' lang='lat' dir='ltr'><strong>utrinque</strong></span> <span class='ocrx_word' id='word_1_393' title='bbox 1170 3766 1377 3847; x_wconf 90' lang='lat' dir='ltr'><strong>procul</strong></span> <span class='ocrx_word' id='word_1_394' title='bbox 1425 3764 1606 3827; x_wconf 92' lang='lat' dir='ltr'><strong>dubio</strong></span> <span class='ocrx_word' id='word_1_395' title='bbox 1655 3765 1867 3827; x_wconf 89' lang='lat' dir='ltr'><strong>eadem</strong></span> <span class='ocrx_word' id='word_1_396' title='bbox 1927 3773 2050 3839; x_wconf 92' lang='lat' dir='ltr'><strong>est,</strong></span> <span class='ocrx_word' id='word_1_397' title='bbox 2117 3780 2309 3843; x_wconf 87' lang='lat' dir='ltr'><strong>eaque</strong></span> <span class='ocrx_word' id='word_1_398' title='bbox 2364 3780 2441 3821; x_wconf 86' lang='lat' dir='ltr'><strong>ex</strong></span> <span class='ocrx_word' id='word_1_399' title='bbox 2488 3760 2746 3840; x_wconf 87' lang='lat' dir='ltr'><strong>quinque</strong></span> <span class='ocrx_word' id='word_1_400' title='bbox 2794 3760 3067 3839; x_wconf 89' lang='lat' dir='ltr'><strong>corpori-</strong></span> 
     </span>
     <span class='ocr_line' id='line_1_39' title="bbox 339 3848 3065 3938; baseline -0.002 -22"><span class='ocrx_word' id='word_1_401' title='bbox 339 3854 486 3918; x_wconf 88' lang='lat' dir='ltr'><strong>bus:</strong></span> <span class='ocrx_word' id='word_1_402' title='bbox 521 3854 603 3930; x_wconf 82' lang='lat'>‘¹‘¹)</span> <span class='ocrx_word' id='word_1_403' title='bbox 663 3877 852 3938; x_wconf 69' lang='lat' dir='ltr'><strong>quam,</strong></span> <span class='ocrx_word' id='word_1_404' title='bbox 898 3857 1036 3919; x_wconf 88' lang='lat' dir='ltr'><strong>aliis</strong></span> <span class='ocrx_word' id='word_1_405' title='bbox 1094 3856 1494 3936; x_wconf 86' lang='lat' dir='ltr'><strong>quaerendam</strong></span> <span class='ocrx_word' id='word_1_406' title='bbox 1541 3854 1834 3935; x_wconf 82' lang='lat' dir='ltr'><strong>relinquo,</strong></span> <span class='ocrx_word' id='word_1_407' title='bbox 1932 3851 2083 3916; x_wconf 92' lang='lat' dir='ltr'><strong>Cum</strong></span> <span class='ocrx_word' id='word_1_408' title='bbox 2130 3852 2313 3931; x_wconf 87' lang='lat' dir='ltr'><strong>igitur</strong></span> <span class='ocrx_word' id='word_1_409' title='bbox 2359 3868 2564 3911; x_wconf 88' lang='lat' dir='ltr'><strong>omnes</strong></span> <span class='ocrx_word' id='word_1_410' title='bbox 2615 3854 2871 3929; x_wconf 88' lang='lat' dir='ltr'><strong>quatuor</strong></span> <span class='ocrx_word' id='word_1_411' title='bbox 2917 3848 3065 3910; x_wconf 85' lang='lat' dir='ltr'><strong>har-</strong></span> 
     </span>
     <span class='ocr_line' id='line_1_40' title="bbox 339 3938 3066 4025; baseline -0.002 -20"><span class='ocrx_word' id='word_1_412' title='bbox 339 3945 572 4007; x_wconf 88' lang='lat' dir='ltr'><strong>moniae</strong></span> <span class='ocrx_word' id='word_1_413' title='bbox 623 3954 954 4009; x_wconf 90' lang='lat' dir='ltr'><strong>consonent</strong></span> <span class='ocrx_word' id='word_1_414' title='bbox 1015 3946 1140 4007; x_wconf 91' lang='lat' dir='ltr'><strong>suis</strong></span> <span class='ocrx_word' id='word_1_415' title='bbox 1197 3942 1580 4025; x_wconf 75' lang='lat' dir='ltr'><strong>aspectibuS,</strong></span> <span class='ocrx_word' id='word_1_416' title='bbox 1647 3952 1712 4005; x_wconf 93' lang='lat' dir='ltr'><strong>et</strong></span> <span class='ocrx_word' id='word_1_417' title='bbox 1778 3962 1915 4005; x_wconf 85' lang='lat' dir='ltr'><strong>vero</strong></span> <span class='ocrx_word' id='word_1_418' title='bbox 1983 3942 2176 4004; x_wconf 89' lang='lat' dir='ltr'><strong>adhuc</strong></span> <span class='ocrx_word' id='word_1_419' title='bbox 2243 3948 2367 4001; x_wconf 89' lang='lat' dir='ltr'><strong>tres</strong></span> <span class='ocrx_word' id='word_1_420' title='bbox 2423 3946 2659 4001; x_wconf 85' lang='lat' dir='ltr'><strong>restent</strong></span> <span class='ocrx_word' id='word_1_421' title='bbox 2720 3938 2779 3999; x_wconf 90' lang='lat' dir='ltr'><strong>in</strong></span> <span class='ocrx_word' id='word_1_422' title='bbox 2836 3939 3066 4000; x_wconf 87' lang='lat' dir='ltr'><strong>musica</strong></span> 
     </span>
     <span class='ocr_line' id='line_1_41' title="bbox 337 4026 3064 4117; baseline -0.002 -23"><span class='ocrx_word' id='word_1_423' title='bbox 337 4032 708 4109; x_wconf 87' lang='lat' dir='ltr'><strong>harmoniae,</strong></span> <span class='ocrx_word' id='word_1_424' title='bbox 757 4036 1102 4117; x_wconf 88' lang='lat' dir='ltr'><strong>suspicatus</strong></span> <span class='ocrx_word' id='word_1_425' title='bbox 1136 4034 1459 4114; x_wconf 88' lang='lat' dir='ltr'><strong>aliquando</strong></span> <span class='ocrx_word' id='word_1_426' title='bbox 1489 4052 1640 4109; x_wconf 86' lang='lat' dir='ltr'><strong>sum,</strong></span> <span class='ocrx_word' id='word_1_427' title='bbox 1690 4051 1806 4093; x_wconf 91' lang='lat' dir='ltr'><strong>non</strong></span> <span class='ocrx_word' id='word_1_428' title='bbox 1846 4030 2264 4111; x_wconf 88' lang='lat' dir='ltr'><strong>negligendum</strong></span> <span class='ocrx_word' id='word_1_429' title='bbox 2314 4047 2449 4090; x_wconf 89' lang='lat' dir='ltr'><strong>esse</strong></span> <span class='ocrx_word' id='word_1_430' title='bbox 2498 4029 2556 4091; x_wconf 91' lang='lat' dir='ltr'><strong>in</strong></span> <span class='ocrx_word' id='word_1_431' title='bbox 2596 4026 2847 4107; x_wconf 88' lang='lat' dir='ltr'><strong>judiciis</strong></span> <span class='ocrx_word' id='word_1_432' title='bbox 2896 4026 3064 4089; x_wconf 89' lang='lat' dir='ltr'><strong>nati-</strong></span> 
     </span>
     <span class='ocr_line' id='line_1_42' title="bbox 337 4116 3065 4211; baseline -0.003 -25"><span class='ocrx_word' id='word_1_433' title='bbox 337 4124 620 4199; x_wconf 88' lang='lat' dir='ltr'><strong>vitatum,</strong></span> <span class='ocrx_word' id='word_1_434' title='bbox 669 4125 722 4187; x_wconf 89' lang='lat' dir='ltr'><strong>si</strong></span> <span class='ocrx_word' id='word_1_435' title='bbox 768 4126 1054 4204; x_wconf 86' lang='lat' dir='ltr'><strong>planetae</strong></span> <span class='ocrx_word' id='word_1_436' title='bbox 1101 4122 1186 4185; x_wconf 85' lang='lat'><strong>72</strong></span> <span class='ocrx_word' id='word_1_437' title='bbox 1233 4132 1338 4185; x_wconf 89' lang='lat' dir='ltr'><strong>aut</strong></span> <span class='ocrx_word' id='word_1_438' title='bbox 1389 4119 1516 4211; x_wconf 50' lang='grc' dir='ltr'><strong>ἱ144</strong></span> <span class='ocrx_word' id='word_1_439' title='bbox 1562 4130 1670 4183; x_wconf 88' lang='lat' dir='ltr'><strong>aut</strong></span> <span class='ocrx_word' id='word_1_440' title='bbox 1723 4116 1845 4183; x_wconf 83' lang='lat'><strong>135</strong></span> <span class='ocrx_word' id='word_1_441' title='bbox 1893 4122 2181 4200; x_wconf 88' lang='lat' dir='ltr'><strong>gradibus</strong></span> <span class='ocrx_word' id='word_1_442' title='bbox 2228 4119 2479 4193; x_wconf 88' lang='lat' dir='ltr'><strong>distent,</strong></span> <span class='ocrx_word' id='word_1_443' title='bbox 2525 4117 2882 4197; x_wconf 88' lang='lat' dir='ltr'><strong>praesertim</strong></span> <span class='ocrx_word' id='word_1_444' title='bbox 2929 4136 3065 4179; x_wconf 92' lang='lat' dir='ltr'><strong>cum</strong></span> 
     </span>
     <span class='ocr_line' id='line_1_43' title="bbox 335 4204 3066 4293; baseline -0.003 -17"><span class='ocrx_word' id='word_1_445' title='bbox 335 4213 601 4287; x_wconf 82' lang='lat' dir='ltr'><strong>videam,</strong></span> <span class='ocrx_word' id='word_1_446' title='bbox 663 4234 846 4275; x_wconf 85' lang='lat' dir='ltr'><strong>unam</strong></span> <span class='ocrx_word' id='word_1_447' title='bbox 905 4234 984 4276; x_wconf 86' lang='lat' dir='ltr'><strong>ex</strong></span> <span class='ocrx_word' id='word_1_448' title='bbox 1037 4212 1406 4293; x_wconf 87' lang='lat' dir='ltr'><strong>imperfectis</strong></span> <span class='ocrx_word' id='word_1_449' title='bbox 1453 4211 1676 4273; x_wconf 86' lang='lat' dir='ltr'><strong>habere</strong></span> <span class='ocrx_word' id='word_1_450' title='bbox 1710 4206 1895 4271; x_wconf 71' lang='lat' dir='ltr'><strong>&#39;suum</strong></span> <span class='ocrx_word' id='word_1_451' title='bbox 1942 4217 2273 4290; x_wconf 85' lang='lat' dir='ltr'><strong>aspectum.</strong></span> <span class='ocrx_word' id='word_1_452' title='bbox 2298 4208 2381 4281; x_wconf 73' lang='lat'><strong>⁹⁶)</strong></span> <span class='ocrx_word' id='word_1_453' title='bbox 2475 4204 2771 4278; x_wconf 85' lang='lat' dir='ltr'><strong>Quamvis</strong></span> <span class='ocrx_word' id='word_1_454' title='bbox 2818 4204 3066 4268; x_wconf 89' lang='lat' dir='ltr'><strong>cuilibet</strong></span> 
     </span>
     <span class='ocr_line' id='line_1_44' title="bbox 335 4292 3063 4382; baseline -0.004 -17"><span class='ocrx_word' id='word_1_455' title='bbox 335 4304 576 4365; x_wconf 85' lang='lat' dir='ltr'><strong>oculato</strong></span> <span class='ocrx_word' id='word_1_456' title='bbox 622 4311 1028 4367; x_wconf 89' lang='lat' dir='ltr'><strong>meteororum</strong></span> <span class='ocrx_word' id='word_1_457' title='bbox 1075 4300 1439 4382; x_wconf 88' lang='lat' dir='ltr'><strong>speculatori</strong></span> <span class='ocrx_word' id='word_1_458' title='bbox 1501 4299 1678 4362; x_wconf 89' lang='lat' dir='ltr'><strong>facile</strong></span> <span class='ocrx_word' id='word_1_459' title='bbox 1739 4298 2012 4379; x_wconf 88' lang='lat' dir='ltr'><strong>patebit,</strong></span> <span class='ocrx_word' id='word_1_460' title='bbox 2082 4305 2281 4360; x_wconf 90' lang='lat' dir='ltr'><strong>utrum</strong></span> <span class='ocrx_word' id='word_1_461' title='bbox 2336 4295 2541 4377; x_wconf 89' lang='lat' dir='ltr'><strong>aliqua</strong></span> <span class='ocrx_word' id='word_1_462' title='bbox 2594 4294 2656 4356; x_wconf 91' lang='lat' dir='ltr'><strong>in</strong></span> <span class='ocrx_word' id='word_1_463' title='bbox 2716 4295 2811 4355; x_wconf 89' lang='lat' dir='ltr'><strong>bis</strong></span> <span class='ocrx_word' id='word_1_464' title='bbox 2868 4292 3063 4355; x_wconf 88' lang='lat' dir='ltr'><strong>tribus</strong></span> 
     </span>
     <span class='ocr_line' id='line_1_45' title="bbox 333 4382 3063 4469; baseline -0.004 -15"><span class='ocrx_word' id='word_1_465' title='bbox 333 4392 520 4455; x_wconf 85' lang='lat' dir='ltr'><strong>radiis</strong></span> <span class='ocrx_word' id='word_1_466' title='bbox 567 4393 661 4455; x_wconf 89' lang='lat' dir='ltr'><strong>vis</strong></span> <span class='ocrx_word' id='word_1_467' title='bbox 710 4392 883 4467; x_wconf 87' lang='lat' dir='ltr'><strong>insit,</strong></span> <span class='ocrx_word' id='word_1_468' title='bbox 943 4412 1076 4455; x_wconf 90' lang='lat' dir='ltr'><strong>cum</strong></span> <span class='ocrx_word' id='word_1_469' title='bbox 1122 4400 1358 4453; x_wconf 89' lang='lat' dir='ltr'><strong>ceteros</strong></span> <span class='ocrx_word' id='word_1_470' title='bbox 1409 4398 1692 4469; x_wconf 87' lang='lat' dir='ltr'><strong>aspectus</strong></span> <span class='ocrx_word' id='word_1_471' title='bbox 1740 4388 1901 4449; x_wconf 67' lang='lat' dir='ltr'><strong>aeris</strong></span> <span class='ocrx_word' id='word_1_472' title='bbox 1948 4386 2314 4449; x_wconf 86' lang='lat' dir='ltr'><strong>mutationes</strong></span> <span class='ocrx_word' id='word_1_473' title='bbox 2360 4382 2858 4447; x_wconf 85' lang='lat' dir='ltr'><strong>constantissima</strong></span> <span class='ocrx_word' id='word_1_474' title='bbox 2903 4382 3063 4445; x_wconf 84' lang='lat' dir='ltr'><strong>rati-</strong></span> 
     </span>
     <span class='ocr_line' id='line_1_46' title="bbox 333 4466 3058 4562; baseline -0.004 -19"><span class='ocrx_word' id='word_1_475' title='bbox 333 4482 513 4544; x_wconf 85' lang='lat' dir='ltr'><strong>ficent</strong></span> <span class='ocrx_word' id='word_1_476' title='bbox 558 4481 956 4562; x_wconf 83' lang='lat' dir='ltr'><strong>experientia.</strong></span> <span class='ocrx_word' id='word_1_477' title='bbox 1054 4479 1294 4543; x_wconf 87' lang='lat' dir='ltr'><strong>Causae</strong></span> <span class='ocrx_word' id='word_1_478' title='bbox 1344 4480 1606 4559; x_wconf 90' lang='lat' dir='ltr'><strong>quidem,</strong></span> <span class='ocrx_word' id='word_1_479' title='bbox 1659 4498 1808 4559; x_wconf 90' lang='lat' dir='ltr'><strong>quas</strong></span> <span class='ocrx_word' id='word_1_480' title='bbox 1854 4476 2249 4555; x_wconf 85' lang='lat' dir='ltr'><strong>probabiliter</strong></span> <span class='ocrx_word' id='word_1_481' title='bbox 2294 4474 2429 4555; x_wconf 89' lang='lat' dir='ltr'><strong>quis</strong></span> <span class='ocrx_word' id='word_1_482' title='bbox 2476 4472 2713 4548; x_wconf 87' lang='lat' dir='ltr'><strong>reddat,</strong></span> <span class='ocrx_word' id='word_1_483' title='bbox 2766 4472 2925 4552; x_wconf 90' lang='lat' dir='ltr'><strong>quod</strong></span> <span class='ocrx_word' id='word_1_484' title='bbox 2966 4466 3058 4550; x_wconf 64' lang='lat' dir='ltr'><strong>⁸l0,</strong></span> 
     </span>
     <span class='ocr_line' id='line_1_47' title="bbox 347 4559 2853 4653; baseline -0.004 -20"><span class='ocrx_word' id='word_1_485' title='bbox 347 4564 440 4652; x_wconf 84' lang='lat' dir='ltr'><strong>¹l„</strong></span> <span class='ocrx_word' id='word_1_486' title='bbox 500 4564 564 4653; x_wconf 70' lang='grc' dir='ltr'><strong>Ἰ,</strong></span> <span class='ocrx_word' id='word_1_487' title='bbox 619 4572 680 4633; x_wconf 91' lang='lat' dir='ltr'><strong>in</strong></span> <span class='ocrx_word' id='word_1_488' title='bbox 729 4570 844 4632; x_wconf 88' lang='lat' dir='ltr'><strong>fide</strong></span> <span class='ocrx_word' id='word_1_489' title='bbox 894 4579 1129 4645; x_wconf 90' lang='lat' dir='ltr'><strong>sonent,</strong></span> <span class='ocrx_word' id='word_1_490' title='bbox 1179 4569 1238 4631; x_wconf 91' lang='lat' dir='ltr'><strong>in</strong></span> <span class='ocrx_word' id='word_1_491' title='bbox 1289 4569 1535 4630; x_wconf 89' lang='lat' dir='ltr'><strong>zodiaco</strong></span> <span class='ocrx_word' id='word_1_492' title='bbox 1583 4587 1699 4629; x_wconf 90' lang='lat' dir='ltr'><strong>non</strong></span> <span class='ocrx_word' id='word_1_493' title='bbox 1748 4572 2088 4648; x_wconf 87' lang='lat' dir='ltr'><strong>operentur,</strong></span> <span class='ocrx_word' id='word_1_494' title='bbox 2136 4565 2254 4626; x_wconf 87' lang='lat' dir='ltr'><strong>hae</strong></span> <span class='ocrx_word' id='word_1_495' title='bbox 2304 4582 2439 4626; x_wconf 90' lang='lat' dir='ltr'><strong>esse</strong></span> <span class='ocrx_word' id='word_1_496' title='bbox 2485 4559 2853 4643; x_wconf 78' lang='lat' dir='ltr'><strong>possint:“)</strong></span> 
     </span>
    </p>

    <p class='ocr_par' dir='ltr' id='par_1_5' title="bbox 327 4649 3061 5010">
     <span class='ocr_line' id='line_1_48' title="bbox 517 4649 3061 4741; baseline -0.004 -20"><span class='ocrx_word' id='word_1_497' title='bbox 517 4660 584 4735; x_wconf 89' lang='lat'><strong>1)</strong></span> <span class='ocrx_word' id='word_1_498' title='bbox 635 4658 968 4741; x_wconf 88' lang='lat' dir='ltr'><strong>Oppositus</strong></span> <span class='ocrx_word' id='word_1_499' title='bbox 999 4659 1190 4733; x_wconf 91' lang='lat' dir='ltr'><strong>solus,</strong></span> <span class='ocrx_word' id='word_1_500' title='bbox 1242 4659 1356 4720; x_wconf 91' lang='lat' dir='ltr'><strong>duo</strong></span> <span class='ocrx_word' id='word_1_501' title='bbox 1398 4656 1722 4739; x_wconf 89' lang='lat' dir='ltr'><strong>quadrata,</strong></span> <span class='ocrx_word' id='word_1_502' title='bbox 1773 4654 1965 4717; x_wconf 90' lang='lat' dir='ltr'><strong>trinus</strong></span> <span class='ocrx_word' id='word_1_503' title='bbox 2013 4674 2147 4717; x_wconf 91' lang='lat' dir='ltr'><strong>cum</strong></span> <span class='ocrx_word' id='word_1_504' title='bbox 2194 4652 2418 4726; x_wconf 85' lang='lat' dir='ltr'><strong>sextili,</strong></span> <span class='ocrx_word' id='word_1_505' title='bbox 2467 4650 2793 4713; x_wconf 85' lang='lat' dir='ltr'><strong>absolvunt</strong></span> <span class='ocrx_word' id='word_1_506' title='bbox 2838 4649 3061 4731; x_wconf 88' lang='lat' dir='ltr'><strong>singuli</strong></span> 
     </span>
     <span class='ocr_line' id='line_1_49' title="bbox 331 4738 3057 4821; baseline -0.004 -10"><span class='ocrx_word' id='word_1_507' title='bbox 331 4749 802 4811; x_wconf 88' lang='lat' dir='ltr'><strong>semicirculum:</strong></span> <span class='ocrx_word' id='word_1_508' title='bbox 872 4757 938 4811; x_wconf 84' lang='lat' dir='ltr'><strong>at</strong></span> <span class='ocrx_word' id='word_1_509' title='bbox 994 4757 1119 4811; x_wconf 89' lang='lat' dir='ltr'><strong>tres</strong></span> <span class='ocrx_word' id='word_1_510' title='bbox 1165 4746 1227 4811; x_wconf 90' lang='lat' dir='ltr'><strong>hi</strong></span> <span class='ocrx_word' id='word_1_511' title='bbox 1275 4746 1426 4809; x_wconf 84' lang='lat' dir='ltr'><strong>radii</strong></span> <span class='ocrx_word' id='word_1_512' title='bbox 1474 4745 1699 4808; x_wconf 88' lang='lat' dir='ltr'><strong>nullum</strong></span> <span class='ocrx_word' id='word_1_513' title='bbox 1745 4744 1975 4807; x_wconf 90' lang='lat' dir='ltr'><strong>habent</strong></span> <span class='ocrx_word' id='word_1_514' title='bbox 2024 4745 2250 4807; x_wconf 91' lang='lat' dir='ltr'><strong>socium</strong></span> <span class='ocrx_word' id='word_1_515' title='bbox 2298 4740 2374 4802; x_wconf 90' lang='lat' dir='ltr'><strong>ad</strong></span> <span class='ocrx_word' id='word_1_516' title='bbox 2420 4738 2534 4801; x_wconf 87' lang='lat' dir='ltr'><strong>hoc</strong></span> <span class='ocrx_word' id='word_1_517' title='bbox 2579 4758 2824 4816; x_wconf 90' lang='lat' dir='ltr'><strong>munus,</strong></span> <span class='ocrx_word' id='word_1_518' title='bbox 2885 4758 3057 4821; x_wconf 88' lang='lat' dir='ltr'><strong>quem</strong></span> 
     </span>
     <span class='ocr_line' id='line_1_50' title="bbox 328 4828 3059 4918; baseline -0.004 -17"><span class='ocrx_word' id='word_1_519' title='bbox 328 4839 564 4901; x_wconf 85' lang='lat' dir='ltr'><strong>musica</strong></span> <span class='ocrx_word' id='word_1_520' title='bbox 609 4858 726 4901; x_wconf 92' lang='lat' dir='ltr'><strong>non</strong></span> <span class='ocrx_word' id='word_1_521' title='bbox 775 4838 1014 4918; x_wconf 88' lang='lat' dir='ltr'><strong>penitus</strong></span> <span class='ocrx_word' id='word_1_522' title='bbox 1060 4837 1354 4918; x_wconf 85' lang='lat' dir='ltr'><strong>repudiet.</strong></span> <span class='ocrx_word' id='word_1_523' title='bbox 1451 4830 1524 4915; x_wconf 87' lang='lat'><strong>2)</strong></span> <span class='ocrx_word' id='word_1_524' title='bbox 1572 4832 1816 4915; x_wconf 83' lang='lat' dir='ltr'><strong>Reliqui</strong></span> <span class='ocrx_word' id='word_1_525' title='bbox 1874 4832 2029 4895; x_wconf 87' lang='lat' dir='ltr'><strong>radii</strong></span> <span class='ocrx_word' id='word_1_526' title='bbox 2078 4830 2375 4895; x_wconf 89' lang='lat' dir='ltr'><strong>rationem</strong></span> <span class='ocrx_word' id='word_1_527' title='bbox 2419 4828 2648 4892; x_wconf 88' lang='lat' dir='ltr'><strong>habent</strong></span> <span class='ocrx_word' id='word_1_528' title='bbox 2697 4828 2932 4891; x_wconf 89' lang='lat' dir='ltr'><strong>facilem</strong></span> <span class='ocrx_word' id='word_1_529' title='bbox 2983 4846 3059 4889; x_wconf 89' lang='lat' dir='ltr'><strong>ex</strong></span> 
     </span>
     <span class='ocr_line' id='line_1_51' title="bbox 327 4914 3058 5010; baseline -0.006 -17"><span class='ocrx_word' id='word_1_530' title='bbox 327 4927 662 5006; x_wconf 84' lang='lat' dir='ltr'><strong>diametro,</strong></span> <span class='ocrx_word' id='word_1_531' title='bbox 721 4928 886 4994; x_wconf 88' lang='lat' dir='ltr'><strong>latus</strong></span> <span class='ocrx_word' id='word_1_532' title='bbox 941 4926 1403 5010; x_wconf 87' lang='lat' dir='ltr'><strong>quinquanguli,</strong></span> <span class='ocrx_word' id='word_1_533' title='bbox 1463 4932 1528 4987; x_wconf 87' lang='lat' dir='ltr'><strong>et</strong></span> <span class='ocrx_word' id='word_1_534' title='bbox 1571 4920 1941 4987; x_wconf 89' lang='lat' dir='ltr'><strong>subtendens</strong></span> <span class='ocrx_word' id='word_1_535' title='bbox 1992 4923 2108 4984; x_wconf 91' lang='lat' dir='ltr'><strong>duo</strong></span> <span class='ocrx_word' id='word_1_536' title='bbox 2158 4922 2355 4983; x_wconf 87' lang='lat' dir='ltr'><strong>latera</strong></span> <span class='ocrx_word' id='word_1_537' title='bbox 2410 4916 2876 5003; x_wconf 85' lang='lat' dir='ltr'><strong>quinquanguli,</strong></span> <span class='ocrx_word' id='word_1_538' title='bbox 2938 4914 3058 5003; x_wconf 84' lang='lat' dir='ltr'><strong>tria</strong></span> 
     </span>
    </p>
   </div>
  </div>
 </body>
</html>
