3634 5575
651 334 734 404 18
1834 334 2157 385 Prooemium.

1149 494 1212 545 In
1242 492 1530 561 ‚Coponium
1690 492 1981 559 Roflthaph.
2076 492 2137 543 In
2160 491 2304 543 modo
2330 492 2577 545 correctis.
2726 490 2888 543 Pnth.
3224 492 3335 557 diff.

736 583 979 647 Saturni
1080 628 1096 645 .
1196 578 1497 646 1031312
1752 577 1949 646 5⁰55‘
2208 575 2469 644 997340
2729 576 2931 644 5⁰43‘
3244 579 3355 645 12⁴

732 672 906 735 Jovis
971 720 986 736 .
1031 728 1036 733 .
1081 720 1096 736 .
1193 666 1492 736 1866349
1710 668 1792 734 10
1838 667 1923 734 45
2170 664 2470 735 1935067
2692 667 2766 731 11
2824 666 2905 733 10
2958 658 2969 671 ’
3236 668 3327 732 25

737 762 958 825 Martis
1077 810 1093 825 .
1185 756 1491 824 6004002
1705 756 1790 821 36
1839 756 1924 825 54
2166 752 2460 821 6245121
2687 754 2772 821 38
2820 755 2904 822 39
3151 754 3359 823 1⁰45¹

732 851 988 915 Veneris
1080 899 1097 914 .
1189 844 1498 912 7611111
1707 844 1794 912 49
1842 842 1927 913 34
2171 843 2473 911 7613889
2688 844 2774 911 49
2823 844 2905 910 35
3288 848 3322 909 1

734 934 1016 1003 Mercurii
1074 986 1090 1003 .
1180 933 1489 1001 4900000
1617 972 1626 979 ·
1705 933 1789 1000 29
1839 934 1927 1001 20
2165 932 2477 1000 4794444
2690 934 2775 999 28
2822 932 2906 1000 39
3234 933 3321 1000 41

1918 1040 2115 1109 (Gomp.
2152 1042 2391 1101 tabulam,
2428 1056 2529 1107 qna
2566 1041 2687 1109 Cap.
2724 1042 2819 1093 XV
2855 1039 3204 1105 concluditur.)

818 1204 1003 1265 Porro
1050 1202 1186 1264 nolo
1233 1202 1610 1276 dissimulare
1655 1200 2033 1281 scrupulum,
2100 1202 2199 1283 qui
2257 1221 2348 1265 me
2411 1202 2507 1265 hic
2566 1210 2780 1282 urget.
2858 1200 3225 1285 Copernicus
3278 1210 3351 1264 et

652 1292 1008 1355 Prutenicae
1053 1291 1254 1353 omnia
1299 1292 1377 1353 ad
1423 1292 1616 1353 locum
1645 1290 1808 1353 Solis
1854 1292 2109 1354 medium
2156 1284 2439 1354 referunt.
2534 1292 2665 1353 Aut
2708 1291 2891 1371 igitur
2938 1299 3213 1355 statuunt
3242 1298 3352 1353 to-

647 1390 772 1443 tum
819 1381 1099 1443 mundum
1144 1380 1422 1443 mobilem
1471 1379 1886 1455 eccentricum,
1934 1382 2062 1443 sive
2110 1380 2264 1461 quod
2310 1382 2367 1443 in
2416 1380 2830 1442 astronomicis
2860 1381 3018 1443 idem
3056 1390 3171 1455 est,
3221 1378 3353 1442 So-

643 1470 761 1531 lem
805 1470 865 1531 in
911 1488 1096 1550 parvo
1145 1469 1363 1532 circulo
1412 1487 1606 1531 annuo
1654 1477 1818 1539 motu
1864 1469 2027 1533 circa
2083 1478 2352 1531 centrum
2407 1470 2609 1531 mundi
2674 1470 3163 1532 circumeuntem:
3240 1478 3359 1531 aut

645 1559 953 1629 fatendum
997 1566 1113 1633 est,
1162 1577 1278 1620 non
1321 1575 1502 1639 posse
1550 1566 1750 1621 certas
1795 1558 2394 1640 prosthaphaereseS,
2441 1558 2799 1638 praesertim
2843 1558 3063 1622 Martis
3108 1567 3173 1621 et
3210 1558 3353 1619 Ve-

643 1648 822 1725 neris,
871 1667 950 1709 ex
993 1646 1330 1709 Prutenicis
1377 1646 1729 1729 computari.
1823 1648 2089 1710 Tertium
2137 1648 2291 1709 enim
2336 1647 2536 1709 nescio
2586 1667 2659 1708 an
2690 1646 2817 1708 fieri
2842 1648 3069 1729 possit:
3110 1656 3179 1710 ιιι
3204 1646 3351 1751 qui-

643 1736 794 1801 libet
855 1737 1233 1819 planetarum
1289 1735 1634 1830 epicyclium
1687 1736 1947 1811 habeat,
2014 1737 2184 1818 cujus
2248 1736 2497 1817 remigio
2563 1744 2795 1798 tantum
2854 1738 3058 1819 fugere
3123 1735 3349 1817 possit,

645 1834 929 1909 quantum
992 1826 1180 1888 Terra
1244 1824 1322 1886 ad
1384 1825 1578 1906 ipsum
1643 1824 2114 1907 appropinquare
2178 1826 2328 1887 velit
2392 1834 2455 1886 et
2517 1833 2743 1888 contra.
2838 1826 3081 1887 Illorum
3142 1835 3352 1887 autem

643 1925 841 1981 utrum
887 1914 988 1990 sit,
1038 1914 1278 1977 difficile
1326 1914 1489 1977 dictu
1535 1922 1649 1977 est.
1740 1915 1901 1978 Nam
1947 1914 2253 1995 exemplar
2297 1934 2495 1977 meum
2541 1914 2691 1975 libro
2722 1914 2783 1975 V
2829 1913 3044 1977 Revol.
3094 1912 3247 1995 Cap.
3282 1910 3351 1987 4,

644 2024 756 2086 quo
803 2004 934 2067 loco
979 2003 1168 2067 nodus
1216 2004 1583 2085 quaestionis
1628 2004 1861 2075 haeret,
1907 2011 2013 2066 aut
2057 2004 2405 2065 mendosum
2450 2012 2579 2074 est,
2626 2009 2731 2065 ant
2767 2022 2879 2083 ego
2913 2024 3153 2067 caecus.
3220 2002 3351 2065 So-

644 2096 762 2156 lem
808 2092 928 2158 ullo
975 2092 1150 2155 modo
1199 2092 1478 2155 mobilem
1525 2092 1751 2167 facere,
1809 2093 1909 2155 vel
1954 2101 2163 2167 tantae
2220 2093 2357 2154 moli
2406 2098 2817 2156 eccentroteta
2860 2093 3147 2167 tribuere,
3198 2092 3355 2154 haec
3442 2097 3449 2105 '

641 2188 916 2263 pugnant
961 2200 1148 2263 aeque
1195 2188 1261 2243 et
1303 2200 1434 2243 cum
1479 2180 1786 2262 principiis
1837 2189 1899 2242 et
1942 2200 2074 2245 cum
2120 2196 2356 2243 natura.
2450 2180 2534 2243 Et
2588 2180 2639 2241 si
2685 2181 2899 2260 globus
2945 2181 3074 2263 ipse
3122 2182 3351 2243 Terrae

641 2290 821 2334 unum
865 2290 1055 2352 genus
1102 2268 1566 2353 dnampovmoc,
1614 2270 1784 2351 cujus
1832 2270 2086 2334 circulus
2130 2270 2193 2331 ni
2242 2270 2418 2332 fallor
2463 2290 2501 2331 a
2545 2268 2841 2332 Rhaetico
2887 2279 3024 2332 rota
3069 2271 3353 2333 fortunae

643 2360 897 2435 dicitur,
968 2379 1075 2422 suo
1119 2359 1359 2439 proprio
1405 2368 1570 2421 motu
1617 2360 1782 2422 solus
1828 2360 2087 2439 perficit,
2154 2360 2418 2439 facitque
2462 2358 2595 2421 ideo
2645 2358 3043 2421 differentiam
3086 2360 3355 2440 aliquam

644 2457 930 2531 aspectus
977 2466 1256 2511 successu
1293 2448 1644 2523 seculorum,
1683 2466 1796 2528 par
1844 2458 1996 2523 erat,
2036 2457 2097 2511 et
2126 2450 2379 2511 alterum
2426 2467 2615 2528 genus
2660 2448 2721 2510 in
2769 2450 3020 2511 eandem
3047 2448 3355 2511 Tellurem

641 2538 980 2602 solitariam
1025 2536 1312 2600 conferre.
1408 2534 1591 2616 (Cap.
1637 2536 1817 2612 XV.)

816 2627 1127 2691 Fortassis
1172 2626 1356 2706 igitur
1400 2624 1621 2687 Martis
1669 2626 1954 2707 ambages
2000 2624 2135 2686 ideo
2183 2625 2375 2687 minus
2422 2625 2733 2705 cognitae,
2803 2626 2941 2707 quia
3001 2626 3055 2688 is
3113 2624 3347 2687 vicinus
3426 2648 3435 2657 ·

640 2716 776 2781 huic
831 2710 1153 2779 varietati:
1219 2714 1278 2777 in
1335 2714 1554 2777 ceteris
1598 2734 1739 2776 vero
1785 2711 2204 2778 remotioribus
2247 2733 2455 2796 parum
2502 2713 3013 2779 animadvertitur.
3106 2716 3197 2777 At
3244 2714 3345 2777 vi-

641 2807 844 2870 cissim
891 2805 964 2868 de
1013 2807 1250 2866 Venere
1297 2824 1412 2866 non
1461 2812 1560 2866 est
1602 2805 1814 2870 eadem
1861 2805 2266 2886 querimonia,
2326 2823 2477 2886 quae
2534 2811 2601 2866 ut
2644 2805 2704 2866 in
2751 2805 3159 2887 propinquiori
3204 2824 3347 2868 ma-

637 2897 740 2977 jor
783 2915 920 2958 esse
968 2895 1242 2968 debebat,
1293 2895 1346 2956 si
1394 2895 1523 2956 sola
1570 2893 1774 2956 Tellus
1821 2913 1927 2975 per
1972 2895 2126 2956 hanc
2174 2894 2697 2956 commutationem
2740 2894 3004 2973 planetis
3052 2901 3350 2956 annueret

643 2993 822 3068 atque
870 2983 1175 3048 abnueret.
1271 2981 1450 3054 Quod
1506 2983 1560 3044 si
1607 2983 1843 3046 omnino
1889 3002 2007 3046 una
2052 2991 2221 3044 esset
2264 2981 2485 3045 Teri‘ae
2543 2991 2607 3044 et
2660 2982 2917 3045 omnium
2962 2985 3349 3064 planetarum

645 3093 832 3156 eaque
879 3093 1076 3136 annua
1123 3070 1560 3148 eccentricitas,
1613 3072 1730 3135 erit
1773 3071 1882 3136 illa
1926 3072 2253 3134 communis
2300 3071 2483 3133 etiam
2528 3071 2973 3153 proportionum
3019 3093 3095 3135 ex
3120 3091 3347 3152 corpo-

641 3164 808 3228 ribus
852 3164 1275 3234 desumtarum,
1321 3162 1410 3224 ita
1453 3170 1520 3226 ut
1565 3162 1861 3224 distantia
1907 3177 2107 3224 eorum
2154 3181 2269 3224 non
2316 3182 2353 3222 a
2382 3159 2544 3224 Solis
2592 3162 2699 3222 sed
2746 3162 2822 3224 ab
2866 3162 3092 3224 orbium
3138 3171 3349 3224 centro

644 3252 915 3336 putanda
959 3250 1061 3314 sit.
1152 3247 1251 3312 Ex
1316 3268 1428 3332 quo
1489 3258 1838 3332 sequeretur
1890 3249 2114 3312 nullam
2168 3247 2419 3330 relinqui
2470 3250 2731 3312 Terreno
2791 3250 2917 3314 orbi
2978 3251 3343 3326 crassitiem,

642 3342 744 3405 vel
791 3341 1070 3423 exiguam
1115 3339 1361 3416 saltem,
1411 3359 1527 3421 qua
1572 3341 1644 3402 de
1691 3340 1867 3402 modo
1916 3335 2161 3402 dictum.
2254 3339 2431 3403 Unde
2473 3339 2607 3412 fiet,
2669 3347 2736 3418 ιιι
2782 3339 3349 3404 dodecaedricorum

639 3433 899 3494 laterum
944 3437 1152 3492 centra
1199 3436 1262 3491 et
1310 3429 1662 3492 icosaedrici
1709 3429 1915 3509 anguli
1944 3429 2069 3492 sint
2102 3429 2162 3491 in
2202 3429 2410 3491 eadem
2442 3413 2753 3508 superficie
2782 3428 3113 3509 sphaerica,
3162 3439 3348 3511 atque

642 3521 734 3583 ita
779 3528 942 3582 totus
988 3513 1240 3580 mundus
1286 3517 1395 3580 fiat
1439 3519 1780 3598 angustior:
1832 3519 1987 3599 qnod
2034 3517 2151 3581 no'n
2186 3517 2437 3580 'videtur
2468 3517 2726 3586 ,tolerari
2764 3527 2827 3580 et
2864 3537 2999 3580 cum
3044 3538 3344 3602 apparen-

645 3610 750 3672 tiis
796 3603 1100 3672 conciliari
1144 3627 1346 3688 posse.
1439 3607 1526 3671 Ut
1569 3607 1752 3687 igitur
1795 3607 1859 3670 in
1905 3627 2138 3669 omnem
2184 3615 2461 3669 eventum
2505 3617 2757 3688 paratus
2804 3607 2944 3684 sim,
3001 3609 3166 3686 dice,
3228 3605 3349 3670 etsi

645 3708 709 3761 et
756 3695 1070 3779 Copernici
1116 3695 1419 3760 sententia
1469 3703 1534 3757 et
1577 3695 1746 3776 ipsae
1811 3696 2263 3759 observationes
2330 3715 2399 3757 eo
2466 3703 2780 3776 spectent,
2844 3716 3024 3777 posse
3080 3714 3174 3760 me
3238 3715 3348 3778 per

643 3788 845 3852 orbem
892 3788 1100 3848 Lunae
1149 3796 1273 3848 tum
1317 3782 1455 3846 huic
1502 3784 1691 3847 hiatui
1737 3784 2053 3846 subvenire
2102 3801 2273 3865 quem
2323 3793 2505 3846 antea
2551 3786 2843 3868 negabam
2888 3785 3050 3848 orbis
3097 3785 3345 3850 Terreni

643 3875 944 3940 crassitiei
1004 3874 1459 3937 accensendum.
1551 3873 1710 3936 Nam
1765 3872 2057 3936 diameter
2112 3872 2272 3936 orbis
2329 3873 2583 3935 Lunaris
2630 3875 2843 3956 exiguo
2890 3875 3150 3956 spatiolo
3196 3873 3343 3938 Tel-

643 3966 788 4030 luris
835 3963 1348 4027 eccentricitatem
1393 3962 1658 4025 excedit·
1711 3964 1870 4044 quod
1916 3963 2237 4067 spatiolum
2285 3964 2401 4024 etsi
2432 3963 2571 4043 quid
2608 3965 2873 4027 efficeret
2909 3965 2968 4027 in
3000 3965 3343 4046 ampliando

641 4055 887 4118 mundo,
953 4052 1099 4117 illud
1153 4051 1213 4114 in
1267 4053 1468 4114 Marte
1529 4059 1590 4112 et
1632 4050 1786 4113 Jove
1833 4053 2073 4115 nimium
2131 4051 2551 4114 accedentibus
2610 4063 2910 4132 optatum,
2968 4053 3028 4116 in
3076 4054 3340 4118 Saturno

641 4152 948 4208 contemtu
994 4141 1192 4218 facile,
1238 4141 1297 4203 in
1346 4141 1576 4204 duobus
1623 4141 1999 4206 inferioribus
2049 4141 2538 4206 dissimulandum
2586 4149 2769 4203 esset.
3348 4158 3353 4162 ·

814 4233 974 4298 Nam
1018 4239 1084 4293 et
1124 4229 1237 4292 hoc
1285 4229 1799 4292 animadversione
1850 4231 2092 4311 dignum
2139 4239 2252 4307 est,
2303 4231 2459 4313 quod
2506 4229 2798 4312 digressio
2844 4211 3051 4294 horum
3083 4231 3344 4296 maxima

565 4391 572 4398 ,
641 4344 680 4384 a
723 4321 866 4386 Sole
913 4341 1030 4383 non
1075 4320 1264 4399 major
1312 4340 1351 4381 a
1393 4319 1729 4382 Prutenicis
1777 4319 1911 4383 elici
1958 4327 2194 4399 potest,
2244 4339 2418 4401 quam
2467 4315 2591 4383 48⁰
2636 4318 2719 4394 2¹,
2770 4313 2895 4385 26⁰
2938 4315 3067 4397 29⁴,
3158 4322 3341 4386 Forte

643 4412 782 4493 quia
826 4412 967 4475 illae
1013 4409 1237 4471 nostris
1285 4408 1652 4510 temporibus
1698 4417 1945 4490 propter
1975 4417 2265 4471 mutatam
2297 4407 2805 4472 eccentricitatem
2835 4409 3059 4472 Terrae
3098 4429 3337 4473 accom-

641 4500 1005 4564 modatiores
1053 4505 1212 4560 sunt.

819 4589 976 4652 Utut
1017 4588 1119 4658 sit,
1167 4606 1342 4650 arcus
1385 4585 1478 4648 illi
1519 4605 1636 4649 non
1686 4595 1947 4666 aequant
1990 4584 2127 4647 illos
2166 4587 2501 4666 superiores
2536 4581 2662 4649 49⁰
2688 4581 2817 4662 34‘
2868 4583 2992 4652 29⁰
3018 4585 3125 4650 20⁴
3126 4635 3143 4662 ,
3191 4606 3338 4667 quos

641 4679 966 4742 ostendunt
992 4677 1156 4738 sinus
1189 4697 1228 4738 a
1255 4674 1586 4755 Oopernico
1614 4675 1856 4756 proditi.
1916 4676 2125 4756 ‚Atque
2172 4677 2260 4738 ita
2300 4675 2432 4737 sine
2476 4675 2711 4757 piaculo
2756 4695 2864 4756 per
2910 4677 3165 4759 aliquem
3208 4695 3337 4740 me·

642 4768 848 4831 liorem
876 4767 1113 4829 modum
1141 4761 1453 4828 ordinandi
1481 4765 1655 4829 orbes
1692 4765 1814 4828 illis
1844 4763 2069 4846 aliquid
2106 4765 2339 4827 detrahi
2381 4784 2516 4827 mea
2542 4765 2782 4845 quidem
2812 4767 3085 4847 opinione
3112 4773 3335 4846 potest.

813 4859 908 4921 Ne
955 4872 1096 4918 vero
1142 4855 1274 4936 quis
1321 4852 1573 4935 iniquius
1622 4855 1682 4918 in
1726 4855 1840 4917 hoc
1886 4855 2189 4916 inventum
2242 4864 2488 4934 propter
2532 4855 2685 4917 hanc
2730 4854 3046 4944 leviculam
3098 4855 3333 4937 ambig-
