3634 5575
694 392 784 480 ἓξ
865 430 875 441 ·
1283 412 1290 420 “
1874 410 2197 465 Prooemium.

691 594 928 637 movere
975 576 1236 637 fortasse
1281 574 1640 655 postulando
1696 574 1929 653 possit:
1996 576 2046 635 si
2106 574 2259 635 forte
2308 570 2555 635 fortuito
2598 572 2724 635 illic
2772 574 3031 635 locorum
3079 580 3401 635 transeant

695 662 1284 744 Gruppenbachiani.

653 833 659 838 ἱ
868 753 960 815 En
1008 753 1194 815 habes
1242 753 1558 834 epistolam
1604 751 1752 813 'bene
1802 753 2061 831 longam,
2112 758 2177 811 et
2223 752 2549 830 longiorem
2596 752 2875 827 fortasse,
2926 770 3102 832 quam
3130 768 3400 830 occupa-

693 844 889 905 tiones
935 862 1105 903 meae
1153 843 1453 921 nuptiales
1493 842 1644 903 ferre
1688 850 1961 920 possunt.
2058 838 2332 917 Optarim
2383 850 2600 911 autem,
2648 850 2715 901 ut
2762 852 2823 901 et
2867 859 2977 920 per
3024 840 3234 900 literas
3284 858 3399 919 pe-

695 933 780 1007 tii,
833 930 1064 1012 aliquos
1113 950 1186 993 ex
1230 940 1431 992 vestro
1482 927 1770 1008 CollegiO,
1823 939 1885 990 te
1930 930 2282 1008 praesertim
2326 944 2504 1008 atque
2543 929 2628 991 M.
2660 930 2961 991 Millerum
3008 930 3105 989 hic
3153 928 3397 990 adesse.

695 1020 817 1083 Sed
866 1022 1004 1101 quia
1050 1021 1121 1081 de
1169 1029 1229 1081 te
1276 1020 1388 1081 hoc
1436 1036 1678 1099 sperare
1726 1036 1841 1079 non
1888 1036 2171 1097 possum,
2220 1018 2365 1079 illud
2413 1018 2602 1079 solum
2649 1027 2711 1079 te
2759 1037 2937 1097 rogm
2998 1026 3061 1079 ut
3110 1017 3187 1077 ad
3237 1018 3400 1079 diem

693 1110 1018 1190 nuptialem
1067 1110 1186 1170 tuis
1234 1107 1505 1189 precibus
1552 1107 1693 1167 mibi
1741 1116 1985 1187 praesto
2034 1106 2142 1169 sis.
2235 1106 2459 1175 Rerum
2506 1126 2770 1169 mearum
2819 1116 3017 1169 status
3044 1125 3223 1187 porro
3254 1108 3401 1169 talis

693 1210 807 1273 est,
857 1207 923 1260 ut
969 1199 1021 1259 si
1069 1198 1284 1259 moriar
1327 1198 1488 1258 intra
1536 1216 1769 1271 anuum,
1822 1196 1925 1257 vix
1970 1214 2324 1276 quemquam
2369 1196 2563 1275 major
2598 1197 2923 1258 infelicitas
2960 1205 3257 1257 mortuum
3298 1216 3400 1256 se-

695 1288 792 1368 qui
837 1287 1051 1367 possit.
1145 1286 1352 1366 Magni
1401 1294 1629 1347 sumtus
1677 1286 1750 1346 de
1797 1304 1930 1345 meo
1978 1284 2237 1346 faciendi
2285 1292 2460 1346 sunt:
2528 1284 2723 1346 solent
2771 1305 2827 1347 n.
2875 1286 2973 1347 hic
3020 1284 3391 1363 splendidis-

602 1423 607 1436 .
693 1377 840 1439 sime
888 1376 1164 1456 apparari
1211 1375 1474 1455 nuptiae.
1571 1374 1678 1435 Sin
1727 1382 1927 1435 autem
1974 1372 2139 1435 Deus
2186 1374 2331 1435 mihi
2376 1374 2562 1435 vitam
2610 1383 2920 1453 proroget,
2986 1382 3212 1435 certum
3286 1386 3443 1443 est,·

693 1466 943 1545 ligatum
991 1473 1055 1525 et
1100 1463 1490 1526 constrictum
1537 1482 1630 1523 me
1678 1482 1813 1524 esse
1860 1464 1919 1524 in
1970 1466 2123 1524 hunc
2172 1464 2397 1535 locum,
2450 1464 2725 1543 quicquid
2772 1465 3015 1526 tandem
3062 1466 3133 1523 de
3184 1472 3401 1524 nostra

693 1555 901 1616 schola
960 1554 1084 1615 fiat.
1179 1552 1334 1615 Sunt
1397 1553 1553 1613 enim
1615 1570 1870 1631 sponsae
1928 1570 2096 1613 meae
2145 1552 2256 1613 hoc
2304 1553 2432 1613 loco
2478 1554 2763 1631 praedia,
2831 1563 2971 1615 sunt
3017 1555 3230 1627 amici,
3308 1562 3403 1613 est

691 1653 870 1724 pater
933 1642 1234 1722 locuples;
1300 1651 1365 1703 ut
1429 1641 1550 1703 fere
1609 1642 1833 1703 salario
1881 1660 1997 1702 non
2044 1660 2405 1720 magnopere
2454 1640 2719 1720 indigere
2764 1640 2973 1703 videar
3016 1652 3159 1721 post
3204 1660 3400 1702 annos

695 1732 938 1813 aliquot,
991 1732 1044 1791 si
1089 1731 1232 1793 mihi
1277 1731 1388 1792 hoc
1436 1731 1715 1792 decorum
1761 1740 1947 1793 esset.
2032 1730 2159 1791 Nec
2198 1730 2340 1792 mihi
2377 1738 2551 1810 patet
2581 1732 2774 1792 exitus
2804 1750 2879 1793 ex
2915 1732 3028 1792 hac
3064 1731 3398 1809 provincia,

691 1821 806 1883 nisi
853 1830 958 1881 aut
1000 1820 1238 1900 publica
1285 1818 1602 1881 calamitas
1650 1828 1753 1880 aut
1797 1820 2037 1899 privata
2082 1820 2463 1881 interveniat.
2556 1820 2833 1895 Publica,
2898 1821 2947 1881 si
3004 1839 3213 1900 nempe
3268 1820 3397 1880 Lu-

689 1910 942 1971 therano
991 1928 1105 1970 nou
1154 1909 1406 1988 amplius
1451 1914 1586 1969 tuta
1632 1908 1712 1970 sit
1756 1908 2099 1987 provincia,
2170 1917 2274 1970 aut
2330 1908 2380 1970 si
2427 1928 2465 1969 a
2510 1908 2704 1969 Turca
2748 1902 3398 1989 propius'infestetur:

693 1997 791 2079 qui
839 1997 1072 2078 quidem
1111 1997 1244 2077 jam
1291 1997 1602 2059 nunciatur
1649 2016 1779 2057 cum
1828 1996 2130 2059 sexcentis
2176 1997 2437 2060 millibus
2482 1996 2779 2061 hominum
2808 1998 2867 2059 in
2894 1999 3202 2077 procinctu
3236 2014 3397 2059 esse.

693 2086 939 2150 Privata
983 2106 1126 2149 vero
1174 2086 1490 2149 calamitas
1551 2086 1603 2146 si
1664 2104 1798 2147 mea
1842 2105 1993 2148 uxor
2038 2086 2342 2156 moriatur.
2436 2084 2539 2149 Sic
2586 2088 2768 2149 etiam
2814 2088 3085 2149 umbram
3133 2086 3399 2167 aliquam

691 2184 890 2239 status
937 2176 1054 2237 mei
1099 2176 1289 2238 videS.
1384 2176 1443 2237 A
1487 2174 1618 2237 Deo
1663 2175 1838 2255 plura
1880 2184 2088 2256 petere
2137 2195 2251 2237 non
2302 2176 2507 2249 aude0,
2560 2194 2738 2257 quam
2784 2177 2893 2237 hoc
2942 2186 3205 2257 tempore
3250 2176 3399 2237 mihi

691 2266 989 2328 eveniunt.
1079 2267 1151 2328 In
1210 2264 1582 2328 naturalibus
1649 2272 1847 2326 autem
1912 2265 2108 2327 causis
2175 2283 2435 2345 agnosco
2484 2266 2763 2327 effectum
2812 2266 3159 2327 directionis
3204 2265 3399 2326 Medii

690 2355 839 2417 coeli
887 2355 965 2416 ad
999 2354 1216 2417 Jovem
1267 2362 1328 2416 et
1375 2354 1575 2415 sextil.
1610 2351 1681 2427 ῼ.
1749 2355 1898 2416 Asc.
1932 2355 2010 2414 ad
2042 2358 2093 2427 8
2127 2353 2229 2431 Θ,
2281 2358 2331 2425 8
2368 2353 2439 2428 Q,
2488 2354 2665 2429 Δᾊ,
2717 2352 2794 2431 Θ
2846 2355 2922 2415 ad
2968 2360 3039 2425 Δ
3082 2356 3161 2426 D.
3230 2352 3397 2425 Quid

690 2444 936 2505 directio
982 2444 1034 2515 5)
1089 2443 1166 2505 ad
1215 2446 1266 2516 8
1317 2447 1360 2521 ζξ
1405 2451 1464 2504 et
1510 2436 1580 2508 l]
1627 2450 1678 2513 ὀ
1724 2452 1904 2523 atque
1950 2444 2241 2505 transitus
2289 2443 2389 2504 ille
2438 2445 2514 2505 ad
2562 2444 2819 2513 futurum
2868 2440 2928 2505 8.
2972 2441 3071 2507 18.
3104 2440 3395 2522 Septem-

687 2532 812 2595 bris
877 2534 1168 2595 allaturus
1233 2532 1348 2606 sit,
1418 2539 1672 2612 expecto
1731 2550 1849 2593 non
1910 2532 2256 2593 meticuloso
2306 2533 2538 2607 animo,
2607 2552 2740 2594 cum
2785 2532 2977 2593 Deum
3026 2532 3395 2611 superiorem

689 2640 1033 2702 agnoscam.
1125 2624 1195 2684 In
1241 2639 1458 2700 magno
1505 2629 1640 2681 meo
1685 2620 2011 2683 infortunio
2060 2621 2204 2682 illud
2252 2621 2673 2683 oblectationis
2721 2622 2929 2697 habui,
2988 2622 3144 2701 quod
3191 2623 3399 2683 omnia

688 2710 776 2773 ita
843 2730 975 2773 cum
1033 2711 1201 2771 coelo
1269 2717 1718 2771 consenserunt.
1839 2710 2107 2771 Directio
2174 2718 2306 2771 erat
2366 2730 2541 2791 praeae
2579 2712 2843 2773 foribus:
2920 2711 3028 2771 sed
3092 2710 3397 2772 Saturnus

689 2801 990 2862 transibat
1035 2819 1144 2881 per
1190 2799 1529 2880 oppositum
1573 2798 1747 2860 Jovis
1795 2807 1859 2860 et
1908 2799 2424 2880 appropinquabat
2467 2801 2756 2882 quadrato
2786 2801 3185 2874 ascendentia,
3235 2802 3396 2862 unde

691 2889 890 2951 omnia
933 2889 1226 2970 impedita
1271 2898 1437 2961 sunt,
1499 2907 1686 2968 usque
1732 2907 1822 2961 eo,
1874 2890 2010 2950 dum
2057 2887 2373 2950 Saturnus·
2400 2909 2635 2951 cursum
2680 2900 2843 2951 retro
2886 2892 3161 2950 flecteret
3206 2909 3395 2969 supe-

685 2978 828 3040 riori
871 2977 1180 3041 Januario.
1263 2977 1382 3040 Est
1428 2985 1629 3039 autem
1675 2977 1818 3038 mihi
1866 2977 1925 3051 21.
1971 2977 2030 3038 in
2088 2975 2163 3040 19
2209 2983 2284 3052 36,
2334 2981 2480 3040 Asc.
2530 2980 2588 3040 in
2638 2977 2722 3042 25
2771 2980 2989 3081 gemin.
3085 2977 3208 3040 Sed
3256 2980 3396 3040 finis

688 3065 938 3130 chartae
1003 3068 1195 3129 adest.
1285 3066 1418 3146 Ego
1467 3067 1547 3129 H.
1599 3066 1786 3128 Tuam
1835 3064 1965 3127 Deo
2015 3063 2158 3147 Opt.
2208 3067 2371 3128 MaX.
2435 3070 2819 3142 commendo,
2889 3068 2987 3148 qui
3032 3067 3143 3130 tibi
3190 3068 3395 3128 omnia

685 3155 934 3236 largiter
978 3156 1288 3218 retribuat.
1384 3154 1452 3218 Si
1497 3162 1732 3218 tantum
1779 3155 1886 3219 otii
1933 3155 2042 3217 tibi
2090 3166 2402 3236 superest.
2470 3175 2692 3237 quaeso
2740 3157 3108 3218 solummodo
3154 3157 3231 3218 de
3280 3177 3392 3218 ca-

685 3246 952 3308 lendario
997 3246 1379 3325 respondeas.
1473 3245 1629 3306 Vale
1676 3245 2043 3324 Praeceptor
2090 3247 2522 3308 amantissime.

863 3331 924 3398 9.
975 3333 1206 3415 Aprilis
1253 3336 1412 3418 stylo
1460 3351 1614 3395 novo
1663 3353 1817 3395 anno
1872 3330 2058 3396 1597.

1724 3423 1802 3485 Η.
1854 3423 1923 3485 Τ.
1976 3421 2150 3488 Grat.
2198 3424 2345 3487 disc.

2700 3512 2792 3574 M.
2841 3514 2906 3577 J.
2954 3511 3209 3596 Kepler.

827 3655 1030 3706 Addidit
1062 3655 1307 3719 Koplerus
1343 3655 1396 3703 in
1429 3653 1506 3704 his
1540 3654 1694 3703 literis
1731 3654 1971 3704 nonnulla
2006 3655 2067 3704 de
2106 3652 2399 3706 calendario
2437 3653 2761 3722 Gregoriano,
2809 3667 2938 3721 quae
2973 3657 3231 3708 referenda
3269 3672 3391 3708 cen-

686 3729 868 3778 suimus
905 3727 970 3778 ad
1006 3740 1156 3790 opera
1189 3725 1392 3790 Kepleri
1430 3723 1776 3790 chronologica
1813 3721 1947 3786 (Vol.
1984 3721 2119 3787 1V.).

824 3797 956 3848 Mae
972 3815 995 3846 s
1009 3799 1084 3846 tl
1071 3813 1086 3846 ι
1102 3799 1162 3846 ni
1197 3809 1432 3861 responsa
1467 3811 1664 3853 eorum,
1720 3797 1891 3861 quibus
1929 3812 2048 3860 opus
2086 3796 2321 3846 donatum
2356 3797 2454 3850 sit.
2492 3799 2720 3854 nomina.
2758 3799 3061 3864 pretiumque
3096 3797 3390 3862 typothetae

684 3871 928 3924 solutum,
981 3869 1206 3933 aliaque.
1261 3882 1390 3932 quae
1435 3867 1603 3917 aliena
1648 3867 1742 3917 hoc
1778 3868 1885 3917 loco
1922 3872 2067 3925 sunt,
2118 3869 2335 3919 referunt
2372 3865 2494 3930 (vid.
2534 3867 2753 3919 Hamch.
2792 3885 2840 3934 p.
2884 3869 2948 3918 18
2982 3866 3067 3931 ι..)
3140 3870 3389 3933 Keplerua

685 3941 948 3992 Maestlino
985 3939 1232 4002 rescripsit
1269 3939 1542 4003 Septembri
1577 3941 1696 3988 anni
1735 3936 1907 3987 1597:

860 4046 1134 4108 Salutem
1177 4045 1512 4124 plurimam.
1608 4043 1676 4106 Si
1722 4064 1832 4106 vos
1881 4046 2089 4115 isthic,
2141 4051 2206 4106 ut
2252 4052 2409 4123 opt0,
2460 4046 2706 4122 valetis,
2756 4055 2991 4125 gratum
3039 4047 3179 4112 mibi
3230 4067 3385 4108 nun-

685 4135 849 4198 tium.
945 4135 1074 4212 Ego
1123 4145 1185 4196 et
1230 4153 1364 4195 mea
1409 4135 1640 4214 conjux,
1690 4135 1867 4196 sicuti
1916 4143 2208 4214 optamuS,
2257 4133 2674 4214 conjugialiter
2710 4138 3006 4198 valemus:
3056 4137 3209 4217 quod
3244 4155 3383 4198 ver·-

687 4227 821 4286 bum
869 4223 1008 4305 quid
1057 4223 1377 4302 significet,
1427 4222 1536 4286 Sol
1581 4225 1942 4303 patefaciet,
1992 4224 2089 4286 ubi
2136 4224 2212 4284 ad
2260 4225 2615 4303 quadratum
2661 4225 2735 4286 ab
2783 4226 2953 4287 initio
3002 4228 3192 4288 locum
3240 4220 3421 4305 per-⁶

685 4314 950 4385 venerit,
1019 4313 1068 4373 si
1131 4313 1255 4373 Deo
1321 4313 1635 4392 placuerit.
1727 4313 1863 4376 Non
1912 4331 2151 4393 possum
2200 4321 2259 4374 te
2310 4311 2659 4376 Clarissime
2716 4315 2969 4376 Domine
3026 4324 3385 4396 praeceptor

683 4421 798 4463 non
839 4402 1151 4463 certiorem
1197 4403 1462 4473 reddere,
1514 4401 1658 4463 mihi
1704 4419 1808 4480 pro
1859 4403 2021 4463 edito
2068 4402 2268 4463 libello
2316 4401 2469 4465 bunc
2518 4403 2800 4464 honorem
2846 4403 3105 4470 aGallis
3152 4404 3379 4476 haberi,

681 4503 750 4552 ut
795 4488 1024 4570 Regius
1068 4491 1373 4570 professor
1419 4491 1700 4552 Lutetiae
1748 4490 2113 4553 Parisiorum
2158 4509 2231 4551 ex
2274 4503 2454 4570 pacto
2502 4493 2862 4553 constitutus
2908 4513 3023 4574 ego
3070 4494 3209 4566 sim,
3280 4505 3384 4554 aut

682 4589 846 4640 certe
895 4579 1076 4653 illum,
1127 4581 1223 4660 qui
1273 4581 1418 4640 haec
1467 4581 1544 4640 ad
1592 4599 1682 4641 me
1731 4581 1992 4660 scripsit,
2046 4581 2292 4641 stultum
2341 4581 2526 4642 fuisse
2574 4599 2817 4642 necesse
2866 4581 2966 4644 sit.
3032 4581 3191 4652 Quia
3236 4593 3381 4642 vero

681 4669 754 4741 is,
807 4668 904 4749 qui
949 4669 1094 4730 mihi
1144 4673 1270 4730 loco
1319 4669 1530 4731 cedere
1580 4669 1860 4743 volebat,
1929 4669 2157 4730 interea
2203 4677 2468 4732 mortuus
2516 4679 2649 4742 est,
2698 4679 2761 4731 et
2804 4674 3010 4750 procul
3054 4672 3232 4732 dubio
3282 4671 3379 4732 di-

681 4776 894 4819 versae
943 4758 1274 4820 sententiae
1323 4777 1731 4820 successorem
1768 4760 1897 4838 jam
1944 4758 2199 4838 reliquit,
2250 4758 2387 4820 ideo
2436 4759 2690 4833 decrevi,
2742 4762 2937 4841 quoad
2970 4761 3101 4822 Deo
3130 4761 3376 4840 placue-

683 4846 800 4919 rit,
865 4854 1071 4927 spreta
1127 4847 1291 4927 regia
1335 4847 1707 4926 professione
1753 4846 1810 4908 in
1862 4847 2067 4931 Styria
2104 4864 2363 4908 manere.
2455 4847 2781 4928 Exemplar
2827 4850 3121 4929 epistolae
3169 4849 3247 4911 ad
3285 4867 3378 4910 me

681 4937 902 4999 missae
947 4935 1058 4997 tibi
1103 4938 1592 5013 transmitterem,
1641 4936 1755 5000 nisi
1803 4937 1947 5000 mihi
1977 4943 2304 5012 constaret,
2350 4944 2411 4999 te
2457 4937 2519 5000 id
2544 4937 2776 5022 pridem
2812 4939 3052 5002 habere.
3135 4937 3381 5024 Scripta
