3634 5575
1535 388 1704 443 nm
1738 391 1971 445 saian..
2979 392 3101 459 231
3198 414 3210 423 -

393 554 582 609 oeulos
623 560 824 624 aperte
863 551 1212 623 perspicere,
1271 552 1332 606 in
1369 552 1558 607 multis
1613 552 1917 618 caecutire,
1978 554 2035 608 in
2076 552 2353 625 plerisque
2394 554 2617 625 penitus
2667 570 2865 609 caecos
2907 572 3031 610 esse
3050 555 3113 611 2⁸⁸

389 639 470 689 At
509 634 636 689 illos
682 639 770 687 tot
809 634 1116 687 seculorum
1159 631 1511 703 experientia
1552 639 1760 697 tuetur,
1803 650 1947 704 quae
1988 634 2142 689 nullo
2184 650 2369 697 sensu,
2410 636 2565 691 nullo
2592 636 2955 701 instrumento
2996 652 3110 691 ma·

391 713 720 777 thematico,
783 714 942 767 nulla
979 710 1214 767 rationis
1255 712 1580 769 deductione
1621 730 1862 785 unquam
1905 712 2149 768 convinci
2190 718 2413 784 potest?
2494 716 2793 770 Praeclare
2834 733 2998 781 sane,
3050 724 3113 771 ut

391 794 548 849 nobis
589 799 806 849 noctem
835 794 1194 863 persuadeas,
1240 810 1359 847 cum
1388 810 1592 848 aurora
1621 794 1889 857 illuxerit,
1934 794 2207 848 fenestras
2240 794 2449 849 claudis
2493 812 2593 847 nec
2638 812 2876 865 unquam
2908 794 3111 866 aperiri

391 874 541 929 sinis.
624 876 704 927 At
743 890 852 927 non
892 872 1072 936 vides,
1135 874 1328 927 eadem
1369 872 1671 943 negatione
1713 882 1771 927 te
1811 873 2123 929 universam
2171 874 2558 929 astronomiam
2602 880 2888 929 evertere?
2974 876 3111 939 Quid

391 955 567 1027 igitur
605 955 804 1008 laudas
847 953 1190 1023 Tychonem,
1253 952 1378 1023 quid
1435 953 1710 1022 praeclari
1755 954 1829 1007 ab
1870 953 1989 1025 ipso
2049 954 2106 1007 in
2148 954 2485 1007 astronomia
2525 971 2753 1025 sperare
2810 963 3003 1025 potes,
3066 956 3111 1009 si

396 1042 488 1099 „te
529 1051 639 1088 non
677 1034 826 1088 latet
867 1032 1060 1087 talium
1103 1032 1376 1085 rationum
1417 1032 1821 1087 incertitudo?“
1910 1034 2021 1087 Cur
2047 1033 2368 1087 Ptolemaeo
2409 1037 2473 1087 de
2505 1034 2878 1099 concentricis‚
2922 1054 3113 1089 eccen-

390 1113 560 1178 tricis,
604 1112 868 1184 epicyclis
911 1112 1112 1175 credis,
1168 1112 1212 1165 si
1255 1113 1396 1165 haec
1444 1112 1853 1175 „instrumentis
1896 1114 2075 1177 cerni,
2120 1120 2219 1167 aut
2261 1114 2377 1166 ullo
2420 1130 2587 1169 sensu
2628 1116 2719 1168 vel
2759 1114 2977 1175 ratione
3020 1118 3111 1169 de·

391 1192 694 1265 prehendi⁴⁸
743 1196 1068 1262 nequeunt?
1153 1191 1292 1254 Quid
1335 1192 1550 1247 habent
1591 1193 1742 1247 aliud
1787 1193 2118 1255 astronomi,
2163 1209 2268 1263 quo
2312 1192 2367 1245 in
2408 1194 2779 1265 coguitionem
2822 1194 3111 1249 distantia·

384 1290 505 1329 rum
532 1272 764 1327 veniunt
791 1271 1198 1341 altissimosque
1227 1272 1410 1325 coelos
1441 1280 1762 1343 perrepunt,
1818 1274 1923 1327 nisi
1951 1272 2319 1327 instrumenta
2346 1278 2488 1327 sua?
2562 1274 2771 1335 Quibus
2806 1274 2851 1329 si
2880 1282 3116 1345 possunt

393 1354 450 1407 in
489 1353 782 1407 stellarum
823 1350 1192 1424 cognitionem
1235 1360 1414 1405 motus
1458 1360 1516 1405 et·
1557 1352 1662 1405 loci
1705 1354 1923 1417 venire,
1986 1358 2220 1423 possunt
2262 1358 2321 1405 et
2360 1352 2416 1407 in
2458 1359 2811 1409 cometarum.
2895 1354 3013 1409 Nec
3054 1360 3112 1409 te

387 1433 477 1488 hic
517 1432 707 1487 audiet
749 1432 1053 1503 quisquam,
1097 1433 1238 1502 quod
1279 1431 1384 1486 illa
1423 1448 1658 1501 corpora
1699 1434 2016 1489 constantia
2043 1432 2171 1495 sint,
2212 1439 2394 1487 motus
2424 1432 2657 1503 perfecti
2698 1440 2759 1489 et
2798 1434 3111 1505 regulares,

389 1520 638 1568 cometae
680 1518 1019 1567 evanescant
1056 1518 1117 1565 et
1155 1518 1438 1582 vagentur
1479 1510 1691 1566 incerti.
1775 1514 1921 1569 Nam
1962 1530 2069 1585 quo
2112 1530 2279 1567 sensu
2339 1520 2521 1567 certas
2562 1519 2807 1569 motuum
2850 1514 3011 1585 leges
3054 1514 3111 1569 in

389 1594 568 1647 stellis
611 1590 946 1663 deprehendi
989 1606 1154 1661 posse
1195 1590 1388 1656 credis,
1431 1594 1621 1646 eodem
1651 1593 1843 1665 Tycho
1883 1595 2103 1649 easdem
2140 1592 2195 1647 in
2223 1593 2451 1647 cometis
2480 1594 2813 1663 deprehendi
2845 1594 3106 1649 affirmat.

387 1674 508 1727 Ait
547 1673 810 1745 Tycho,
853 1671 1066 1742 peritus
1109 1671 1334 1735 artifex,
1379 1670 1470 1741 qui
1513 1670 1823 1741 hujusmodi
1852 1672 2181 1727 observandi
2210 1672 2627 1745 calculandique
2670 1673 2893 1727 labores
2936 1673 3111 1727 totius

387 1754 568 1807 mundi
609 1752 768 1808 vanis
809 1750 1030 1823 gaudiis
1073 1750 1394 1821 anteponit:
1438 1759 1657 1823 negat
1695 1752 2023 1818 medicus,
2069 1752 2156 1808 cui
2195 1752 2253 1806 in
2286 1753 2622 1809 astronomia
2648 1753 2859 1807 versari
2886 1753 3105 1809 minime

387 1841 577 1896 vacat,
641 1833 732 1903 qui
795 1848 914 1885 rem
967 1830 1300 1886 levissimam
1359 1849 1460 1885 nec
1506 1831 1688 1886 verbis
1732 1832 1957 1904 dignam
2018 1852 2091 1887 ex
2133 1832 2239 1888 hac
2301 1832 2627 1887 observandi
2678 1832 2897 1887 ratione
2957 1832 3113 1887 facit.

385 1914 510 1969 Utri
551 1913 735 1983 potius
784 1912 1110 1967 credendum
1151 1911 1296 1965 erit?
1379 1915 1467 1965 An
1511 1912 1641 1982 quia
1675 1912 2169 1975 Maestlinum,
2215 1912 2345 1985 quia
2384 1914 2717 1967 Gemmam
2762 1912 3012 1967 inscitiae
3054 1920 3119 1967 et

387 1992 644 2049 ruditatis
689 1993 743 2046 in
787 1990 1132 2045 observando
1175 1991 1384 2061 arguis,
1427 1992 1535 2045 hac
1576 1994 1864 2062 praetoria
1905 1994 2157 2049 oratione
2200 2002 2258 2047 te
2299 1992 2446 2047 inter
2472 1992 2684 2062 peritos
2714 1992 2953 2047 artifices
2982 2010 3109 2048 con·

388 2073 615 2128 stituis?
696 2071 921 2126 Scilicet
960 2072 1012 2124 id
1056 2072 1294 2142 populus
1323 2078 1498 2133 curat,
1541 2079 1749 2127 temere
1778 2073 1906 2144 quid
1956 2074 2194 2127 affirmes
2236 2090 2309 2127 an
2345 2075 2701 2127 demonstres.
2786 2074 3111 2127 Hauserunt

388 2162 574 2208 tamen
613 2152 698 2207 illi
739 2151 1002 2205 decennio
1045 2158 1173 2221 post
1213 2168 1342 2205 suos
1383 2152 1606 2206 labores
1646 2152 1961 2223 publicatos
2004 2171 2079 2207 ex
2121 2160 2179 2207 te
2218 2159 2583 2223 praeceptore
2636 2151 2903 2207 rationem
2944 2168 3106 2221 sepa-

387 2233 544 2289 randi
601 2238 782 2287 motus
826 2237 1073 2285 cometae
1133 2230 1342 2301 proprii
1394 2247 1430 2284 a
1471 2232 1698 2304 negotio
1759 2235 2160 2304 parallaxeos?
2245 2234 2289 2287 Ο
2334 2231 2586 2295 miseros,
2651 2232 2743 2302 qui
2784 2249 2891 2285 non
2954 2231 3107 2301 prius

387 2320 542 2368 tuam
585 2311 991 2383 Capnuraniam
1019 2310 1272 2365 viderint.
1357 2312 1510 2373 Quod
1542 2310 1644 2367 nisi
1675 2318 1791 2367 tam
1818 2314 2154 2368 confidenter
2182 2320 2241 2367 te
2268 2318 2587 2382 pertaesum
2629 2320 2780 2366 esset
2828 2313 3105 2387 πολυρῤη-

383 2413 577 2466 τοριας
619 2391 1040 2463 Tychonianae,
1085 2407 1194 2445 non
1225 2389 1346 2459 jam
1387 2408 1486 2444 nos
1531 2390 1754 2463 pigeret
1780 2392 1947 2462 huius
1978 2393 2226 2447 crambes
2260 2392 2343 2445 bis
2373 2408 2409 2445 a
2455 2397 2511 2445 te
2559 2399 2783 2462 coctae3
2826 2394 2897 2447 ad
2940 2408 3105 2463 quam

388 2473 472 2528 ita
509 2472 809 2543 diligenter
848 2477 908 2525 et
949 2471 1120 2526 solide
1163 2470 1439 2539 Tychonis
1482 2472 1749 2543 apologia
1785 2472 2089 2543 respondit,
2130 2479 2195 2527 ut
2235 2478 2295 2526 tu
2336 2472 2565 2526 verbum
2606 2472 2695 2525 hic
2738 2489 2843 2525 non
2878 2471 3103 2537 dixeris,

386 2554 527 2625 quod
571 2552 734 2607 isthic
775 2552 1042 2606 intactum
1069 2550 1432 2620 relinquatur.
1516 2551 1763 2607 Vidisses
1789 2552 1885 2615 ibi,
1930 2570 2039 2607 non
2086 2552 2209 2605 ideo
2250 2550 2382 2623 quia
2409 2551 2597 2621 Tycho
2626 2553 2697 2606 ab
2726 2552 3102 2607 instrumentis

385 2631 704 2688 instructior
763 2638 823 2685 et
862 2632 918 2685 in
963 2631 1117 2685 coelo
1179 2629 1515 2699 inspiciendo
1576 2632 1782 2686 multas
1826 2634 1898 2687 ob
1938 2632 2379 2695 commoditates,
2442 2631 2641 2701 quibus
2686 2630 2851 2685 alteri
2892 2641 3101 2696 carent,

385 2712 720 2786 diligentior,
753 2710 884 2781 jure
927 2712 1160 2781 quodam
1203 2726 1301 2763 suo
1343 2709 1400 2763 in
1441 2711 1742 2766 alterorum
1771 2713 2188 2767 observationes
2218 2710 2609 2766 animadvertit
2636 2728 2842 2781 easque
2868 2711 3099 2767 limitat:

385 2812 494 2850 non
534 2794 758 2866 inquam
797 2793 920 2848 ideo
961 2791 1052 2846 vel
1093 2793 1160 2846 de
1202 2795 1327 2846 tota
1365 2807 1538 2846 causa
1579 2798 1762 2846 actum
1803 2811 1947 2857 esse,
1992 2793 2081 2848 vel
2112 2792 2340 2846 cuilibet
2367 2793 2591 2846 easdem
2614 2791 2886 2862 sugillare
2911 2791 3103 2856 licere,

385 2875 544 2945 quasi
587 2881 705 2928 tot'o
747 2873 902 2926 coelo
943 2872 1222 2926 aberrent.
1309 2871 1462 2932 Quae
1506 2871 1647 2926 enim
1699 2872 1847 2928 inter
1894 2873 2116 2928 illorum
2156 2883 2215 2928 et
2255 2869 2530 2942 Tycbonis
2586 2872 2889 2948 observata
2928 2873 3099 2927 minu·

383 2955 508 3008 tula
545 2953 859 3008 differentia
897 2950 1218 3012 intercedit,
1281 2950 1403 3019 ejus
1456 2952 1676 3022 culpam
1719 2953 1840 3023 quis
1892 2970 2098 3024 quaeso
2140 2953 2231 3006 vel
2274 2951 2331 3006 in
2370 2952 2516 3006 hunc
2557 2951 2647 3004 vel
2708 2952 2763 3004 in
2804 2951 2929 3004 illos
2974 2969 3099 3005 con·

382 3036 530 3089 ferre
569 3035 790 3095 audeat,
833 3032 924 3102 qui
967 3048 1076 3086 non
1117 3048 1192 3084 ex
1233 3029 1374 3084 libro
1403 3030 1676 3100 Tychonis
1720 3032 1903 3088 obiter
1928 3034 2177 3104 perlecto
2204 3029 2487 3087 balbutire
2525 3030 2677 3102 prius
2706 3033 2772 3084 de
2802 3031 2890 3084 his
2919 3037 3097 3086 astro·

383 3114 598 3170 nomiae
657 3111 934 3183 mysteriis
993 3110 1214 3164 didicit?
1308 3109 1556 3166 Vidisses
1617 3111 1814 3175 etiam,
1888 3112 1935 3166 si
1995 3112 2097 3167 tibi
2144 3111 2500 3182 Tychoniano
2560 3109 2739 3166 labori
2797 3111 3104 3180 placuisset

383 3193 677 3266 invigilare
737 3191 1003 3263 legendo,
1065 3205 1230 3261 quam
1285 3189 1419 3244 nihil
1482 3189 1628 3244 obsit
1668 3191 2061 3262 Tychonianae
2124 3190 2624 3264 argumentationi,
2686 3192 2829 3261 quod
2870 3193 3099 3246 cundem

383 3274 630 3328 laborem
671 3270 1002 3326 Maestlinus
1053 3269 1294 3324 tentavit
1333 3270 1391 3323 in
1447 3271 1618 3340 paulo
1661 3271 1778 3325 alia
1832 3271 2163 3343 hypothesi:
2225 3270 2415 3342 itaque
2474 3269 2641 3339 huius
2702 3270 2909 3340 injectu
2950 3287 3099 3326 scru-

383 3354 502 3424 puli
540 3354 612 3408 ad
653 3350 988 3422 suspiciones
1030 3349 1384 3404 concitandas
1424 3349 1482 3404 in
1521 3350 1629 3404 hac
1667 3351 2001 3420 repetitione
2042 3359 2147 3406 tua
2182 3350 2605 3420 supersedisses.

523 3481 616 3533 His
652 3481 898 3546 abrumpit
931 3493 1206 3530 sermonem
1241 3479 1514 3543 Keplerus,
1551 3493 1712 3544 neque
1745 3479 1950 3530 ulterius
1988 3479 2054 3531 ad
2088 3479 2221 3530 banc
2254 3480 2394 3529 litem
2429 3479 2591 3537 rediit,
2628 3478 2839 3530 libenter
2872 3493 2975 3528 rem
3012 3479 3088 3530 ln·

381 3559 578 3620 gratam
616 3567 650 3603 a
683 3551 920 3616 Tychom
953 3552 1162 3616 petitam
1197 3549 1283 3600 illo
1317 3557 1507 3600 mortno
1546 3551 1802 3614 abjiciens.

527 3708 586 3774 t)
625 3726 674 3775 p.
716 3707 836 3759 ²32.
914 3709 1056 3770 Quae
1075 3707 1324 3773 Keplerus
1364 3709 1582 3767 „antea“
1625 3715 1802 3760 contra
1823 3709 2005 3760 Ursum
2030 3710 2335 3774 conscripsit,
2372 3709 2645 3773 disquisitio
2670 3709 2796 3758 forte
2822 3713 2915 3765 est,
2954 3721 3101 3774 quam

385 3783 500 3834 dnm
536 3785 587 3832 in
622 3782 923 3832 bibliotheca
945 3781 1161 3830 Vienn
1177 3782 1314 3830 ensi
1351 3782 1692 3845 manuscripta
1707 3781 1913 3846 Kepleu'
1938 3782 2317 3846 quaerebamus,
2354 3782 2639 3844 accepimns
2664 3781 2805 3844 quasi
2838 3792 2871 3829 a
2895 3777 3101 3843 Kepleri

381 3869 534 3904 manu
571 3854 820 3917 scriptam.
897 3851 1044 3902 Hanc
1081 3851 1280 3915 quidem
1314 3866 1416 3902 non
1452 3851 1583 3902 illius
1617 3867 1770 3902 manu
1806 3854 2045 3917 scriptam
2075 3853 2422 3916 judicavimus,
2464 3857 2521 3901 at
2556 3851 2858 3913 descriptam
2895 3861 3005 3899 esse
3045 3851 3109 3900 ab

384 3923 692 3991 autographo
727 3923 934 3987 Keplerl
969 3923 1040 3972 nil
1078 3921 1214 3972 dubii
1251 3923 1434 3974 obstat.

524 4067 820 4130 Inscriptum
858 4071 936 4114 est
969 4063 1141 4116 folium
1177 4064 1436 4114 continens
1471 4065 1604 4114 banc
1642 4063 2063 4130 disquisitionem:

541 4175 617 4228 M.
659 4175 756 4228 Jo.
799 4171 1096 4242 Kepleri
1155 4173 1306 4226 Ord.
1358 4173 1549 4227 Prov.
1595 4171 1901 4244 styriae
1940 4172 2419 4228 Mathematici
2470 4171 2815 4240 judicium
2876 4172 2953 4224 de
2994 4171 3105 4242 hy-

381 4254 806 4326 pothesibus
868 4250 1370 4321 Tychonianis,
1434 4269 1602 4324 quas
1661 4252 1945 4323 quidam
2002 4253 2347 4307 Nicolaus
2408 4252 2621 4306 Ursus
2662 4251 3107 4304 Dithmarsus

383 4334 521 4390 sibi
564 4349 910 4405 arrogare
951 4331 1382 4402 praesumit,
1445 4337 1546 4386 aut
1585 4331 1633 4385 si
1673 4331 1728 4385 id
1769 4331 2298 4402 apud-cordatiores
2342 4333 2593 4387 obtinere
2636 4348 2743 4384 non
2784 4336 3003 4400 posset,
3042 4337 3113 4383 ut

381 4415 582 4468 saltem
625 4412 908 4486 Tychonis
943 4412 1224 4466 inventum
1265 4427 1374 4465 non
1415 4429 1557 4472 esse,
1599 4414 1696 4466 sed
1737 4430 1811 4467 ex
1853 4411 2135 4466 Martiano
2164 4413 2417 4483 Capella,
2463 4411 2765 4480 Copernico
2808 4416 2909 4464 aut
2935 4410 3107 4479 Apol·

379 4494 530 4548 lonio
569 4493 826 4565 Pergaeo
869 4493 1176 4546 desumtum
1215 4491 1376 4544 fidem
1417 4491 1650 4547 faceret,
1738 4493 1895 4554 Quae
1938 4492 2123 4546 omnia
2162 4509 2199 4546 a
2239 4492 2382 4547 dicto
2424 4492 2674 4561 Keplero
2718 4488 3107 4544 mathematico

381 4572 584 4628 eximio
629 4579 690 4626 et
727 4573 785 4626 in
826 4572 1147 4626 Ptolemaeo
1191 4577 1362 4640 atque
1405 4571 1706 4640 Copernico
1750 4572 1892 4625 bene
1934 4583 2161 4626 versato
2204 4572 2477 4626 succincte
2520 4578 2578 4625 et
2616 4570 2787 4623 solide
2830 4569 2920 4625 hic
2958 4571 3106 4624 refil-

380 4659 591 4708 tantur.
678 4652 1137 4714 Quemadmodum
1179 4649 1378 4712 etiam,
1443 4657 1740 4720 antequam
1801 4653 1847 4704 is
1892 4651 2205 4722 Tychonem
2266 4654 2333 4705 de
2376 4652 2519 4706 facie
2561 4657 2781 4713 nosset,
2844 4651 2913 4704 ad
2974 4650 3102 4703 nob.

378 4741 442 4787 et
479 4739 690 4802 praest.
731 4732 908 4786 virum
949 4734 1020 4786 D.
1063 4733 1151 4785 Jo.
1197 4731 1262 4784 G.
1309 4731 1660 4785 Herwartum
1699 4733 1774 4784 ab
1813 4732 2194 4802 Bohenburg,
2250 4738 2496 4786 statuum
2539 4730 2955 4801 provincialium
2996 4731 3106 4784 Ba·

379 4813 572 4866 variae
616 4811 1036 4875 cancellarium,
1099 4811 1246 4864 hanc
1287 4809 1668 4880 quaestionem
1707 4819 2045 4875 moventem,
2092 4812 2511 4882 perscripserat,
2576 4827 2719 4882 quae
2764 4811 2963 4868 literae
3007 4825 3107 4864 suo

379 4899 638 4970 tempore
679 4891 878 4947 haberi
921 4899 984 4946 et
1023 4891 1098 4946 in*
1119 4890 1377 4948 veritatis
1421 4890 1720 4946 subsidium
1759 4891 1989 4958 proferri
2030 4899 2281 4962 possunt.
