3634 5575
1441 430 1504 479 «ιο
1539 431 1684 480 rebus
1721 428 2043 494 astrologicis.
2964 427 3083 494 371

385 591 690 659 naturam,
718 603 930 665 ·eaque
978 585 1034 647 si
1079 586 1158 648 ad
1205 587 1436 650 oculum
1483 587 1784 650 invenitur
1830 588 1891 649 in
1940 589 2351 659 microcosmo,
2400 585 2542 666 quid
2589 585 2833 661 mirum,
2894 586 2947 648 si
2993 587 3091 650 in-

381 671 658 734 veniatur
699 681 766 735 et
809 674 870 734 in
915 692 1342 737 macrocosmo.
1436 679 1813 754 Aspectuum
1862 676 2259 738 differentiam
2316 675 2375 736 in
2425 676 2559 738 sola
2603 674 2984 738 vehementia
3030 685 3095 736 et

385 761 736 823 fortitudine
781 781 958 842 pono.
1053 761 1348 825 Omnibus
1394 764 1556 826 idem
1603 783 1752 844 opus
1802 765 2021 826 bonum
2066 764 2300 836 tribuo,
2356 763 2794 826 extimulare
2852 763 3090 828 facul-
3132 799 3143 810 ·

377 857 588 910 tates
655 851 1016 912 animales
1085 853 1174 913 ad
1241 871 1462 932 opera
1525 873 1672 915 sua.
1787 857 2124 934 Aspectum
2187 852 2343 914 inter
2404 852 2575 914 binos
2636 851 2918 930 planetas
2982 872 3091 914 seu

381 937 516 1016 ipsa
559 957 814 1018 corpora
861 940 1102 1020 fingere,
1151 940 1410 1019 imperiti
1458 952 1576 1003 est.
1669 942 1810 1003 Vox
1859 949 1955 1004 est
1999 941 2304 1008 Arabum,
2354 941 2460 1002 sed
2504 948 2683 1019 puto,
2725 959 2803 1000 ex
2850 939 3091 1004 Graeca

379 1026 716 1089 Ptolemaei
751 1049 1160 1108 σχηματισμος
1189 1030 1465 1092 deducta.
1541 1033 1670 1092 Aut
1715 1031 1766 1091 si
1815 1050 1890 1093 ex
1920 1032 2340 1110 καταβλεψεσι,
2388 1037 2520 1090 esto
2558 1047 2725 1098 sane,
2772 1027 3089 1092 dummodo

379 1115 684 1177 commode
732 1118 1219 1196 interpretemur,
1283 1119 1356 1178 de
1408 1137 1700 1180 concursu
1746 1119 2073 1194 radiorum,
2134 1119 2191 1180 in
2240 1136 2355 1197 quo
2402 1117 2562 1180 inest
2606 1127 2919 1195 aspectus,
2970 1137 3087 1178 non

379 1203 438 1264 in
477 1203 700 1266 circulo
760 1205 1116 1286 imaginario
1137 1253 1154 1280 ,
1223 1205 1322 1287 qui
1387 1206 1748 1269 adsciscitur
1811 1210 1890 1270 ad
1956 1207 2292 1270 metiendos
2360 1207 2613 1285 angulos
2678 1223 3085 1268 concursuum.

380 1289 506 1354 Sed
553 1293 626 1354 de
674 1294 786 1355 hoc
833 1295 894 1355 in
943 1295 1493 1358 dissertatiuncula..
1586 1295 1750 1358 Nihil
1799 1296 1895 1357 hic
1963 1296 2158 1358 tribuo
2206 1295 2549 1368 reflexioni,
2618 1314 2759 1356 nam
2807 1303 3089 1374 aspectus

378 1387 476 1442 est
517 1379 580 1442 in
628 1401 794 1444 mera
839 1383 1166 1446 incidentia
1213 1403 1318 1446 seu
1365 1403 1656 1446 concursu
1701 1385 2021 1446 radiorum.
2115 1383 2247 1446 Nec
2287 1383 2555 1463 sequitur
2601 1383 2893 1462 operatio,
2944 1383 3087 1464 quia

377 1470 626 1532 alterius
671 1473 876 1533 radius
943 1493 980 1533 a
1026 1473 1264 1535 Tellure
1327 1474 1389 1535 in
1445 1473 1696 1536 alterius
1751 1491 1969 1554 corpus
2032 1472 2367 1534 reflectitur
2432 1472 2617 1550 (quae
2680 1471 3083 1552 philosophia,

374 1566 538 1638 puto,
589 1569 688 1622 est
712 1560 986 1622 Jofranei
1015 1560 1302 1636 offucii),
1335 1556 1416 1637 ¹⁰)
1465 1562 1573 1623 sed
1619 1561 1762 1641 quia
1792 1562 2065 1624 binorum
2094 1561 2249 1624 radii
2296 1568 2463 1622 certo
2492 1559 2711 1638 angulo
2758 1560 2819 1621 in
2867 1571 3087 1640 puncto

379 1667 450 1708 eo
497 1657 872 1725 concurrunt,
924 1651 980 1710 in
1031 1669 1144 1730 quo
1192 1651 1522 1712 collocatur
1565 1669 1664 1711 res
1709 1651 2151 1725 immateriata,
2205 1654 2489 1727 aspectus
2538 1648 2845 1727 receptiva
2892 1649 3088 1712 faculss-
3114 1676 3133 1688 ⁴

381 1745 504 1812 tas,
551 1755 765 1816 nempe
813 1737 1111 1800 animalis.
1207 1740 1327 1802 Ubi
1381 1739 1530 1800 nihil
1584 1739 1868 1820 impedit,
1932 1749 2159 1819 puncta
2220 1737 2455 1800 differre
2514 1735 2591 1798 ab
2638 1735 2895 1798 invicem
2940 1747 3007 1798 et
3052 1757 3091 1798 a

375 1835 586 1885 centro
635 1825 877 1888 Terrae.
971 1827 1130 1889 Nam
1177 1836 1240 1888 et
1291 1827 1422 1907 jam
1480 1827 1707 1889 dictum
1753 1835 1817 1890 et
1861 1827 2225 1890 inculcatum
2272 1826 2331 1886 in
2370 1823 2815 1907 Disputatione,
2866 1840 3085 1904 opera-

375 1912 605 1974 tionem
652 1913 806 1976 hanc
849 1933 961 1994 per
1005 1925 1290 1996 aspectus
1339 1936 1474 1978 esse
1535 1916 1732 1979 stellis
1779 1916 2251 1978 accidentariam
2308 1921 2369 1975 et
2416 1921 2651 1974 tantum
2698 1913 3083 1994 objectivam.

375 2002 592 2082 ltaque
653 2013 722 2064 ut
785 2003 1067 2066 videntur
1125 2006 1374 2079 stellae,
1434 2006 1490 2066 h.
1540 2025 1592 2066 e.
1643 2013 1712 2066 ut
1755 2005 1912 2068 radii
1958 2006 2291 2078 confluunt,
2342 2002 2433 2062 ita
2478 2001 2751 2082 operatio
2798 2002 3085 2081 sequitur.

373 2091 463 2151 At
508 2090 660 2152 visio
709 2110 784 2152 ex
831 2099 1038 2153 centro
1087 2094 1309 2155 Terrae
1353 2094 1504 2154 nihil
1549 2093 1923 2156 sensibiliter
1987 2093 2187 2154 differt
2253 2111 2291 2151 a
2338 2088 2566 2151 visione
2630 2109 2707 2150 ex
2750 2090 3081 2169 superficie,

375 2178 450 2238 ob
503 2178 884 2242 altitudinem
933 2181 1194 2242 siderum
1244 2182 1592 2256 immanem3
1667 2201 1810 2262 ergo
1868 2200 2059 2261 neque
2118 2179 2389 2259 operatio
2451 2178 2652 2240 differt
2698 2178 3084 2242 sensibiliter.

375 2266 460 2326 Et
505 2267 644 2346 qnid
695 2276 838 2342 turn,
887 2269 940 2328 si
988 2269 1255 2332 differret
1299 2269 1714 2332 sensibiliter?
1807 2269 2100 2349 Operatio
2149 2268 2305 2330 enim
2352 2276 2731 2345 sequeretur;
2790 2287 2845 2328 e.
2894 2285 2953 2346 g.
3002 2268 3087 2330 sit

383 2355 540 2416 hora
585 2355 730 2420 XII.
779 2356 1017 2418 sextilis
1065 2355 1316 2420 Saturni
1357 2367 1422 2420 et
1467 2359 1674 2420 Lunae
1719 2359 1780 2420 in
1828 2368 2032 2420 centro
2080 2359 2303 2418 Terrae
2314 2374 2334 2430 ;
2390 2363 2552 2430 esto,
2608 2363 2677 2417 ut
2720 2356 3089 2420 sensibiliter

381 2443 571 2504 distet
619 2445 730 2505 hoc
774 2454 1012 2524 tempus
1061 2467 1099 2507 a
1145 2455 1412 2527 tempore
1459 2447 1592 2526 ejus
1639 2447 1906 2522 sextilis,
1959 2447 2053 2527 qui
2104 2446 2165 2506 in
2214 2443 2524 2524 superficie
2572 2443 2795 2505 Terrae
2844 2443 3085 2506 contin-

357 2539 514 2614 ⁸get3
579 2551 714 2594 cum
759 2533 943 2612 igitur
985 2535 1180 2610 Luna,
1229 2536 1410 2598 imum
1457 2536 1656 2609 sidus,
1725 2537 1919 2597 locum
1965 2542 2158 2596 mutet
2202 2552 2317 2596 uno
2364 2531 2581 2612 gradu,
2642 2551 2783 2611 ergo
2832 2551 2902 2594 eo
2950 2551 3085 2594 mo-

377 2628 580 2682 mento
628 2621 786 2683 inter
833 2617 874 2702 15
923 2631 987 2682 et
1031 2626 1080 2695 )
1130 2631 1307 2685 erunt
1354 2618 1495 2686 61⁰.
1587 2625 1741 2686 Post
1786 2621 1829 2686 2
1876 2625 2055 2686 horas
2117 2623 2448 2684 intererunt
2502 2614 2641 2695 60⁰,
2700 2620 2801 2700 qui
2854 2637 3087 2684 rursum

372 2709 618 2771 >sextilis
663 2718 782 2771 est.
873 2711 1086 2791 Itaque
1145 2712 1310 2773 intra
1363 2711 1403 2773 2
1461 2713 1641 2774 horas
1691 2712 2063 2787 coincidunt,
2128 2711 2187 2772 in
2234 2710 2455 2772 ceteris
2499 2709 2763 2790 propius.
2858 2709 3087 2771 Verum

369 2799 500 2878 jam
545 2800 864 2861 considera
911 2808 974 2861 et
1019 2802 1406 2865 latitudinem
1451 2803 1814 2872 nonnullam,
1864 2800 2075 2863 tamin
2108 2800 2471 2879 aspectibuS,
2522 2814 2701 2877 quam
2728 2800 2786 2859 in
2824 2798 3077 2860 musica.

373 2888 512 2950 Non
575 2888 788 2951 statim
853 2889 1046 2952 omnis
1101 2891 1500 2953 consonantia
1562 2899 1857 2971 negatur,
1934 2889 2050 2951 etsi
2115 2888 2371 2951 chordae
2436 2906 2553 2947 nou
2615 2895 2896 2949 accurate
2960 2888 3086 2949 sint

375 2985 608 3038 tensae.
703 2976 864 3047 Quin
909 2977 1029 3039 imo
1078 2979 1446 3057 quarundam
1493 2980 2020 3041 consonantiarum
2086 2977 2486 3041 dimensiones
2546 2974 2891 3037 necessario
2948 2995 3081 3037 ma-

373 3074 520 3125 nent
563 3064 973 3144 imperfectae,
1023 3068 1182 3147 quod
1229 3069 1678 3131 fundamentum
1725 3077 1823 3129 est
1868 3076 2143 3129 tonorum
2189 3064 2562 3137 affectionis,
2638 3082 2830 3143 neque
2876 3073 3083 3127 tamen

373 3152 520 3226 ideo,
557 3172 674 3214 non
723 3152 992 3215 delectat
1040 3155 1253 3217 talium
1299 3164 1574 3219 tonorum
1618 3156 1951 3235 usurpatio.
2043 3156 2143 3217 Ita
2190 3154 2395 3216 videas
2443 3153 2895 3233 conjunctiones
2942 3154 3081 3233 pla-

372 3248 650 3303 netarum
698 3242 1014 3317 efficaceS‚
1085 3243 1182 3304 ubi
1231 3244 1474 3306 diversa
1528 3245 1807 3318 latitudo,
1862 3244 2175 3305 dummodo
2220 3262 2339 3305 non
2388 3241 2607 3316 nimia3
2664 3242 2865 3321 igitur
2910 3252 2976 3303 et
3020 3241 3079 3305 in

375 3329 750 3409 longitudine
797 3331 922 3391 lato
971 3331 1228 3411 quodam
1275 3333 1450 3394 modo
1499 3333 1816 3395 definiendi
1866 3340 2183 3411 aspectuS,
2242 3340 2313 3393 ut
2356 3352 2395 3391 a
2442 3324 2563 3393 60⁰
2610 3330 2849 3409 quidem
2893 3348 3077 3409 prae-

373 3418 872 3498 cise‚operentur
917 3420 1377 3499 perfectissime,
1430 3422 1538 3483 sed
1583 3443 1624 3484 a
1669 3416 1792 3485 59⁰
1837 3429 1901 3481 et
1946 3441 1983 3481 a
2030 3414 2153 3483 61⁰
2198 3426 2519 3500 operentur
2564 3418 2731 3481 nihil.
2805 3419 2939 3481 Hoc
2972 3440 3077 3481 as-

369 3516 568 3569 sumto
629 3508 811 3587 plane
873 3508 1128 3571 ridicula
1191 3511 1306 3571 erit
1351 3509 1611 3589 objectio
1659 3512 1732 3571 de
1781 3509 2122 3571 differentia
2186 3508 2379 3571 centri
2424 3514 2491 3567 et
2536 3506 3075 3579 circumferentiae,

369 3595 528 3658 addo
575 3604 638 3657 et
681 3596 760 3659 de
805 3596 1160 3673 differentia,
1210 3616 1387 3678 quam
1435 3599 1586 3661 facit
1629 3599 1929 3660 refractio.
2006 3596 2301 3667 Quamvis
2330 3596 2404 3657 de
2434 3595 2793 3657 refractione
2821 3614 3077 3676 respon-

369 3685 624 3749 dendum
673 3685 869 3747 aliter.
963 3686 1194 3767 Nempe
1261 3707 1336 3749 ne
1403 3706 1596 3768 opaca
1659 3687 1897 3767 quidem
1962 3685 2329 3766 impediunt,
2398 3683 2711 3765 quominus
2772 3685 3075 3747 radiorum

367 3782 650 3853 aspectus
697 3774 1062 3855 percipiatur
1109 3796 1148 3837 a
1195 3776 1588 3839 facultatibus
1653 3775 2052 3851 animalibuS,
2120 3774 2336 3836 nedum
2383 3773 2761 3852 semiopaca‚
2827 3782 2895 3834 ut
2940 3780 3075 3851 aer3

367 3863 496 3924 sive
545 3863 701 3944 quod
747 3864 1009 3925 facultas
1055 3864 1336 3925 animalis
1385 3865 1599 3927 eadem
1645 3874 1744 3927 est
1789 3863 1848 3925 iu
1896 3872 2103 3927 centro
2134 3863 2355 3925 Terrae
2404 3870 2466 3923 et
2510 3862 2569 3922 in
2601 3862 2829 3923 extima
2856 3881 3073 3942 super-

367 3950 498 4013 ficie
545 3951 730 4023 aeris,
775 3972 884 4013 seu
930 3952 1085 4032 quod
1133 3952 1428 4029 subtilior,
1475 3955 1698 4038 purior,
1745 3952 2202 4015 immaterialior
2248 3959 2345 4013 est
2386 3950 2695 4030 perceptio
2736 3951 2897 4025 situs,
2919 3953 3073 4015 stel-

365 4040 574 4133 larum,
626 4058 806 4119 quam
849 4048 920 4101 ut
964 4042 1042 4101 ad
1089 4060 1221 4103 eum
1268 4042 1841 4121 repraesentandum
1889 4041 2077 4103 radiis
2125 4040 2337 4104 lucidis
2385 4058 2535 4119 opus
2583 4039 2685 4101 sit.
2778 4038 3073 4120 Exemplo

367 4130 450 4190 sit
493 4126 652 4191 ratio
698 4130 1036 4208 genesium:
1082 4130 1340 4193 influunt
1383 4132 1686 4211 planetae,
1738 4131 1837 4212 qui
1886 4131 1997 4192 sub
2027 4130 2216 4191 Terra
2260 4138 2431 4204 sunt;
2478 4136 2543 4189 et
2568 4128 2760 4190 maria
2804 4129 2862 4191 in
2896 4130 3071 4191 novi-

367 4217 546 4279 Iuniis
593 4226 933 4292 moventur,
993 4218 1178 4281 etiam
1222 4238 1332 4299 per
1377 4221 1695 4300 appulsum
1741 4220 2005 4281 siderum
2055 4220 2135 4281 ad
2181 4218 2384 4292 nadir,
2452 4217 2605 4279 unde
2654 4216 2805 4279 radii
2852 4236 3073 4283 ascen-

367 4305 509 4365 dere
553 4306 962 4385 prohibentur.
1056 4306 1184 4371 Sed
1229 4308 1342 4369 hoc
1389 4310 1668 4371 fortassis
1717 4309 1969 4370 alienius
2018 4307 2517 4385 estzexemplum.
2568 4336 2652 4348 —

543 4392 851 4474 Denique,
919 4398 1075 4476 quod
1122 4396 1346 4459 attinet
1391 4416 1680 4459 causam
1735 4406 2204 4475 aspectuum,
2270 4396 2415 4457 nihil
2464 4396 2661 4475 magis
2706 4414 2800 4455 me
2848 4404 3069 4471 movet,

367 4500 544 4561 quam
573 4482 706 4555 hoc,
737 4485 894 4564 quod
925 4485 1241 4547 dicendum
1269 4494 1386 4559 est,
1427 4494 1712 4565 aspectus
1739 4486 2193 4547 animadversos
2224 4485 2519 4565 ignoratis
2550 4483 2767 4547 causis.
2832 4484 2925 4545 At
2961 4485 3073 4547 hoc

367 4569 515 4633 nihil
559 4570 717 4633 novi.
811 4564 1298 4655 Quotusquisque
1355 4574 1650 4636 rationem
1705 4572 1876 4635 novit
1928 4573 2445 4654 perspicillorum?
2538 4574 2696 4634 Num
2740 4570 2878 4633 ideo
2922 4571 3071 4635 nihil

365 4666 509 4721 sunt
549 4659 940 4740 perspicilla?
1031 4662 1232 4723 Multa
1276 4663 1444 4724 talia.
1537 4663 1772 4742 Magna
1817 4662 1911 4723 vis
1960 4662 2399 4743 experientiae,
2462 4679 2683 4739 magna
2727 4661 3067 4735 curiositas,

361 4766 587 4829 magna
631 4748 960 4812 subtilitas.
1055 4748 1232 4821 Quod
1279 4770 1526 4813 causam
1568 4751 1766 4830 ipsam
1813 4750 2056 4824 attinet,
2100 4761 2247 4831 puto
2274 4751 2581 4813 inventam
2628 4757 3071 4828 etexpressam

361 4838 424 4901 in
467 4837 916 4921 Disputatione,
966 4856 1120 4919 quae
1167 4838 1380 4903 similis
1429 4840 1662 4903 videtur
1707 4838 2138 4916 Ptolemaicae,
2187 4847 2255 4901 at
2300 4839 2607 4917 explicata
2652 4856 2769 4899 non
2818 4838 2933 4901 fuit
2976 4838 3066 4901 si·

359 4926 588 4993 militer
629 4948 670 4989 a
691 4928 1084 5017 Ptolemaeo.
1171 4928 1314 4993 Non
1360 4936 1495 4993 erat
1537 4936 1718 4991 notus
1754 4928 2109 4991 Ptolemaeo
2140 4926 2401 4991 Creator
2446 4926 2677 5000 mundi3
2726 4945 2911 5007 qnare
2947 4930 3067 4993 im-

2524 5026 2645 5083 24·
