3634 5575
45 2756 54 3138 -m-aeov----
46 2684 48 2695 -

45 3483 52 3558 νὴ·
45 3367 54 3474 -ιῂ-,φ

661 398 754 467 56
1845 396 2169 451 Pmoeurium.

665 582 776 627 sua
823 560 1042 624 alicubi
1089 558 1419 635 addixerit,
1467 576 1656 639 eaque
1703 558 1779 619 ad
1822 564 2057 638 tempus
2102 564 2404 638 praestet,
2452 566 2701 638 utroque
2748 558 2922 619 modo
2960 562 3161 619 totam
3204 554 3363 617 hane

661 670 788 716 rem
832 650 948 731 ipsi
995 648 1246 712 utilitati
1293 649 1438 711 fore.
1532 646 1655 710 Sed
1709 646 1881 721 vide,
1946 647 2087 727 quid
2141 653 2333 708 metus
2394 646 2579 710 faciat
2630 646 2971 709 immanium
3025 645 3337 707 verberum

663 740 933 804 Obsecro
960 746 1044 811 te,
1071 732 1436 817 Praeceptor
1466 735 1825 810 honorande,
1874 736 2119 805 enitere,
2150 736 2235 797 'ut
2272 736 2325 798 si
2354 756 2471 817 qua
2498 736 2761 797 conditio
2800 736 2961 816 apud
3004 754 3115 795 vos
3160 742 3349 820 uacet,

662 829 724 891 in
771 847 904 890 eam
951 846 1062 907 ego
1111 828 1449 888 succedam.
1542 824 1774 905 Ubique
1819 824 1910 886 ita
1954 842 2051 885 me
2096 842 2319 903 geram,
2368 832 2439 887 ut
2481 832 2717 904 gratum
2764 824 3117 905 discipulum
3162 823 3352 885 decet.

661 916 857 983 Crede
887 916 1046 990 mihi,
1081 916 1133 978 si
1159 916 1490 995 Tubingam
1522 921 1750 975 mature
1779 931 2017 987 venero,
2064 914 2285 975 multos
2315 912 2637 995 Styrenses
2666 912 2898 975 nobiles
2927 933 2998 975 eo
3028 920 3353 984 attraxere,

663 1008 763 1089 qui
811 1006 1094 1069 aliorsum
1137 1004 1550 1067 concederent.
1641 1002 1734 1063 De
1790 1002 2034 1082 negotio
2088 1002 2396 1082 eclipsium
2452 1002 2713 1082 gaudeo,
2776 1002 2890 1064 tibi
2944 1009 3179 1065 cautum
3230 1002 3353 1081 jam

664 1096 916 1177 pridem.
969 1126 1051 1137 —-
1098 1094 1300 1176 Tycho
1346 1092 1490 1154 mire
1534 1090 2021 1172 philosophatur,
2070 1092 2351 1153 utendum
2397 1091 2632 1165 canali,
2694 1111 2768 1153 ue
2816 1110 2920 1154 aer
2964 1092 3355 1152 intercurrens

663 1184 992 1247 confundat
1037 1189 1101 1244 et
1145 1182 1427 1243 obliteret
1468 1178 1739 1243 radium:
1789 1179 2018 1260 optiees
2066 1180 2160 1242 hic
2205 1180 2469 1242 nonnihil
2508 1180 2802 1261 indigens.
2869 1182 3035 1243 Idem
3064 1178 3355 1241 aestima-

661 1273 826 1335 tione
873 1272 1003 1334 sine
1051 1269 1270 1332 circino
1319 1270 1501 1346 facta,
1551 1265 1590 1332 5
1639 1268 1897 1331 testibus
1942 1268 2471 1343 consentientibus,
2523 1270 2851 1345 contendit,
2901 1268 3147 1348 eclipsin
3190 1266 3356 1329 Solis

661 1358 768 1425 30.
790 1360 929 1423 Jun.
956 1363 1042 1433 (v.
1056 1361 1169 1431 st.)
1200 1358 1383 1421 fuisse
1416 1366 1648 1421 tantum
1678 1355 1716 1421 5
1740 1358 1861 1439 dig.
1886 1376 2059 1439 quam
2080 1358 2372 1421 Jostelius
2394 1357 2783 1438 Witebergae
2814 1357 3160 1421 aestimavit
3180 1356 3358 1419 simi-

659 1450 798 1513 liter
825 1450 953 1512 sine
983 1448 1204 1511 circino
1235 1446 1273 1511 7
1305 1456 1369 1510 et
1402 1447 1560 1510 ultra
1599 1447 1938 1527 digitorum,
1985 1465 2096 1526 ego
2128 1446 2364 1509 Graetii
2404 1448 2481 1509 ad
2510 1454 2644 1509 octo
2685 1449 2809 1509 fere
2838 1448 3080 1510 extendi
3110 1446 3357 1509 demon-

663 1538 872 1614 stravi,
922 1557 1056 1601 cum
1102 1544 1266 1600 certo
1313 1544 1635 1618 appareret
1677 1536 1736 1597 in
1782 1535 1952 1598 radio
2000 1536 2285 1615 ampliato
2334 1529 2483 1618 67„
2532 1544 2596 1598 et
2638 1544 2707 1598 tu
2734 1536 3040 1615 'lubingae
3084 1534 3364 1597 similiter

659 1627 978 1690 artificiose
1043 1644 1157 1688 non
1223 1626 1595 1688 aestimando
1661 1624 1865 1686 vidisti
1928 1625 2093 1686 ultra
2168 1625 2471 1687 dimidium
2528 1626 2801 1688 deficere.
2918 1624 3041 1687 Sed
3095 1640 3159 1685 ut
3215 1624 3361 1687 illuc

660 1716 930 1793 redeam,
981 1714 1411 1777 demonstratio
1459 1714 1646 1776 totius
1693 1714 1779 1775 rei
1827 1732 1959 1774 cum
2006 1715 2091 1775 sit
2133 1714 2380 1795 pulchra
2426 1722 2490 1776 et
2536 1714 2887 1790 artificiosa,
2936 1714 3169 1776 videtur
3214 1713 3361 1774 mihi

663 1804 880 1885 digna,
938 1824 1116 1886 quam
1169 1803 1330 1887 typis
1389 1803 1702 1877 mandem,
1761 1810 1829 1865 ut
1886 1802 2169 1865 hederam
2224 1804 2623 1882 suspendam,
2678 1822 2810 1866 cum
2852 1804 2977 1884 jam
3023 1800 3363 1865 absolutum

661 1892 808 1955 nihil
837 1893 1092 1956 habeam
1121 1894 1301 1955 aliud.
1369 1894 1578 1973 Itaque
1627 1891 1679 1955 si
1729 1892 1810 1967 sit
1838 1893 2269 1974 typographuS,
2318 1892 2534 1954 curabo
2563 1892 2839 1973 imprimi.
2914 1893 3152 1955 Interea
3200 1892 3359 1965 vale,

661 1990 724 2047 et
767 1983 884 2046 mei
930 2001 1151 2045 memor
1199 1983 1304 2054 sis,
1353 1982 1488 2044 dum
1533 1981 1591 2042 in
1639 1981 2089 2045 calamitatibus
2134 1982 2299 2044 hisce
2344 2000 2569 2057 versor,
2618 1983 2714 2064 qni
2760 2000 2851 2046 me
2893 1982 3160 2045 foelicem
3190 2000 3363 2043 sem-

659 2088 770 2153 per
815 2072 1057 2134 amasti.

836 2155 1183 2242 Pragae‘ss.
1239 2156 1339 2225 16.
1386 2160 1534 2221 Dec.
1585 2176 1681 2220 an.
1739 2155 1926 2222 1600.
2434 2160 2513 2221 Η.
2562 2160 2627 2220 Τ.
2722 2159 2896 2223 Grat.
2948 2160 3267 2241 discipulus

2592 2248 2683 2311 M.
2734 2248 2800 2312 J.
2848 2248 3097 2333 Kepler.

837 2372 912 2435 D.
962 2371 1040 2435 D.
1089 2372 1363 2454 Zieglero
1427 2372 1741 2453 plurimam
1804 2371 2061 2433 salutem
2127 2372 2224 2445 (ut
2278 2378 2343 2457 et
2396 2372 2614 2433 ceteris
2669 2373 3153 2453 praeceptoribus
3210 2374 3367 2435 meis

662 2461 961 2536 omnibus)
1010 2460 1163 2547 dico.
1247 2459 1563 2533 Quartana
1609 2481 1725 2523 non
1773 2462 1893 2522 fert
1935 2462 2137 2541 plures
2184 2460 2494 2539 epistolas
2576 2460 2698 2523 Oro
2745 2470 2965 2534 tamen,
3010 2470 3077 2524 ut
3120 2462 3367 2524 affinem

661 2571 830 2614 suum
877 2551 954 2614 D.
1002 2550 1452 2631 Engelhardum
1497 2548 1889 2613 Stuccardiae
1938 2551 2253 2629 degentem
2310 2549 2610 2627 hortetur,
2669 2571 2742 2613 ne
2800 2551 2941 2613 mihi
3000 2571 3108 2613 sua
3174 2570 3366 2631 opera

664 2641 826 2703 desit
870 2641 1070 2716 in-ro,
1137 2660 1312 2721 quam
1373 2639 1451 2702 ab
1507 2640 1639 2719 ipso
1685 2638 2071 2719 Engelhardo
2119 2658 2227 2719 per
2271 2638 2482 2700 literas
2528 2640 2713 2719 petii,
2786 2650 2848 2703 et
2893 2641 2965 2701 de
3013 2660 3129 2721 qua
3177 2639 3369 2718 Zieg—

660 2729 782 2793 lero
848 2736 1130 2792 constat:
1197 2749 1280 2792 sc.
1342 2736 1411 2790 ut
1468 2728 1545 2793 D.
1593 2728 1877 2792 Doldium
1941 2736 2217 2804 moneat,
2286 2734 2351 2790 et
2412 2728 2620 2790 literas
2679 2748 2787 2810 per
2838 2738 3074 2811 postam
3134 2730 3210 2791 ad
3263 2748 3367 2791 me

663 2820 968 2882 amandat.

807 2979 888 3029 Ad
921 2977 1046 3028 haee
1072 2975 1362 3028 Maestlinus
1399 2991 1496 3026 non
1531 2975 1796 3040 respondit,
1835 2976 2127 3040 penitusque
2164 2977 2420 3040 obmutuit,
2459 2979 2679 3043 quamvis
2716 2979 2911 3042 saepius
2948 2993 2981 3029 a
3004 2977 3221 3043 Keplero
3258 2993 3369 3028 mo·

663 3051 813 3108 nitus,
843 3063 998 3114 usque
1023 3049 1088 3098 ad
1105 3062 1290 3098 annum
1314 3046 1464 3108 1605,
1490 3063 1584 3113 quo
1600 3048 1806 3098 tandem
1828 3047 2044 3112 Keplero
2066 3049 2217 3098 etiam
2244 3053 2393 3113 atque
2420 3051 2571 3099 etiam
2596 3051 2790 3114 roganti
2814 3050 3075 3100 obsecutus
3097 3050 3371 3114 respondit.

806 3154 930 3206 Cum
962 3157 1014 3204 in
1051 3131 1375 3217 superioribus
1410 3153 1766 3204 Maestlini
1815 3153 1877 3203 de
1916 3151 2183 3217 Copernico
2219 3157 2519 3204 sententiam
2564 3157 2979 3218 proposuerimus,
3032 3170 3132 3204 non
3180 3153 3268 3204 abs
3310 3169 3374 3205 re

664 3241 773 3279 esse
807 3233 1055 3292 putamus,
1091 3228 1136 3275 si
1166 3226 1403 3288 judicium
1443 3225 1663 3288 ejusdem
1700 3224 1760 3275 de
1788 3224 1986 3274 decreto
2010 3225 2298 3288 pontificali,
2338 3240 2432 3289 quo
2457 3225 2697 3276 damnata
2716 3232 2797 3289 *est
2822 3225 3078 3291 Copernici
3102 3219 3246 3282 ratioss
3282 3227 3371 3276 hic

666 3312 997 3364 apponamus,
1035 3311 1315 3362 quanquam
1351 3296 1715 3361 imperfectum,
1754 3296 1884 3360 quod
1922 3311 1979 3344 eo
2014 3297 2175 3345 minus
2211 3297 2290 3348 hic
2329 3297 2651 3347 omittendum
2689 3312 2944 3354 censemus
2960 3335 2975 3358 ,
3013 3298 3144 3364 quod
3174 3297 3369 3348 Maest-

665 3370 794 3420 linus
831 3371 923 3420 sibi
955 3373 1290 3434 proposuerat,
1329 3367 1531 3418 editioni
1559 3369 1716 3432 operis
1742 3366 2015 3430 Copernici,
2055 3367 2287 3419 Basileae
2323 3370 2453 3433 typis
2496 3369 2822 3428 recudendae,
2859 3369 3175 3420 Prodi-omum
3198 3383 3371 3418 suum·

666 3455 761 3506 que
799 3440 1120 3506 appendicem
1167 3438 1450 3504 adjungere.
1529 3439 1665 3488 Inter
1700 3440 2037 3503 manuscripta
2072 3439 2397 3491 bibliothecae
2437 3438 2834 3506 Stuttgartianae
2869 3441 3060 3493 scilicet
3096 3441 3369 3506 deprehen-

666 3512 824 3563 dimus
858 3511 1044 3562 haecce
1078 3524 1231 3580 manu
1265 3509 1518 3561 Maestlini
1553 3512 1771 3575 scripta:

811 3597 958 3650 „pag.
997 3580 1064 3633 90
1077 3617 1091 3640 ,
1127 3588 1238 3647 post
1272 3583 1630 3646 praefationem
1645 3618 1660 3641 ,
1700 3588 1817 3634 ante
1854 3583 2111 3648 epistolam
2148 3583 2349 3633 Gesseri
2386 3577 2456 3645 ²⁸)
2492 3584 2864 3647 interponantur
2898 3585 3189 3650 sequeutia:

1853 3689 2179 3739 Additio.

808 3796 1032 3848 Auctarii
1067 3795 1176 3846 loco
1220 3795 1338 3846 huic
1373 3796 1624 3860 praesenti
1663 3796 1863 3846 editioni
1898 3795 2025 3846 haec
2062 3798 2323 3860 sequentia
2366 3797 2597 3847 addenda
2638 3797 2823 3848 censui.
2882 3796 3012 3847 Exiit
3060 3809 3189 3848 anno
3232 3793 3373 3846 18¹ss

668 3883 730 3922 ex
772 3867 1100 3934 typographia
1149 3865 1387 3916 Gamerae
1437 3867 1752 3932 Apostolicae
1800 3866 1993 3918 Romae
2042 3867 2309 3917 Decretum
2344 3881 2495 3917 manu
2534 3875 2585 3918 et
2630 3869 2787 3935 sigillo
2834 3868 2902 3918 ill.
2947 3866 3093 3916 Card.
3141 3867 3191 3918 S.
3238 3867 3371 3919 Cae·

669 3941 814 3992 ciliae
847 3941 1096 4004 signatum
1123 3943 1175 3987 et
1197 3940 1454 3996 munitum,
1494 3939 1573 3988 die
1609 3935 1644 3986 5
1671 3937 1865 3990 Martis.
1908 3942 2045 4003 cujus
2080 3940 2331 4002 inscriptio
2369 3945 2473 3988 est:
2521 3939 2855 3990 Decretum
2882 3939 2931 3990 S.
2968 3942 3373 4006 congregationis

667 4012 743 4062 111.
779 4009 834 4062 S.
873 4010 938 4059 R..
977 4010 1036 4059 E.
1077 4009 1440 4067 Cardinalium,
1479 4025 1512 4061 a
1549 4009 1599 4060 S.
1639 4009 1704 4060 D.
1743 4009 1808 4060 N.
1846 4010 1999 4060 Paulo
2036 4009 2177 4073 Papa
2212 4009 2276 4059 V.
2338 4009 2621 4076 Sanctaque
2658 4012 2775 4062 sede
2810 4009 3095 4076 Apostolica
3130 4011 3196 4062 ad
3230 4011 3371 4062 Indi-

670 4097 780 4134 cem
815 4081 1072 4132 Librorum
1109 4082 1467 4146 eorundemque
1502 4083 1884 4147 permissionem,
1921 4081 2291 4145 prohibitionem
2306 4117 2319 4140 ‚
2360 4085 2790 4149 expurgationem.
2829 4090 2881 4133 et
2913 4083 3281 4148 impressionem
3316 4084 3373 4134 in

669 4155 898 4205 universa
931 4153 1058 4218 Rep.
1099 4151 1381 4203 Christiana
1415 4154 1692 4218 specialiter
1727 4154 2070 4217 deputatorum
2086 4189 2099 4210 ,
2137 4153 2315 4218 ubique
2350 4154 2715 4218 publicandum.

809 4225 883 4276 Eo
909 4225 1107 4277 decreto
1131 4227 1262 4274 inter
1287 4231 1454 4276 cetera
1475 4225 1604 4276 haec
1627 4225 1885 4290 leguntur:
1936 4223 2101 4285 „Quia
2137 4224 2202 4275 ad
2238 4226 2465 4275 notitiam
2501 4242 2539 4275 s.
2570 4227 2963 4292 congregationis
3000 4226 3235 4292 pervenit,
3273 4225 3368 4278 fal-
3476 4223 3482 4228 ’

669 4311 781 4349 sam
834 4297 970 4346 illam
1027 4295 1304 4346 doctrinam
1355 4297 1735 4361 Pythagoricam
1791 4296 1985 4346 divinae
2030 4298 2301 4360 scripturae
2346 4301 2541 4347 omnino
2590 4297 2933 4358 adversantem
2978 4299 3039 4348 de
3092 4298 3370 4348 mobilitate

671 4369 854 4419 Terrae
891 4373 944 4417 et
977 4367 1320 4418 immobilitate
1357 4367 1511 4424 Solis,
1558 4381 1706 4432 quam
1739 4366 1803 4416 N.
1846 4367 2141 4430 Copernicus
2178 4374 2231 4418 et
2266 4368 2486 4423 Didacus
2522 4370 2766 4420 Astunica
2812 4372 2963 4420 etiam
3008 4369 3216 4424 docent,
3260 4372 3371 4432 jam

672 4438 912 4504 divulgari
965 4445 1018 4490 et
1071 4453 1104 4488 a
1162 4439 1328 4488 multis
1382 4440 1568 4502 recipi3
1641 4439 1786 4488 sicuti
1850 4437 2011 4488 videre
2060 4446 2135 4489 est
2184 4455 2245 4490 ex
2307 4440 2521 4505 quadam
2572 4441 2780 4504 epistola
2826 4443 3066 4506 impressa
3112 4441 3371 4503 cujusdam

671 4509 730 4561 P.
766 4509 1062 4560 Carmelitae
1085 4509 1142 4560 P.
1170 4511 1234 4559 A.
1261 4510 1566 4565 Foscarini„
1598 4545 1610 4559 .
1642 4545 1654 4558 .
1692 4511 1821 4566 ideo,
1858 4525 1924 4559 ne
1958 4509 2159 4558 ulterius
2196 4511 2471 4574 hujusmodi
2508 4513 2667 4576 opinio
2704 4513 2754 4561 in
2790 4513 3055 4576 perniciem
3092 4511 3369 4562 catholicae

671 4581 891 4632 veritatis
927 4587 1108 4646 serpat,
1148 4582 1356 4639 censuit,
1396 4581 1550 4630 dictos
1577 4579 1901 4644 Copernicum
1930 4581 1993 4630 de
2030 4581 2176 4630 revel.
2215 4583 2399 4632 orbium
2426 4589 2478 4634 et
2500 4583 2745 4633 Didacnm
2783 4586 2833 4632 in
2870 4583 2901 4633 J
2904 4584 2965 4633 ob
3000 4583 3369 4646 suspendendos
3400 4587 3408 4597 “

675 4666 800 4710 esse,
839 4651 997 4702 donec
1032 4655 1348 4718 corrigantur.
1407 4651 1608 4702 Librum
1639 4668 1752 4703 vero
1790 4653 2043 4702 Foscarini
2080 4655 2274 4704 omnino
2308 4653 2691 4718 prohibendum“
2732 4653 2821 4705 dcc.
2844 4675 2913 4690 --
2951 4655 3109 4716 Quae,
3148 4655 3369 4712 obsecro,

677 4723 890 4775 candide
923 4723 1105 4774 lector!
1145 4730 1220 4774 est
1255 4731 1348 4774 tua
1383 4724 1443 4774 de
1477 4723 1571 4774 hoc
1597 4723 1673 4774 111.
1703 4724 1849 4774 Card.
1890 4725 2087 4775 decreto
2114 4724 2355 4777 censura?
2405 4727 2487 4776 An
2520 4741 2636 4784 non,
2673 4727 2757 4776 ubi
2792 4728 3000 4790 primum
3036 4729 3139 4788 ejus
3174 4727 3369 4791 magni-

675 4795 825 4846 ficum
857 4795 1054 4846 titulum
1086 4796 1262 4861 legeris
1278 4830 1294 4853 ,
1345 4796 1434 4846 tibi
1469 4795 1760 4859 persuades,
1799 4796 1867 4846 ad
1900 4798 2049 4846 istam
2085 4795 2136 4847 S.
2177 4795 2619 4863 congregationem
2655 4799 2916 4862 deputatos
2952 4812 3061 4848 esse
3096 4799 3223 4846 viros
3256 4811 3368 4861 spe-

680 4865 902 4924 cialiter,
949 4881 1050 4916 uon
1093 4872 1288 4916 tantum
1322 4868 1373 4916 in
1419 4867 1640 4916 omnibus
1677 4865 1728 4918 S.
1765 4867 2072 4933 theologiae,
2118 4869 2531 4934 jurisprudentiae
2568 4867 2657 4920 διο.
2704 4871 2945 4933 partibus,
2998 4869 3085 4918 sed
3133 4870 3283 4919 etiam
3320 4868 3373 4918 in

681 4939 812 4990 omni
848 4937 1004 4991 scibili
1037 4939 1431 4989 instructissimos
1469 4943 1520 4987 et
1557 4937 1889 4998 doctissimos,
1940 4953 2059 5005 quos
2094 4939 2219 4992 nihil
2256 4955 2421 4990 eorum
2436 4975 2451 4997 ‚
2501 4953 2629 5008 quae
2667 4941 2873 5004 alicujus
2908 4941 3143 4991 momenti
3176 4941 3231 4989 in
3265 4939 3373 4994 dies.
