<?xml version="1.0" encoding="UTF-8"?>
<!DOCTYPE html PUBLIC "-//W3C//DTD XHTML 1.0 Transitional//EN"
    "http://www.w3.org/TR/xhtml1/DTD/xhtml1-transitional.dtd">
<html xmlns="http://www.w3.org/1999/xhtml" xml:lang="en" lang="en">
 <head>
  <title>
</title>
<meta http-equiv="Content-Type" content="text/html;charset=utf-8" />
  <meta name='ocr-system' content='tesseract 3.04.00' />
  <meta name='ocr-capabilities' content='ocr_page ocr_carea ocr_par ocr_line ocrx_word'/>
</head>
<body>
  <div class='ocr_page' id='page_1' title='image "./joanniskepleria30frisgoog_0337.png"; bbox 0 0 3634 5575; ppageno 0'>
   <div class='ocr_carea' id='block_1_1' title="bbox 546 351 2424 421">
    <p class='ocr_par' dir='ltr' id='par_1_1' title="bbox 546 351 2424 421">
     <span class='ocr_line' id='line_1_1' title="bbox 546 351 2424 421; baseline 0 -14"><span class='ocrx_word' id='word_1_1' title='bbox 546 351 677 421; x_wconf 71' lang='lat'><strong>318</strong></span> <span class='ocrx_word' id='word_1_2' title='bbox 1390 355 1599 407; x_wconf 74' lang='lat' dir='ltr'><strong>Literna</strong></span> <span class='ocrx_word' id='word_1_3' title='bbox 1628 353 1838 421; x_wconf 67' lang='lat' dir='ltr'><strong>Baphri</strong></span> <span class='ocrx_word' id='word_1_4' title='bbox 1877 354 2184 419; x_wconf 71' lang='lat' dir='ltr'><strong>alienu-que</strong></span> <span class='ocrx_word' id='word_1_5' title='bbox 2218 360 2424 407; x_wconf 82' lang='lat' dir='ltr'><strong>mutuae</strong></span> 
     </span>
    </p>
   </div>
   <div class='ocr_carea' id='block_1_2' title="bbox 542 510 3266 681">
    <p class='ocr_par' dir='ltr' id='par_1_2' title="bbox 542 510 3266 681">
     <span class='ocr_line' id='line_1_2' title="bbox 542 510 3264 593; baseline -0.001 -18"><span class='ocrx_word' id='word_1_6' title='bbox 542 512 697 579; x_wconf 81' lang='grc'><strong>11800</strong></span> <span class='ocrx_word' id='word_1_7' title='bbox 739 512 903 575; x_wconf 84' lang='lat' dir='ltr'><strong>vires</strong></span> <span class='ocrx_word' id='word_1_8' title='bbox 954 510 1155 575; x_wconf 81' lang='grc'><strong>11111188</strong></span> <span class='ocrx_word' id='word_1_9' title='bbox 1191 512 1303 583; x_wconf 76' lang='lat' dir='ltr'><strong>(ut</strong></span> <span class='ocrx_word' id='word_1_10' title='bbox 1344 510 1621 591; x_wconf 82' lang='lat' dir='ltr'><strong>eclipsis)</strong></span> <span class='ocrx_word' id='word_1_11' title='bbox 1668 511 1878 583; x_wconf 79' lang='lat' dir='ltr'><strong>habet.</strong></span> <span class='ocrx_word' id='word_1_12' title='bbox 1969 510 2188 593; x_wconf 83' lang='lat' dir='ltr'><strong>Itaque</strong></span> <span class='ocrx_word' id='word_1_13' title='bbox 2249 511 2712 593; x_wconf 77' lang='lat' dir='ltr'><strong>significationis</strong></span> <span class='ocrx_word' id='word_1_14' title='bbox 2771 511 3132 593; x_wconf 75' lang='lat' dir='ltr'><strong>principium</strong></span> <span class='ocrx_word' id='word_1_15' title='bbox 3195 510 3264 572; x_wconf 87' lang='lat' dir='ltr'><strong>in</strong></span> 
     </span>
     <span class='ocr_line' id='line_1_3' title="bbox 542 599 3266 681; baseline -0.001 -16"><span class='ocrx_word' id='word_1_16' title='bbox 542 599 978 681; x_wconf 73' lang='lat' dir='ltr'><strong>imaginatione</strong></span> <span class='ocrx_word' id='word_1_17' title='bbox 1024 599 1311 663; x_wconf 87' lang='lat' dir='ltr'><strong>consistit</strong></span> <span class='ocrx_word' id='word_1_18' title='bbox 1356 600 1615 677; x_wconf 86' lang='lat' dir='ltr'><strong>animae,</strong></span> <span class='ocrx_word' id='word_1_19' title='bbox 1662 601 1763 663; x_wconf 86' lang='lat' dir='ltr'><strong>vel</strong></span> <span class='ocrx_word' id='word_1_20' title='bbox 1810 600 2146 665; x_wconf 86' lang='lat' dir='ltr'><strong>animarum</strong></span> <span class='ocrx_word' id='word_1_21' title='bbox 2173 601 2604 677; x_wconf 79' lang='lat' dir='ltr'><strong>sublunarium,</strong></span> <span class='ocrx_word' id='word_1_22' title='bbox 2649 602 2800 665; x_wconf 89' lang='grc'><strong>10018</strong></span> <span class='ocrx_word' id='word_1_23' title='bbox 2845 601 2922 665; x_wconf 87' lang='lat' dir='ltr'><strong>iis</strong></span> <span class='ocrx_word' id='word_1_24' title='bbox 2968 600 3266 681; x_wconf 85' lang='lat' dir='ltr'><strong>alligata-</strong></span> 
     </span>
    </p>
   </div>
   <div class='ocr_carea' id='block_1_3' title="bbox 544 688 1487 766">
    <p class='ocr_par' dir='ltr' id='par_1_3' title="bbox 544 688 1487 766">
     <span class='ocr_line' id='line_1_4' title="bbox 544 688 1487 766; baseline 0 -13"><span class='ocrx_word' id='word_1_25' title='bbox 544 708 695 766; x_wconf 83' lang='lat' dir='ltr'><strong>rnm,</strong></span> <span class='ocrx_word' id='word_1_26' title='bbox 736 689 838 751; x_wconf 88' lang='lat' dir='ltr'><strong>ubi</strong></span> <span class='ocrx_word' id='word_1_27' title='bbox 884 688 1160 751; x_wconf 84' lang='lat' dir='ltr'><strong>defectus</strong></span> <span class='ocrx_word' id='word_1_28' title='bbox 1207 689 1487 753; x_wconf 86' lang='lat' dir='ltr'><strong>cernitur.</strong></span> 
     </span>
    </p>
   </div>
   <div class='ocr_carea' id='block_1_4' title="bbox 541 776 3272 1129">
    <p class='ocr_par' dir='ltr' id='par_1_4' title="bbox 541 776 3272 1129">
     <span class='ocr_line' id='line_1_5' title="bbox 689 776 3266 843; baseline 0 -16"><span class='ocrx_word' id='word_1_29' title='bbox 689 778 1049 837; x_wconf 54' lang='lat' dir='ltr'><strong>Fabricium</strong></span> <span class='ocrx_word' id='word_1_30' title='bbox 1104 776 1451 827; x_wconf 85' lang='lat' dir='ltr'><strong>Revolutio</strong></span> <span class='ocrx_word' id='word_1_31' title='bbox 1487 776 1795 827; x_wconf 84' lang='lat' dir='ltr'><strong>Vernalis</strong></span> <span class='ocrx_word' id='word_1_32' title='bbox 1829 776 1984 827; x_wconf 79' lang='lat' dir='ltr'><strong>habet</strong></span> <span class='ocrx_word' id='word_1_33' title='bbox 2019 776 2238 841; x_wconf 78' lang='lat' dir='ltr'><strong>aliquam</strong></span> <span class='ocrx_word' id='word_1_34' title='bbox 2273 776 2724 843; x_wconf 75' lang='lat' dir='ltr'><strong>significationem3</strong></span> <span class='ocrx_word' id='word_1_35' title='bbox 2781 784 2860 829; x_wconf 83' lang='lat' dir='ltr'><strong>eat</strong></span> <span class='ocrx_word' id='word_1_36' title='bbox 2897 778 3032 829; x_wconf 81' lang='lat' dir='ltr'><strong>enim</strong></span> <span class='ocrx_word' id='word_1_37' title='bbox 3064 776 3149 827; x_wconf 88' lang='lat' dir='ltr'><strong>ille</strong></span> <span class='ocrx_word' id='word_1_38' title='bbox 3181 778 3266 827; x_wconf 78' lang='lat' dir='ltr'><strong>in·</strong></span> 
     </span>
     <span class='ocr_line' id='line_1_6' title="bbox 548 846 3270 915; baseline -0.002 -13"><span class='ocrx_word' id='word_1_39' title='bbox 548 850 722 902; x_wconf 73' lang='grc'><strong>11011118</strong></span> <span class='ocrx_word' id='word_1_40' title='bbox 748 846 879 899; x_wconf 81' lang='lat' dir='ltr'><strong>Solis</strong></span> <span class='ocrx_word' id='word_1_41' title='bbox 914 850 967 899; x_wconf 90' lang='lat' dir='ltr'><strong>in</strong></span> <span class='ocrx_word' id='word_1_42' title='bbox 1002 851 1211 913; x_wconf 88' lang='lat' dir='ltr'><strong>primum</strong></span> <span class='ocrx_word' id='word_1_43' title='bbox 1246 856 1485 913; x_wconf 84' lang='lat' dir='ltr'><strong>punctum</strong></span> <span class='ocrx_word' id='word_1_44' title='bbox 1522 846 1575 911; x_wconf 68' lang='grc' dir='ltr'>Τ</span> <span class='ocrx_word' id='word_1_45' title='bbox 1614 849 1761 915; x_wconf 81' lang='lat' dir='ltr'><strong>quasi</strong></span> <span class='ocrx_word' id='word_1_46' title='bbox 1790 848 1988 915; x_wconf 82' lang='lat' dir='ltr'><strong>genesis</strong></span> <span class='ocrx_word' id='word_1_47' title='bbox 2025 847 2272 913; x_wconf 83' lang='lat' dir='ltr'><strong>quaedam</strong></span> <span class='ocrx_word' id='word_1_48' title='bbox 2307 850 2458 899; x_wconf 85' lang='lat' dir='ltr'><strong>totius</strong></span> <span class='ocrx_word' id='word_1_49' title='bbox 2483 849 2635 906; x_wconf 87' lang='lat' dir='ltr'><strong>anni,</strong></span> <span class='ocrx_word' id='word_1_50' title='bbox 2673 855 2727 898; x_wconf 87' lang='lat' dir='ltr'><strong>et</strong></span> <span class='ocrx_word' id='word_1_51' title='bbox 2759 848 2896 901; x_wconf 85' lang='lat' dir='ltr'><strong>haud</strong></span> <span class='ocrx_word' id='word_1_52' title='bbox 2925 848 3071 899; x_wconf 86' lang='lat' dir='ltr'><strong>dubio</strong></span> <span class='ocrx_word' id='word_1_53' title='bbox 3119 848 3270 898; x_wconf 76' lang='lat' dir='ltr'><strong>initio</strong></span> 
     </span>
     <span class='ocr_line' id='line_1_7' title="bbox 544 884 3264 985; baseline -0.001 -16"><span class='ocrx_word' id='word_1_54' title='bbox 544 920 717 971; x_wconf 86' lang='lat' dir='ltr'><strong>mnndi</strong></span> <span class='ocrx_word' id='word_1_55' title='bbox 742 918 826 970; x_wconf 87' lang='lat' dir='ltr'><strong>Sol</strong></span> <span class='ocrx_word' id='word_1_56' title='bbox 862 918 982 969; x_wconf 86' lang='lat' dir='ltr'><strong>illud</strong></span> <span class='ocrx_word' id='word_1_57' title='bbox 1018 920 1308 985; x_wconf 88' lang='lat' dir='ltr'><strong>principium</strong></span> <span class='ocrx_word' id='word_1_58' title='bbox 1333 921 1545 969; x_wconf 76' lang='lat' dir='ltr'><strong>obtinuit</strong></span> <span class='ocrx_word' id='word_1_59' title='bbox 1568 926 1621 969; x_wconf 90' lang='lat' dir='ltr'><strong>et</strong></span> <span class='ocrx_word' id='word_1_60' title='bbox 1644 918 1785 982; x_wconf 86' lang='lat' dir='ltr'><strong>quasi</strong></span> <span class='ocrx_word' id='word_1_61' title='bbox 1809 918 2030 969; x_wconf 87' lang='lat' dir='ltr'><strong>radicem</strong></span> <span class='ocrx_word' id='word_1_62' title='bbox 2053 918 2228 969; x_wconf 84' lang='lat' dir='ltr'><strong>habuit</strong></span> <span class='ocrx_word' id='word_1_63' title='bbox 2262 921 2336 969; x_wconf 88' lang='lat' dir='ltr'><strong>sni</strong></span> <span class='ocrx_word' id='word_1_64' title='bbox 2363 925 2542 969; x_wconf 83' lang='lat' dir='ltr'><strong>motus.</strong></span> <span class='ocrx_word' id='word_1_65' title='bbox 2617 884 2764 981; x_wconf 57' lang='lat' dir='ltr'><strong>’Quod</strong></span> <span class='ocrx_word' id='word_1_66' title='bbox 2789 919 2932 969; x_wconf 87' lang='lat' dir='ltr'><strong>multi</strong></span> <span class='ocrx_word' id='word_1_67' title='bbox 2958 933 3018 968; x_wconf 86' lang='lat' dir='ltr'><strong>ex</strong></span> <span class='ocrx_word' id='word_1_68' title='bbox 3045 920 3264 983; x_wconf 82' lang='lat' dir='ltr'><strong>aspecti-</strong></span> 
     </span>
     <span class='ocr_line' id='line_1_8' title="bbox 541 988 3272 1067; baseline -0.001 -26"><span class='ocrx_word' id='word_1_69' title='bbox 541 992 635 1041; x_wconf 80' lang='lat' dir='ltr'><strong>bus</strong></span> <span class='ocrx_word' id='word_1_70' title='bbox 668 990 904 1041; x_wconf 63' lang='lat' dir='ltr'><strong>thematis</strong></span> <span class='ocrx_word' id='word_1_71' title='bbox 940 992 1203 1041; x_wconf 80' lang='lat' dir='ltr'><strong>introitalis</strong></span> <span class='ocrx_word' id='word_1_72' title='bbox 1239 992 1525 1057; x_wconf 72' lang='lat' dir='ltr'><strong>generalem</strong></span> <span class='ocrx_word' id='word_1_73' title='bbox 1561 990 1814 1057; x_wconf 84' lang='lat' dir='ltr'><strong>quandam</strong></span> <span class='ocrx_word' id='word_1_74' title='bbox 1851 990 2183 1040; x_wconf 86' lang='lat' dir='ltr'><strong>conditionem</strong></span> <span class='ocrx_word' id='word_1_75' title='bbox 2220 991 2371 1050; x_wconf 87' lang='lat' dir='ltr'><strong>anni,</strong></span> <span class='ocrx_word' id='word_1_76' title='bbox 2409 991 2606 1057; x_wconf 68' lang='lat' dir='ltr'><strong>frugum</strong></span> <span class='ocrx_word' id='word_1_77' title='bbox 2643 988 2733 1040; x_wconf 66' lang='grc' dir='ltr'><strong>ᾱσ.</strong></span> <span class='ocrx_word' id='word_1_78' title='bbox 2776 990 3113 1067; x_wconf 64' lang='lat' dir='ltr'><strong>constituunt,</strong></span> <span class='ocrx_word' id='word_1_79' title='bbox 3161 1002 3272 1039; x_wconf 75' lang='lat' dir='ltr'><strong>non</strong></span> 
     </span>
     <span class='ocr_line' id='line_1_9' title="bbox 542 1060 2704 1129; baseline 0 -16"><span class='ocrx_word' id='word_1_80' title='bbox 542 1064 711 1127; x_wconf 70' lang='lat' dir='ltr'><strong>probo,</strong></span> <span class='ocrx_word' id='word_1_81' title='bbox 749 1062 837 1113; x_wconf 86' lang='lat' dir='ltr'><strong>sed</strong></span> <span class='ocrx_word' id='word_1_82' title='bbox 872 1062 1071 1127; x_wconf 80' lang='lat' dir='ltr'><strong>singula</strong></span> <span class='ocrx_word' id='word_1_83' title='bbox 1103 1062 1219 1113; x_wconf 87' lang='lat' dir='ltr'><strong>loca</strong></span> <span class='ocrx_word' id='word_1_84' title='bbox 1252 1062 1459 1129; x_wconf 80' lang='lat' dir='ltr'><strong>singulis</strong></span> <span class='ocrx_word' id='word_1_85' title='bbox 1492 1063 1793 1127; x_wconf 71' lang='lat' dir='ltr'><strong>temporibus</strong></span> <span class='ocrx_word' id='word_1_86' title='bbox 1829 1061 2141 1126; x_wconf 80' lang='lat' dir='ltr'><strong>inspicienda</strong></span> <span class='ocrx_word' id='word_1_87' title='bbox 2176 1074 2286 1111; x_wconf 84' lang='lat' dir='ltr'><strong>esse</strong></span> <span class='ocrx_word' id='word_1_88' title='bbox 2321 1067 2442 1127; x_wconf 88' lang='lat' dir='ltr'><strong>puto</strong></span> <span class='ocrx_word' id='word_1_89' title='bbox 2479 1060 2570 1113; x_wconf 72' lang='lat' dir='ltr'><strong>ece.</strong></span> <span class='ocrx_word' id='word_1_90' title='bbox 2611 1060 2704 1113; x_wconf 71' lang='lat' dir='ltr'><strong>&amp;e-</strong></span> 
     </span>
    </p>
   </div>
   <div class='ocr_carea' id='block_1_5' title="bbox 546 1132 3268 2013">
    <p class='ocr_par' dir='ltr' id='par_1_5' title="bbox 546 1132 3268 2013">
     <span class='ocr_line' id='line_1_10' title="bbox 724 1132 3262 1215; baseline -0.001 -20"><span class='ocrx_word' id='word_1_91' title='bbox 724 1134 1139 1215; x_wconf 87' lang='lat' dir='ltr'><strong>Keplerus:</strong></span> <span class='ocrx_word' id='word_1_92' title='bbox 1207 1134 1437 1197; x_wconf 90' lang='lat' dir='ltr'><strong>Thema</strong></span> <span class='ocrx_word' id='word_1_93' title='bbox 1480 1133 1872 1197; x_wconf 76' lang='lat' dir='ltr'><strong>revolutionis</strong></span> <span class='ocrx_word' id='word_1_94' title='bbox 1918 1132 2149 1208; x_wconf 89' lang='lat' dir='ltr'><strong>mundi,</strong></span> <span class='ocrx_word' id='word_1_95' title='bbox 2212 1140 2279 1195; x_wconf 90' lang='lat' dir='ltr'><strong>ut</strong></span> <span class='ocrx_word' id='word_1_96' title='bbox 2340 1133 2522 1213; x_wconf 87' lang='lat' dir='ltr'><strong>plane</strong></span> <span class='ocrx_word' id='word_1_97' title='bbox 2583 1134 2766 1195; x_wconf 86' lang='lat' dir='ltr'><strong>claris</strong></span> <span class='ocrx_word' id='word_1_98' title='bbox 2811 1132 3014 1195; x_wconf 88' lang='lat' dir='ltr'><strong>verbis</strong></span> <span class='ocrx_word' id='word_1_99' title='bbox 3061 1150 3262 1196; x_wconf 85' lang='grc'><strong>180881</strong></span> 
     </span>
     <span class='ocr_line' id='line_1_11' title="bbox 546 1221 3264 1305; baseline 0 -22"><span class='ocrx_word' id='word_1_100' title='bbox 546 1223 913 1285; x_wconf 85' lang='grc'><strong>80810811818</strong></span> <span class='ocrx_word' id='word_1_101' title='bbox 978 1222 1203 1299; x_wconf 88' lang='lat' dir='ltr'><strong>dicam,</strong></span> <span class='ocrx_word' id='word_1_102' title='bbox 1272 1223 1603 1305; x_wconf 88' lang='lat' dir='ltr'><strong>sisyphium</strong></span> <span class='ocrx_word' id='word_1_103' title='bbox 1661 1229 1808 1304; x_wconf 90' lang='lat' dir='ltr'><strong>puto</strong></span> <span class='ocrx_word' id='word_1_104' title='bbox 1865 1221 2130 1301; x_wconf 83' lang='lat' dir='ltr'><strong>lapidem</strong></span> <span class='ocrx_word' id='word_1_105' title='bbox 2182 1238 2291 1301; x_wconf 93' lang='lat' dir='ltr'><strong>pro</strong></span> <span class='ocrx_word' id='word_1_106' title='bbox 2339 1221 2756 1285; x_wconf 69' lang='lat' dir='ltr'><strong>excruciandis</strong></span> <span class='ocrx_word' id='word_1_107' title='bbox 2813 1223 3264 1301; x_wconf 68' lang='lat' dir='ltr'><strong>astrologorum</strong></span> 
     </span>
     <span class='ocr_line' id='line_1_12' title="bbox 558 1308 3268 1392; baseline -0.001 -17"><span class='ocrx_word' id='word_1_108' title='bbox 558 1310 833 1391; x_wconf 87' lang='lat' dir='ltr'><strong>ingeniis,</strong></span> <span class='ocrx_word' id='word_1_109' title='bbox 884 1329 999 1392; x_wconf 91' lang='lat' dir='ltr'><strong>quo</strong></span> <span class='ocrx_word' id='word_1_110' title='bbox 1046 1312 1195 1375; x_wconf 89' lang='lat' dir='ltr'><strong>nihil</strong></span> <span class='ocrx_word' id='word_1_111' title='bbox 1239 1312 1564 1392; x_wconf 82' lang='lat' dir='ltr'><strong>proficitur.</strong></span> <span class='ocrx_word' id='word_1_112' title='bbox 1657 1310 1795 1373; x_wconf 89' lang='lat' dir='ltr'><strong>Etsi</strong></span> <span class='ocrx_word' id='word_1_113' title='bbox 1843 1311 2002 1373; x_wconf 88' lang='lat' dir='ltr'><strong>enim</strong></span> <span class='ocrx_word' id='word_1_114' title='bbox 2031 1312 2442 1387; x_wconf 83' lang='lat' dir='ltr'><strong>concederem,</strong></span> <span class='ocrx_word' id='word_1_115' title='bbox 2491 1312 2776 1373; x_wconf 87' lang='lat' dir='ltr'><strong>mundum</strong></span> <span class='ocrx_word' id='word_1_116' title='bbox 2803 1311 2864 1371; x_wconf 89' lang='lat' dir='ltr'><strong>in</strong></span> <span class='ocrx_word' id='word_1_117' title='bbox 2895 1308 2939 1373; x_wconf 90' lang='lat'>0</span> <span class='ocrx_word' id='word_1_118' title='bbox 2963 1308 2990 1343; x_wconf 78' lang='lat'>⁰</span> <span class='ocrx_word' id='word_1_119' title='bbox 3031 1309 3106 1387; x_wconf 79' lang='grc' dir='ltr'>Τ</span> <span class='ocrx_word' id='word_1_120' title='bbox 3149 1328 3268 1373; x_wconf 82' lang='lat' dir='ltr'><strong>ex-</strong></span> 
     </span>
     <span class='ocr_line' id='line_1_13' title="bbox 547 1396 3266 1482; baseline -0.001 -19"><span class='ocrx_word' id='word_1_121' title='bbox 547 1399 767 1475; x_wconf 75' lang='lat' dir='ltr'><strong>titisse,</strong></span> <span class='ocrx_word' id='word_1_122' title='bbox 816 1400 959 1481; x_wconf 88' lang='lat' dir='ltr'><strong>quid</strong></span> <span class='ocrx_word' id='word_1_123' title='bbox 1004 1400 1117 1464; x_wconf 89' lang='lat' dir='ltr'><strong>hoc</strong></span> <span class='ocrx_word' id='word_1_124' title='bbox 1146 1401 1226 1463; x_wconf 89' lang='lat' dir='ltr'><strong>ad</strong></span> <span class='ocrx_word' id='word_1_125' title='bbox 1251 1410 1509 1482; x_wconf 88' lang='lat' dir='ltr'><strong>pestem,</strong></span> <span class='ocrx_word' id='word_1_126' title='bbox 1557 1400 1778 1462; x_wconf 89' lang='lat' dir='ltr'><strong>bellum</strong></span> <span class='ocrx_word' id='word_1_127' title='bbox 1828 1398 1987 1463; x_wconf 69' lang='grc'><strong>8109</strong></span> <span class='ocrx_word' id='word_1_128' title='bbox 2077 1396 2244 1470; x_wconf 82' lang='lat' dir='ltr'><strong>Quid</strong></span> <span class='ocrx_word' id='word_1_129' title='bbox 2271 1400 2377 1461; x_wconf 87' lang='lat' dir='ltr'><strong>fiet</strong></span> <span class='ocrx_word' id='word_1_130' title='bbox 2405 1400 2793 1474; x_wconf 71' lang='lat' dir='ltr'><strong>australibus,</strong></span> <span class='ocrx_word' id='word_1_131' title='bbox 2845 1398 2988 1480; x_wconf 88' lang='lat' dir='ltr'><strong>quid</strong></span> <span class='ocrx_word' id='word_1_132' title='bbox 3027 1418 3266 1480; x_wconf 46' lang='lat' dir='ltr'><strong>aequa*</strong></span> 
     </span>
     <span class='ocr_line' id='line_1_14' title="bbox 548 1487 3261 1570; baseline -0.002 -16"><span class='ocrx_word' id='word_1_133' title='bbox 548 1489 699 1554; x_wconf 85' lang='lat' dir='ltr'><strong>toris</strong></span> <span class='ocrx_word' id='word_1_134' title='bbox 746 1488 988 1564; x_wconf 88' lang='lat' dir='ltr'><strong>incolis,</strong></span> <span class='ocrx_word' id='word_1_135' title='bbox 1056 1489 1270 1570; x_wconf 88' lang='lat' dir='ltr'><strong>quibus</strong></span> <span class='ocrx_word' id='word_1_136' title='bbox 1326 1498 1470 1551; x_wconf 89' lang='lat' dir='ltr'><strong>tunc</strong></span> <span class='ocrx_word' id='word_1_137' title='bbox 1517 1488 1769 1551; x_wconf 85' lang='lat' dir='ltr'><strong>aestas?</strong></span> <span class='ocrx_word' id='word_1_138' title='bbox 1861 1488 2040 1550; x_wconf 85' lang='lat' dir='ltr'><strong>Anne</strong></span> <span class='ocrx_word' id='word_1_139' title='bbox 2093 1495 2306 1551; x_wconf 88' lang='lat' dir='ltr'><strong>nostra</strong></span> <span class='ocrx_word' id='word_1_140' title='bbox 2357 1488 2554 1569; x_wconf 90' lang='lat' dir='ltr'><strong>pestis</strong></span> <span class='ocrx_word' id='word_1_141' title='bbox 2619 1488 2823 1549; x_wconf 87' lang='lat' dir='ltr'><strong>mundi</strong></span> <span class='ocrx_word' id='word_1_142' title='bbox 2867 1487 3062 1568; x_wconf 86' lang='lat' dir='ltr'><strong>pestis</strong></span> <span class='ocrx_word' id='word_1_143' title='bbox 3111 1487 3261 1549; x_wconf 82' lang='lat' dir='ltr'><strong>est?</strong></span> 
     </span>
     <span class='ocr_line' id='line_1_15' title="bbox 548 1574 3264 1659; baseline -0.001 -18"><span class='ocrx_word' id='word_1_144' title='bbox 548 1580 725 1641; x_wconf 87' lang='lat' dir='ltr'><strong>Anne</strong></span> <span class='ocrx_word' id='word_1_145' title='bbox 762 1596 871 1657; x_wconf 88' lang='lat' dir='ltr'><strong>per</strong></span> <span class='ocrx_word' id='word_1_146' title='bbox 915 1578 1215 1641; x_wconf 88' lang='lat' dir='ltr'><strong>hominem</strong></span> <span class='ocrx_word' id='word_1_147' title='bbox 1262 1578 1449 1659; x_wconf 88' lang='lat' dir='ltr'><strong>ipsius</strong></span> <span class='ocrx_word' id='word_1_148' title='bbox 1499 1578 1723 1640; x_wconf 78' lang='lat' dir='ltr'><strong>Terrae</strong></span> <span class='ocrx_word' id='word_1_149' title='bbox 1766 1576 2044 1656; x_wconf 88' lang='lat' dir='ltr'><strong>jugulum</strong></span> <span class='ocrx_word' id='word_1_150' title='bbox 2089 1576 2150 1639; x_wconf 91' lang='lat' dir='ltr'><strong>in</strong></span> <span class='ocrx_word' id='word_1_151' title='bbox 2199 1577 2358 1640; x_wconf 88' lang='lat' dir='ltr'><strong>bello</strong></span> <span class='ocrx_word' id='word_1_152' title='bbox 2405 1576 2533 1657; x_wconf 89' lang='lat' dir='ltr'><strong>peti</strong></span> <span class='ocrx_word' id='word_1_153' title='bbox 2575 1576 2823 1658; x_wconf 76' lang='lat' dir='ltr'><strong>potest?</strong></span> <span class='ocrx_word' id='word_1_154' title='bbox 2869 1574 2952 1638; x_wconf 88' lang='lat' dir='ltr'><strong>Et</strong></span> <span class='ocrx_word' id='word_1_155' title='bbox 3002 1576 3264 1657; x_wconf 85' lang='lat' dir='ltr'><strong>quando,</strong></span> 
     </span>
     <span class='ocr_line' id='line_1_16' title="bbox 548 1664 3266 1747; baseline -0.001 -18"><span class='ocrx_word' id='word_1_156' title='bbox 548 1684 803 1747; x_wconf 80' lang='lat' dir='ltr'><strong>quaese,</strong></span> <span class='ocrx_word' id='word_1_157' title='bbox 852 1666 1275 1731; x_wconf 88' lang='lat' dir='ltr'><strong>universaliter</strong></span> <span class='ocrx_word' id='word_1_158' title='bbox 1322 1668 1529 1747; x_wconf 85' lang='lat' dir='ltr'><strong>fruges</strong></span> <span class='ocrx_word' id='word_1_159' title='bbox 1576 1674 1708 1729; x_wconf 88' lang='lat' dir='ltr'><strong>toto</strong></span> <span class='ocrx_word' id='word_1_160' title='bbox 1756 1666 2078 1727; x_wconf 79' lang='lat' dir='ltr'><strong>Terrarum</strong></span> <span class='ocrx_word' id='word_1_161' title='bbox 2135 1664 2278 1728; x_wconf 89' lang='lat' dir='ltr'><strong>orbe</strong></span> <span class='ocrx_word' id='word_1_162' title='bbox 2337 1664 2734 1728; x_wconf 84' lang='lat' dir='ltr'><strong>defecerunt?</strong></span> <span class='ocrx_word' id='word_1_163' title='bbox 2823 1664 2956 1727; x_wconf 88' lang='lat' dir='ltr'><strong>Hoc</strong></span> <span class='ocrx_word' id='word_1_164' title='bbox 3001 1684 3157 1725; x_wconf 84' lang='lat' dir='ltr'><strong>anno</strong></span> <span class='ocrx_word' id='word_1_165' title='bbox 3205 1666 3266 1727; x_wconf 90' lang='lat' dir='ltr'><strong>in</strong></span> 
     </span>
     <span class='ocr_line' id='line_1_17' title="bbox 546 1752 3263 1836; baseline -0 -19"><span class='ocrx_word' id='word_1_166' title='bbox 546 1754 825 1817; x_wconf 75' lang='lat' dir='ltr'><strong>Lovonia</strong></span> <span class='ocrx_word' id='word_1_167' title='bbox 887 1755 1105 1817; x_wconf 87' lang='lat' dir='ltr'><strong>messis</strong></span> <span class='ocrx_word' id='word_1_168' title='bbox 1169 1754 1422 1830; x_wconf 85' lang='lat' dir='ltr'><strong>interiit,</strong></span> <span class='ocrx_word' id='word_1_169' title='bbox 1490 1772 1785 1836; x_wconf 86' lang='lat' dir='ltr'><strong>oppressa</strong></span> <span class='ocrx_word' id='word_1_170' title='bbox 1849 1754 1983 1816; x_wconf 89' lang='lat' dir='ltr'><strong>nive</strong></span> <span class='ocrx_word' id='word_1_171' title='bbox 2055 1752 2380 1834; x_wconf 79' lang='lat' dir='ltr'><strong>bellisque3</strong></span> <span class='ocrx_word' id='word_1_172' title='bbox 2447 1754 2506 1817; x_wconf 88' lang='lat' dir='ltr'><strong>in</strong></span> <span class='ocrx_word' id='word_1_173' title='bbox 2572 1752 2867 1816; x_wconf 88' lang='lat' dir='ltr'><strong>Bobemia</strong></span> <span class='ocrx_word' id='word_1_174' title='bbox 2921 1754 3069 1816; x_wconf 90' lang='lat' dir='ltr'><strong>uber</strong></span> <span class='ocrx_word' id='word_1_175' title='bbox 3129 1752 3263 1817; x_wconf 82' lang='lat' dir='ltr'><strong>fuit.</strong></span> 
     </span>
     <span class='ocr_line' id='line_1_18' title="bbox 553 1840 3268 1925; baseline 0 -22"><span class='ocrx_word' id='word_1_176' title='bbox 553 1840 885 1905; x_wconf 80' lang='lat' dir='ltr'><strong>Vindemia</strong></span> <span class='ocrx_word' id='word_1_177' title='bbox 926 1842 988 1905; x_wconf 89' lang='lat' dir='ltr'><strong>in</strong></span> <span class='ocrx_word' id='word_1_178' title='bbox 1034 1844 1249 1905; x_wconf 86' lang='lat' dir='ltr'><strong>Rheno</strong></span> <span class='ocrx_word' id='word_1_179' title='bbox 1296 1844 1535 1923; x_wconf 85' lang='lat' dir='ltr'><strong>exigua,</strong></span> <span class='ocrx_word' id='word_1_180' title='bbox 1584 1841 1769 1905; x_wconf 83' lang='lat' dir='ltr'><strong>Nicro</strong></span> <span class='ocrx_word' id='word_1_181' title='bbox 1798 1843 1980 1917; x_wconf 87' lang='lat' dir='ltr'><strong>nulla,</strong></span> <span class='ocrx_word' id='word_1_182' title='bbox 2041 1843 2300 1905; x_wconf 85' lang='lat' dir='ltr'><strong>Austria</strong></span> <span class='ocrx_word' id='word_1_183' title='bbox 2325 1842 2611 1923; x_wconf 86' lang='lat' dir='ltr'><strong>maligna,</strong></span> <span class='ocrx_word' id='word_1_184' title='bbox 2659 1840 3030 1905; x_wconf 84' lang='lat' dir='ltr'><strong>vicinissima</strong></span> <span class='ocrx_word' id='word_1_185' title='bbox 3057 1840 3268 1925; x_wconf 85' lang='lat' dir='ltr'><strong>Styria</strong></span> 
     </span>
     <span class='ocr_line' id='line_1_19' title="bbox 550 1930 3262 2013; baseline 0 -20"><span class='ocrx_word' id='word_1_186' title='bbox 550 1932 798 2013; x_wconf 82' lang='lat' dir='ltr'><strong>copiosa</strong></span> <span class='ocrx_word' id='word_1_187' title='bbox 850 1938 915 1993; x_wconf 91' lang='lat' dir='ltr'><strong>et</strong></span> <span class='ocrx_word' id='word_1_188' title='bbox 963 1931 1305 1995; x_wconf 87' lang='lat' dir='ltr'><strong>laudabilis.</strong></span> <span class='ocrx_word' id='word_1_189' title='bbox 1400 1930 1681 1995; x_wconf 86' lang='lat' dir='ltr'><strong>Concede</strong></span> <span class='ocrx_word' id='word_1_190' title='bbox 1720 1932 1886 2011; x_wconf 87' lang='lat' dir='ltr'><strong>jam,</strong></span> <span class='ocrx_word' id='word_1_191' title='bbox 1953 1950 2089 1993; x_wconf 89' lang='lat' dir='ltr'><strong>esse</strong></span> <span class='ocrx_word' id='word_1_192' title='bbox 2137 1930 2363 1993; x_wconf 77' lang='lat' dir='ltr'><strong>Terrae</strong></span> <span class='ocrx_word' id='word_1_193' title='bbox 2415 1950 2588 1993; x_wconf 90' lang='lat' dir='ltr'><strong>suam</strong></span> <span class='ocrx_word' id='word_1_194' title='bbox 2644 1930 2925 2011; x_wconf 79' lang='lat' dir='ltr'><strong>genesin,</strong></span> <span class='ocrx_word' id='word_1_195' title='bbox 2997 1930 3131 1992; x_wconf 88' lang='lat' dir='ltr'><strong>loca</strong></span> <span class='ocrx_word' id='word_1_196' title='bbox 3176 1950 3262 1993; x_wconf 89' lang='lat' dir='ltr'><strong>sc.</strong></span> 
     </span>
    </p>
   </div>
   <div class='ocr_carea' id='block_1_6' title="bbox 437 2016 3267 2103">
    <p class='ocr_par' dir='ltr' id='par_1_6' title="bbox 437 2016 3267 2103">
     <span class='ocr_line' id='line_1_20' title="bbox 437 2016 3267 2103; baseline -0 -21"><span class='ocrx_word' id='word_1_197' title='bbox 437 2018 451 2023; x_wconf 84' lang='grc'><em>“</em></span> <span class='ocrx_word' id='word_1_198' title='bbox 550 2023 926 2103; x_wconf 86' lang='lat' dir='ltr'><strong>planetarum</strong></span> <span class='ocrx_word' id='word_1_199' title='bbox 974 2028 1245 2101; x_wconf 89' lang='lat' dir='ltr'><strong>tempore</strong></span> <span class='ocrx_word' id='word_1_200' title='bbox 1276 2019 1599 2084; x_wconf 89' lang='lat' dir='ltr'><strong>creationis</strong></span> <span class='ocrx_word' id='word_1_201' title='bbox 1614 2040 1634 2095; x_wconf 72' lang='grc' dir='ltr'><strong><em>ς</em></strong></span> <span class='ocrx_word' id='word_1_202' title='bbox 1680 2020 1839 2093; x_wconf 89' lang='lat' dir='ltr'><strong>vide,</strong></span> <span class='ocrx_word' id='word_1_203' title='bbox 1889 2020 2030 2099; x_wconf 90' lang='lat' dir='ltr'><strong>quid</strong></span> <span class='ocrx_word' id='word_1_204' title='bbox 2060 2028 2365 2100; x_wconf 84' lang='lat' dir='ltr'><strong>sequatur.</strong></span> <span class='ocrx_word' id='word_1_205' title='bbox 2462 2016 2878 2082; x_wconf 84' lang='lat' dir='ltr'><strong>Profectiones</strong></span> <span class='ocrx_word' id='word_1_206' title='bbox 2919 2027 3060 2082; x_wconf 88' lang='lat' dir='ltr'><strong>tuae</strong></span> <span class='ocrx_word' id='word_1_207' title='bbox 3089 2030 3267 2081; x_wconf 89' lang='lat' dir='ltr'><strong>erunt</strong></span> 
     </span>
    </p>
   </div>
   <div class='ocr_carea' id='block_1_7' title="bbox 551 2108 3264 2190">
    <p class='ocr_par' dir='ltr' id='par_1_7' title="bbox 551 2108 3264 2190">
     <span class='ocr_line' id='line_1_21' title="bbox 551 2108 3264 2190; baseline -0.001 -17"><span class='ocrx_word' id='word_1_208' title='bbox 551 2108 962 2173; x_wconf 82' lang='lat' dir='ltr'><strong>instituendae</strong></span> <span class='ocrx_word' id='word_1_209' title='bbox 1021 2110 1098 2171; x_wconf 88' lang='lat' dir='ltr'><strong>ad</strong></span> <span class='ocrx_word' id='word_1_210' title='bbox 1146 2111 1339 2173; x_wconf 90' lang='lat' dir='ltr'><strong>locum</strong></span> <span class='ocrx_word' id='word_1_211' title='bbox 1384 2111 1765 2190; x_wconf 88' lang='lat' dir='ltr'><strong>planetarum</strong></span> <span class='ocrx_word' id='word_1_212' title='bbox 1812 2108 2034 2169; x_wconf 88' lang='lat' dir='ltr'><strong>radicis</strong></span> <span class='ocrx_word' id='word_1_213' title='bbox 2048 2126 2067 2182; x_wconf 70' lang='grc' dir='ltr'><strong><em>ς</em></strong></span> <span class='ocrx_word' id='word_1_214' title='bbox 2134 2116 2270 2185; x_wconf 90' lang='lat' dir='ltr'><strong>aut,</strong></span> <span class='ocrx_word' id='word_1_215' title='bbox 2347 2110 2397 2172; x_wconf 91' lang='lat' dir='ltr'><strong>si</strong></span> <span class='ocrx_word' id='word_1_216' title='bbox 2455 2108 2612 2171; x_wconf 89' lang='lat' dir='ltr'><strong>hunc</strong></span> <span class='ocrx_word' id='word_1_217' title='bbox 2659 2109 2926 2171; x_wconf 87' lang='lat' dir='ltr'><strong>laborem</strong></span> <span class='ocrx_word' id='word_1_218' title='bbox 2973 2110 3158 2171; x_wconf 87' lang='lat' dir='ltr'><strong>etiam</strong></span> <span class='ocrx_word' id='word_1_219' title='bbox 3204 2109 3264 2171; x_wconf 91' lang='lat' dir='ltr'><strong>in</strong></span> 
     </span>
    </p>
   </div>
   <div class='ocr_carea' id='block_1_8' title="bbox 549 2197 3364 2279">
    <p class='ocr_par' dir='ltr' id='par_1_8' title="bbox 549 2197 3364 2279">
     <span class='ocr_line' id='line_1_22' title="bbox 549 2197 3364 2279; baseline -0.001 -18"><span class='ocrx_word' id='word_1_220' title='bbox 549 2200 845 2261; x_wconf 87' lang='lat' dir='ltr'><strong>humanae</strong></span> <span class='ocrx_word' id='word_1_221' title='bbox 892 2198 1135 2278; x_wconf 79' lang='lat' dir='ltr'><strong>genesis</strong></span> <span class='ocrx_word' id='word_1_222' title='bbox 1182 2198 1449 2262; x_wconf 84' lang='lat' dir='ltr'><strong>themate</strong></span> <span class='ocrx_word' id='word_1_223' title='bbox 1499 2198 1715 2271; x_wconf 90' lang='lat' dir='ltr'><strong>sumis,</strong></span> <span class='ocrx_word' id='word_1_224' title='bbox 1763 2207 1831 2258; x_wconf 90' lang='lat' dir='ltr'><strong>ut</strong></span> <span class='ocrx_word' id='word_1_225' title='bbox 1876 2204 1938 2258; x_wconf 90' lang='lat' dir='ltr'><strong>et</strong></span> <span class='ocrx_word' id='word_1_226' title='bbox 1985 2197 2414 2273; x_wconf 84' lang='lat' dir='ltr'><strong>revolutionis,</strong></span> <span class='ocrx_word' id='word_1_227' title='bbox 2463 2205 2750 2279; x_wconf 87' lang='lat' dir='ltr'><strong>tanquam</strong></span> <span class='ocrx_word' id='word_1_228' title='bbox 2796 2197 3047 2273; x_wconf 85' lang='lat' dir='ltr'><strong>radicis,</strong></span> <span class='ocrx_word' id='word_1_229' title='bbox 3115 2216 3261 2278; x_wconf 91' lang='lat' dir='ltr'><strong>pro-</strong></span> <span class='ocrx_word' id='word_1_230' title='bbox 3359 2240 3364 2243; x_wconf 91' lang='lat'><em>-</em></span> 
     </span>
    </p>
   </div>
   <div class='ocr_carea' id='block_1_9' title="bbox 552 2285 3265 2633">
    <p class='ocr_par' dir='ltr' id='par_1_9' title="bbox 552 2285 3265 2633">
     <span class='ocr_line' id='line_1_23' title="bbox 552 2285 3260 2368; baseline -0.001 -19"><span class='ocrx_word' id='word_1_231' title='bbox 552 2288 844 2351; x_wconf 82' lang='lat' dir='ltr'><strong>fectiones</strong></span> <span class='ocrx_word' id='word_1_232' title='bbox 890 2286 1176 2350; x_wconf 85' lang='lat' dir='ltr'><strong>instituas</strong></span> <span class='ocrx_word' id='word_1_233' title='bbox 1215 2288 1350 2368; x_wconf 88' lang='lat' dir='ltr'><strong>jam</strong></span> <span class='ocrx_word' id='word_1_234' title='bbox 1396 2285 1508 2349; x_wconf 90' lang='lat' dir='ltr'><strong>tibi</strong></span> <span class='ocrx_word' id='word_1_235' title='bbox 1554 2293 1651 2349; x_wconf 90' lang='lat' dir='ltr'><strong>est</strong></span> <span class='ocrx_word' id='word_1_236' title='bbox 1696 2285 1949 2349; x_wconf 82' lang='lat' dir='ltr'><strong>confusa</strong></span> <span class='ocrx_word' id='word_1_237' title='bbox 1994 2285 2152 2347; x_wconf 88' lang='grc'><strong>18110</strong></span> <span class='ocrx_word' id='word_1_238' title='bbox 2211 2285 2649 2365; x_wconf 84' lang='lat' dir='ltr'><strong>experientiae,</strong></span> <span class='ocrx_word' id='word_1_239' title='bbox 2729 2286 2872 2366; x_wconf 88' lang='lat' dir='ltr'><strong>quia</strong></span> <span class='ocrx_word' id='word_1_240' title='bbox 2916 2286 3070 2347; x_wconf 87' lang='lat' dir='ltr'><strong>duae</strong></span> <span class='ocrx_word' id='word_1_241' title='bbox 3113 2304 3260 2367; x_wconf 89' lang='lat' dir='ltr'><strong>pro-</strong></span> 
     </span>
     <span class='ocr_line' id='line_1_24' title="bbox 552 2374 3265 2457; baseline -0.001 -18"><span class='ocrx_word' id='word_1_242' title='bbox 552 2376 875 2439; x_wconf 84' lang='lat' dir='ltr'><strong>fectionum</strong></span> <span class='ocrx_word' id='word_1_243' title='bbox 926 2377 1132 2451; x_wconf 85' lang='lat' dir='ltr'><strong>series,</strong></span> <span class='ocrx_word' id='word_1_244' title='bbox 1183 2376 1546 2457; x_wconf 85' lang='lat' dir='ltr'><strong>insuperque</strong></span> <span class='ocrx_word' id='word_1_245' title='bbox 1594 2381 1878 2454; x_wconf 86' lang='lat' dir='ltr'><strong>aspectus</strong></span> <span class='ocrx_word' id='word_1_246' title='bbox 1925 2383 2305 2437; x_wconf 86' lang='lat' dir='ltr'><strong>concurrunt.</strong></span> <span class='ocrx_word' id='word_1_247' title='bbox 2397 2374 2650 2437; x_wconf 88' lang='lat' dir='ltr'><strong>Nitetur</strong></span> <span class='ocrx_word' id='word_1_248' title='bbox 2705 2374 2911 2455; x_wconf 89' lang='lat' dir='ltr'><strong>itaque</strong></span> <span class='ocrx_word' id='word_1_249' title='bbox 2958 2376 3265 2453; x_wconf 83' lang='lat' dir='ltr'><strong>negotium</strong></span> 
     </span>
     <span class='ocr_line' id='line_1_25' title="bbox 552 2460 3261 2545; baseline -0.001 -17"><span class='ocrx_word' id='word_1_250' title='bbox 552 2464 885 2528; x_wconf 86' lang='lat' dir='ltr'><strong>nudissima</strong></span> <span class='ocrx_word' id='word_1_251' title='bbox 950 2465 1244 2545; x_wconf 88' lang='lat' dir='ltr'><strong>opinione.</strong></span> <span class='ocrx_word' id='word_1_252' title='bbox 1338 2463 1463 2527; x_wconf 89' lang='lat' dir='ltr'><strong>Sed</strong></span> <span class='ocrx_word' id='word_1_253' title='bbox 1530 2472 1593 2527; x_wconf 89' lang='lat' dir='ltr'><strong>tu</strong></span> <span class='ocrx_word' id='word_1_254' title='bbox 1646 2470 1859 2542; x_wconf 87' lang='lat' dir='ltr'><strong>putas,</strong></span> <span class='ocrx_word' id='word_1_255' title='bbox 1927 2462 2182 2543; x_wconf 86' lang='lat' dir='ltr'><strong>singulis</strong></span> <span class='ocrx_word' id='word_1_256' title='bbox 2228 2463 2431 2538; x_wconf 88' lang='lat' dir='ltr'><strong>annis,</strong></span> <span class='ocrx_word' id='word_1_257' title='bbox 2500 2462 2643 2526; x_wconf 92' lang='lat' dir='ltr'><strong>Sole</strong></span> <span class='ocrx_word' id='word_1_258' title='bbox 2700 2461 2760 2525; x_wconf 87' lang='lat' dir='ltr'><strong>in</strong></span> <span class='ocrx_word' id='word_1_259' title='bbox 2808 2460 2900 2526; x_wconf 86' lang='lat'><strong>0⁰</strong></span> <span class='ocrx_word' id='word_1_260' title='bbox 2941 2461 3015 2539; x_wconf 75' lang='lat' dir='ltr'><strong>‘Y‘</strong></span> <span class='ocrx_word' id='word_1_261' title='bbox 3061 2471 3261 2538; x_wconf 88' lang='lat' dir='ltr'><strong>eunte,</strong></span> 
     </span>
     <span class='ocr_line' id='line_1_26' title="bbox 552 2548 3260 2633; baseline -0.001 -18"><span class='ocrx_word' id='word_1_262' title='bbox 552 2572 769 2616; x_wconf 86' lang='lat' dir='ltr'><strong>novam</strong></span> <span class='ocrx_word' id='word_1_263' title='bbox 828 2572 967 2615; x_wconf 88' lang='lat' dir='ltr'><strong>esse</strong></span> <span class='ocrx_word' id='word_1_264' title='bbox 1012 2554 1259 2633; x_wconf 88' lang='lat' dir='ltr'><strong>genesin</strong></span> <span class='ocrx_word' id='word_1_265' title='bbox 1307 2554 1470 2615; x_wconf 91' lang='lat' dir='ltr'><strong>anni.</strong></span> <span class='ocrx_word' id='word_1_266' title='bbox 1564 2548 1724 2623; x_wconf 85' lang='lat' dir='ltr'><strong>Quid</strong></span> <span class='ocrx_word' id='word_1_267' title='bbox 1771 2570 1916 2631; x_wconf 91' lang='lat' dir='ltr'><strong>ergo</strong></span> <span class='ocrx_word' id='word_1_268' title='bbox 1973 2552 2242 2615; x_wconf 85' lang='lat' dir='ltr'><strong>nascitur</strong></span> <span class='ocrx_word' id='word_1_269' title='bbox 2287 2571 2358 2613; x_wconf 91' lang='lat' dir='ltr'><strong>eo</strong></span> <span class='ocrx_word' id='word_1_270' title='bbox 2405 2552 2752 2615; x_wconf 81' lang='lat' dir='ltr'><strong>momento?</strong></span> <span class='ocrx_word' id='word_1_271' title='bbox 2845 2550 2998 2615; x_wconf 86' lang='lat' dir='ltr'><strong>Cum</strong></span> <span class='ocrx_word' id='word_1_272' title='bbox 3047 2552 3260 2615; x_wconf 86' lang='grc'><strong>110180</strong></span> 
     </span>
    </p>
   </div>
   <div class='ocr_carea' id='block_1_10' title="bbox 456 2640 3261 2722">
    <p class='ocr_par' dir='ltr' id='par_1_10' title="bbox 456 2640 3261 2722">
     <span class='ocr_line' id='line_1_27' title="bbox 456 2640 3261 2722; baseline -0.001 -17"><span class='ocrx_word' id='word_1_273' title='bbox 456 2688 461 2696; x_wconf 77' lang='grc'>-</span> <span class='ocrx_word' id='word_1_274' title='bbox 552 2642 846 2718; x_wconf 84' lang='grc'><strong>1188011111,</strong></span> <span class='ocrx_word' id='word_1_275' title='bbox 897 2642 1038 2722; x_wconf 88' lang='lat' dir='ltr'><strong>quid</strong></span> <span class='ocrx_word' id='word_1_276' title='bbox 1087 2651 1373 2704; x_wconf 85' lang='lat' dir='ltr'><strong>nascatur</strong></span> <span class='ocrx_word' id='word_1_277' title='bbox 1418 2642 1616 2703; x_wconf 86' lang='lat' dir='ltr'><strong>video.</strong></span> <span class='ocrx_word' id='word_1_278' title='bbox 1710 2642 1936 2703; x_wconf 84' lang='lat' dir='ltr'><strong>Vivere</strong></span> <span class='ocrx_word' id='word_1_279' title='bbox 1983 2659 2060 2701; x_wconf 86' lang='lat' dir='ltr'><strong>ex</strong></span> <span class='ocrx_word' id='word_1_280' title='bbox 2106 2660 2174 2703; x_wconf 90' lang='lat' dir='ltr'><strong>se</strong></span> <span class='ocrx_word' id='word_1_281' title='bbox 2229 2641 2360 2719; x_wconf 90' lang='lat' dir='ltr'><strong>ipso</strong></span> <span class='ocrx_word' id='word_1_282' title='bbox 2409 2640 2646 2721; x_wconf 89' lang='lat' dir='ltr'><strong>incipit,</strong></span> <span class='ocrx_word' id='word_1_283' title='bbox 2715 2648 2899 2703; x_wconf 86' lang='lat' dir='ltr'><strong>antea</strong></span> <span class='ocrx_word' id='word_1_284' title='bbox 2944 2659 3022 2701; x_wconf 90' lang='lat' dir='ltr'><strong>ex</strong></span> <span class='ocrx_word' id='word_1_285' title='bbox 3068 2650 3261 2703; x_wconf 88' lang='lat' dir='ltr'><strong>matre</strong></span> 
     </span>
    </p>
   </div>
   <div class='ocr_carea' id='block_1_11' title="bbox 548 2728 3266 3880">
    <p class='ocr_par' dir='ltr' id='par_1_11' title="bbox 548 2728 3266 3880">
     <span class='ocr_line' id='line_1_28' title="bbox 554 2728 3262 2810; baseline -0.001 -17"><span class='ocrx_word' id='word_1_286' title='bbox 554 2732 821 2795; x_wconf 86' lang='lat' dir='ltr'><strong>vivebat.</strong></span> <span class='ocrx_word' id='word_1_287' title='bbox 912 2730 1077 2794; x_wconf 81' lang='lat' dir='ltr'><strong>Nihil</strong></span> <span class='ocrx_word' id='word_1_288' title='bbox 1134 2731 1259 2794; x_wconf 88' lang='lat' dir='ltr'><strong>tale</strong></span> <span class='ocrx_word' id='word_1_289' title='bbox 1322 2731 1384 2794; x_wconf 89' lang='lat' dir='ltr'><strong>in</strong></span> <span class='ocrx_word' id='word_1_290' title='bbox 1432 2750 1631 2794; x_wconf 87' lang='lat' dir='ltr'><strong>annua</strong></span> <span class='ocrx_word' id='word_1_291' title='bbox 1679 2728 2107 2793; x_wconf 84' lang='lat' dir='ltr'><strong>foecunditate.</strong></span> <span class='ocrx_word' id='word_1_292' title='bbox 2202 2730 2360 2792; x_wconf 89' lang='lat' dir='ltr'><strong>Nam</strong></span> <span class='ocrx_word' id='word_1_293' title='bbox 2405 2730 2612 2794; x_wconf 89' lang='lat' dir='ltr'><strong>multis</strong></span> <span class='ocrx_word' id='word_1_294' title='bbox 2669 2728 2819 2794; x_wconf 90' lang='grc'><strong>10018</strong></span> <span class='ocrx_word' id='word_1_295' title='bbox 2865 2735 3010 2792; x_wconf 84' lang='grc'><strong>81110</strong></span> <span class='ocrx_word' id='word_1_296' title='bbox 3059 2730 3262 2810; x_wconf 80' lang='lat' dir='ltr'><strong>fruges</strong></span> 
     </span>
     <span class='ocr_line' id='line_1_29' title="bbox 550 2907 3260 2988; baseline -0.001 -14"><span class='ocrx_word' id='word_1_297' title='bbox 550 2912 735 2974; x_wconf 84' lang='lat' dir='ltr'><strong>infert</strong></span> <span class='ocrx_word' id='word_1_298' title='bbox 781 2917 847 2970; x_wconf 89' lang='grc'><strong>01</strong></span> <span class='ocrx_word' id='word_1_299' title='bbox 892 2929 959 2970; x_wconf 86' lang='grc'><strong>80</strong></span> <span class='ocrx_word' id='word_1_300' title='bbox 1006 2927 1141 2972; x_wconf 90' lang='lat' dir='ltr'><strong>cum</strong></span> <span class='ocrx_word' id='word_1_301' title='bbox 1169 2907 1313 2971; x_wconf 88' lang='lat' dir='ltr'><strong>Sole</strong></span> <span class='ocrx_word' id='word_1_302' title='bbox 1360 2909 1541 2972; x_wconf 90' lang='lat' dir='ltr'><strong>tollit.</strong></span> <span class='ocrx_word' id='word_1_303' title='bbox 1632 2908 1859 2988; x_wconf 86' lang='lat' dir='ltr'><strong>Aliqua</strong></span> <span class='ocrx_word' id='word_1_304' title='bbox 1905 2907 2013 2968; x_wconf 90' lang='lat' dir='ltr'><strong>tibi</strong></span> <span class='ocrx_word' id='word_1_305' title='bbox 2064 2907 2348 2981; x_wconf 90' lang='lat' dir='ltr'><strong>concedo,</strong></span> <span class='ocrx_word' id='word_1_306' title='bbox 2399 2908 2509 2970; x_wconf 89' lang='lat' dir='ltr'><strong>sed</strong></span> <span class='ocrx_word' id='word_1_307' title='bbox 2542 2907 2650 2970; x_wconf 89' lang='lat' dir='ltr'><strong>illa</strong></span> <span class='ocrx_word' id='word_1_308' title='bbox 2687 2907 2766 2970; x_wconf 89' lang='lat' dir='ltr'><strong>ad</strong></span> <span class='ocrx_word' id='word_1_309' title='bbox 2802 2915 3088 2988; x_wconf 88' lang='lat' dir='ltr'><strong>aspectus</strong></span> <span class='ocrx_word' id='word_1_310' title='bbox 3117 2925 3260 2987; x_wconf 89' lang='lat' dir='ltr'><strong>per-</strong></span> 
     </span>
     <span class='ocr_line' id='line_1_30' title="bbox 554 2993 3263 3078; baseline -0.001 -16"><span class='ocrx_word' id='word_1_311' title='bbox 554 2999 781 3073; x_wconf 79' lang='lat' dir='ltr'><strong>tinent3</strong></span> <span class='ocrx_word' id='word_1_312' title='bbox 829 2997 1067 3060; x_wconf 88' lang='grc'><strong>80111001</strong></span> <span class='ocrx_word' id='word_1_313' title='bbox 1110 2997 1163 3059; x_wconf 89' lang='grc'><strong>81</strong></span> <span class='ocrx_word' id='word_1_314' title='bbox 1207 2994 1279 3078; x_wconf 77' lang='grc'><strong>15,</strong></span> <span class='ocrx_word' id='word_1_315' title='bbox 1328 2999 1381 3067; x_wconf 86' lang='grc'><strong>81</strong></span> <span class='ocrx_word' id='word_1_316' title='bbox 1426 2997 1519 3072; x_wconf 70' lang='lat' dir='ltr'><strong>U„</strong></span> <span class='ocrx_word' id='word_1_317' title='bbox 1562 2996 1615 3059; x_wconf 89' lang='lat' dir='ltr'><strong>si</strong></span> <span class='ocrx_word' id='word_1_318' title='bbox 1662 3004 1713 3068; x_wconf 70' lang='lat' dir='ltr'><strong>d*</strong></span> <span class='ocrx_word' id='word_1_319' title='bbox 1756 2995 1817 3058; x_wconf 88' lang='lat' dir='ltr'><strong>in</strong></span> <span class='ocrx_word' id='word_1_320' title='bbox 1867 2993 1950 3074; x_wconf 63' lang='grc' dir='ltr'><strong>ὅ,</strong></span> <span class='ocrx_word' id='word_1_321' title='bbox 1997 2996 2318 3076; x_wconf 88' lang='lat' dir='ltr'><strong>praecipue</strong></span> <span class='ocrx_word' id='word_1_322' title='bbox 2363 3003 2444 3070; x_wconf 71' lang='lat'><strong>6,</strong></span> <span class='ocrx_word' id='word_1_323' title='bbox 2511 2997 2685 3060; x_wconf 88' lang='lat' dir='ltr'><strong>tarde</strong></span> <span class='ocrx_word' id='word_1_324' title='bbox 2733 3017 2772 3058; x_wconf 90' lang='lat' dir='ltr'><strong>a</strong></span> <span class='ocrx_word' id='word_1_325' title='bbox 2817 2995 2961 3058; x_wconf 88' lang='lat' dir='ltr'><strong>Sole</strong></span> <span class='ocrx_word' id='word_1_326' title='bbox 3009 3015 3263 3076; x_wconf 87' lang='lat' dir='ltr'><strong>separa-</strong></span> 
     </span>
     <span class='ocr_line' id='line_1_31' title="bbox 553 3084 3261 3168; baseline -0.001 -18"><span class='ocrx_word' id='word_1_327' title='bbox 553 3088 716 3150; x_wconf 84' lang='lat' dir='ltr'><strong>bitur</strong></span> <span class='ocrx_word' id='word_1_328' title='bbox 762 3085 1103 3168; x_wconf 83' lang='lat' dir='ltr'><strong>efficietque</strong></span> <span class='ocrx_word' id='word_1_329' title='bbox 1152 3087 1376 3150; x_wconf 89' lang='lat' dir='ltr'><strong>siccum</strong></span> <span class='ocrx_word' id='word_1_330' title='bbox 1423 3095 1489 3149; x_wconf 90' lang='lat' dir='ltr'><strong>et</strong></span> <span class='ocrx_word' id='word_1_331' title='bbox 1536 3086 1839 3148; x_wconf 89' lang='lat' dir='ltr'><strong>aestivum</strong></span> <span class='ocrx_word' id='word_1_332' title='bbox 1885 3104 2012 3146; x_wconf 88' lang='lat' dir='ltr'><strong>ver.</strong></span> <span class='ocrx_word' id='word_1_333' title='bbox 2107 3084 2297 3146; x_wconf 91' lang='lat' dir='ltr'><strong>Tuam</strong></span> <span class='ocrx_word' id='word_1_334' title='bbox 2327 3094 2530 3148; x_wconf 86' lang='lat' dir='ltr'><strong>autem</strong></span> <span class='ocrx_word' id='word_1_335' title='bbox 2575 3087 2706 3165; x_wconf 89' lang='lat' dir='ltr'><strong>ipse</strong></span> <span class='ocrx_word' id='word_1_336' title='bbox 2745 3084 2967 3148; x_wconf 89' lang='lat' dir='ltr'><strong>evertis</strong></span> <span class='ocrx_word' id='word_1_337' title='bbox 3011 3103 3261 3166; x_wconf 88' lang='lat' dir='ltr'><strong>perma-</strong></span> 
     </span>
     <span class='ocr_line' id='line_1_32' title="bbox 554 3173 3262 3254; baseline -0.002 -15"><span class='ocrx_word' id='word_1_338' title='bbox 554 3185 793 3239; x_wconf 89' lang='lat' dir='ltr'><strong>nentem</strong></span> <span class='ocrx_word' id='word_1_339' title='bbox 854 3175 978 3239; x_wconf 89' lang='lat' dir='ltr'><strong>vim</strong></span> <span class='ocrx_word' id='word_1_340' title='bbox 1032 3175 1353 3254; x_wconf 88' lang='lat' dir='ltr'><strong>thematis,</strong></span> <span class='ocrx_word' id='word_1_341' title='bbox 1418 3175 1857 3238; x_wconf 86' lang='lat' dir='ltr'><strong>revolutionem</strong></span> <span class='ocrx_word' id='word_1_342' title='bbox 1899 3173 2031 3253; x_wconf 87' lang='lat' dir='ltr'><strong>ipse</strong></span> <span class='ocrx_word' id='word_1_343' title='bbox 2087 3173 2370 3250; x_wconf 89' lang='lat' dir='ltr'><strong>damnas,</strong></span> <span class='ocrx_word' id='word_1_344' title='bbox 2438 3181 2502 3236; x_wconf 90' lang='lat' dir='ltr'><strong>et</strong></span> <span class='ocrx_word' id='word_1_345' title='bbox 2545 3183 2746 3236; x_wconf 87' lang='lat' dir='ltr'><strong>tamen</strong></span> <span class='ocrx_word' id='word_1_346' title='bbox 2803 3174 2894 3236; x_wconf 88' lang='lat' dir='ltr'><strong>ita</strong></span> <span class='ocrx_word' id='word_1_347' title='bbox 2939 3173 3262 3254; x_wconf 87' lang='lat' dir='ltr'><strong>scripsisti,</strong></span> 
     </span>
     <span class='ocr_line' id='line_1_33' title="bbox 554 3261 3262 3346; baseline -0 -19"><span class='ocrx_word' id='word_1_348' title='bbox 554 3285 625 3327; x_wconf 88' lang='lat' dir='ltr'><strong>ac</strong></span> <span class='ocrx_word' id='word_1_349' title='bbox 674 3264 737 3326; x_wconf 85' lang='lat' dir='ltr'><strong>si&#39;</strong></span> <span class='ocrx_word' id='word_1_350' title='bbox 770 3274 1188 3346; x_wconf 86' lang='lat' dir='ltr'><strong>permaneret:</strong></span> <span class='ocrx_word' id='word_1_351' title='bbox 1255 3265 1347 3328; x_wconf 87' lang='lat' dir='ltr'><strong>ita</strong></span> <span class='ocrx_word' id='word_1_352' title='bbox 1390 3265 1729 3327; x_wconf 90' lang='lat' dir='ltr'><strong>ascendens</strong></span> <span class='ocrx_word' id='word_1_353' title='bbox 1777 3261 2170 3325; x_wconf 85' lang='lat' dir='ltr'><strong>revolutionis</strong></span> <span class='ocrx_word' id='word_1_354' title='bbox 2217 3261 2327 3324; x_wconf 91' lang='lat' dir='ltr'><strong>tibi</strong></span> <span class='ocrx_word' id='word_1_355' title='bbox 2375 3263 2454 3326; x_wconf 87' lang='lat' dir='ltr'><strong>ad</strong></span> <span class='ocrx_word' id='word_1_356' title='bbox 2501 3263 2636 3327; x_wconf 87' lang='lat' dir='ltr'><strong>loca</strong></span> <span class='ocrx_word' id='word_1_357' title='bbox 2678 3264 3058 3345; x_wconf 87' lang='lat' dir='ltr'><strong>planetarum</strong></span> <span class='ocrx_word' id='word_1_358' title='bbox 3103 3271 3262 3326; x_wconf 87' lang='lat' dir='ltr'><strong>tem-</strong></span> 
     </span>
     <span class='ocr_line' id='line_1_34' title="bbox 553 3348 3262 3435; baseline -0.001 -20"><span class='ocrx_word' id='word_1_359' title='bbox 553 3372 699 3434; x_wconf 88' lang='lat' dir='ltr'><strong>pore</strong></span> <span class='ocrx_word' id='word_1_360' title='bbox 748 3353 1029 3417; x_wconf 88' lang='lat' dir='ltr'><strong>introitus</strong></span> <span class='ocrx_word' id='word_1_361' title='bbox 1079 3355 1307 3427; x_wconf 86' lang='lat' dir='ltr'><strong>(cernis</strong></span> <span class='ocrx_word' id='word_1_362' title='bbox 1353 3352 1770 3435; x_wconf 87' lang='lat' dir='ltr'><strong>permanentia</strong></span> <span class='ocrx_word' id='word_1_363' title='bbox 1825 3352 1961 3414; x_wconf 90' lang='grc'><strong>1008</strong></span> <span class='ocrx_word' id='word_1_364' title='bbox 2003 3349 2321 3426; x_wconf 86' lang='lat' dir='ltr'><strong>introitus)</strong></span> <span class='ocrx_word' id='word_1_365' title='bbox 2368 3351 2786 3432; x_wconf 88' lang='lat' dir='ltr'><strong>proficiscitur.</strong></span> <span class='ocrx_word' id='word_1_366' title='bbox 2881 3348 3058 3423; x_wconf 88' lang='lat' dir='ltr'><strong>Quod</strong></span> <span class='ocrx_word' id='word_1_367' title='bbox 3119 3369 3262 3413; x_wconf 91' lang='lat' dir='ltr'><strong>vero</strong></span> 
     </span>
     <span class='ocr_line' id='line_1_35' title="bbox 556 3439 3261 3524; baseline -0.001 -20"><span class='ocrx_word' id='word_1_368' title='bbox 556 3451 619 3504; x_wconf 92' lang='lat' dir='ltr'><strong>et</strong></span> <span class='ocrx_word' id='word_1_369' title='bbox 663 3442 1055 3524; x_wconf 83' lang='lat' dir='ltr'><strong>particularia</strong></span> <span class='ocrx_word' id='word_1_370' title='bbox 1100 3443 1304 3518; x_wconf 89' lang='lat' dir='ltr'><strong>addis,</strong></span> <span class='ocrx_word' id='word_1_371' title='bbox 1356 3443 1644 3523; x_wconf 87' lang='lat' dir='ltr'><strong>optimum</strong></span> <span class='ocrx_word' id='word_1_372' title='bbox 1692 3459 1839 3504; x_wconf 86' lang='lat' dir='ltr'><strong>sane</strong></span> <span class='ocrx_word' id='word_1_373' title='bbox 1886 3439 2058 3520; x_wconf 88' lang='lat' dir='ltr'><strong>piper</strong></span> <span class='ocrx_word' id='word_1_374' title='bbox 2104 3439 2384 3514; x_wconf 89' lang='lat' dir='ltr'><strong>adhibes,</strong></span> <span class='ocrx_word' id='word_1_375' title='bbox 2435 3441 2546 3504; x_wconf 89' lang='lat' dir='ltr'><strong>sed</strong></span> <span class='ocrx_word' id='word_1_376' title='bbox 2590 3440 2740 3504; x_wconf 91' lang='lat' dir='ltr'><strong>illud</strong></span> <span class='ocrx_word' id='word_1_377' title='bbox 2783 3439 2949 3520; x_wconf 86' lang='lat' dir='ltr'><strong>prius</strong></span> <span class='ocrx_word' id='word_1_378' title='bbox 2995 3439 3261 3504; x_wconf 86' lang='lat' dir='ltr'><strong>miscen-</strong></span> 
     </span>
     <span class='ocr_line' id='line_1_36' title="bbox 555 3528 3266 3613; baseline -0.001 -19"><span class='ocrx_word' id='word_1_379' title='bbox 555 3533 696 3594; x_wconf 90' lang='lat' dir='ltr'><strong>dum</strong></span> <span class='ocrx_word' id='word_1_380' title='bbox 744 3531 862 3610; x_wconf 84' lang='lat' dir='ltr'><strong>erit</strong></span> <span class='ocrx_word' id='word_1_381' title='bbox 872 3551 891 3608; x_wconf 90' lang='lat'>;</span> <span class='ocrx_word' id='word_1_382' title='bbox 958 3533 1155 3613; x_wconf 88' lang='lat' dir='ltr'><strong>qualis</strong></span> <span class='ocrx_word' id='word_1_383' title='bbox 1200 3531 1387 3612; x_wconf 89' lang='lat' dir='ltr'><strong>igitur</strong></span> <span class='ocrx_word' id='word_1_384' title='bbox 1430 3532 1568 3605; x_wconf 85' lang='lat' dir='ltr'><strong>fiet,</strong></span> <span class='ocrx_word' id='word_1_385' title='bbox 1630 3549 1735 3592; x_wconf 88' lang='lat' dir='ltr'><strong>oro</strong></span> <span class='ocrx_word' id='word_1_386' title='bbox 1757 3577 1775 3603; x_wconf 91' lang='lat'><strong>,</strong></span> <span class='ocrx_word' id='word_1_387' title='bbox 1825 3528 2130 3594; x_wconf 81' lang='lat' dir='ltr'><strong>mixtura?</strong></span> <span class='ocrx_word' id='word_1_388' title='bbox 2219 3528 2420 3592; x_wconf 85' lang='lat' dir='ltr'><strong>Multa</strong></span> <span class='ocrx_word' id='word_1_389' title='bbox 2465 3530 2866 3610; x_wconf 81' lang='lat' dir='ltr'><strong>repugnantia</strong></span> <span class='ocrx_word' id='word_1_390' title='bbox 2907 3529 2968 3592; x_wconf 91' lang='grc'><strong>111</strong></span> <span class='ocrx_word' id='word_1_391' title='bbox 3017 3529 3266 3592; x_wconf 79' lang='lat' dir='ltr'><strong>ferendo</strong></span> 
     </span>
     <span class='ocr_line' id='line_1_37' title="bbox 548 3617 3264 3702; baseline -0.001 -19"><span class='ocrx_word' id='word_1_392' title='bbox 548 3621 809 3702; x_wconf 86' lang='lat' dir='ltr'><strong>judicio,</strong></span> <span class='ocrx_word' id='word_1_393' title='bbox 876 3621 1253 3701; x_wconf 83' lang='lat' dir='ltr'><strong>experientia</strong></span> <span class='ocrx_word' id='word_1_394' title='bbox 1298 3620 1493 3682; x_wconf 88' lang='grc'><strong>01111118</strong></span> <span class='ocrx_word' id='word_1_395' title='bbox 1540 3617 1771 3681; x_wconf 85' lang='grc'><strong>81101118</strong></span> <span class='ocrx_word' id='word_1_396' title='bbox 1835 3625 1900 3680; x_wconf 86' lang='grc'><strong>01</strong></span> <span class='ocrx_word' id='word_1_397' title='bbox 1961 3618 2097 3697; x_wconf 83' lang='lat' dir='ltr'><strong>plus</strong></span> <span class='ocrx_word' id='word_1_398' title='bbox 2143 3635 2324 3697; x_wconf 87' lang='lat' dir='ltr'><strong>quam</strong></span> <span class='ocrx_word' id='word_1_399' title='bbox 2371 3618 2650 3693; x_wconf 86' lang='lat' dir='ltr'><strong>confusa,</strong></span> <span class='ocrx_word' id='word_1_400' title='bbox 2717 3619 2876 3700; x_wconf 88' lang='lat' dir='ltr'><strong>quod</strong></span> <span class='ocrx_word' id='word_1_401' title='bbox 2923 3638 2962 3680; x_wconf 88' lang='lat' dir='ltr'><strong>a</strong></span> <span class='ocrx_word' id='word_1_402' title='bbox 3005 3635 3101 3680; x_wconf 85' lang='lat' dir='ltr'><strong>me</strong></span> <span class='ocrx_word' id='word_1_403' title='bbox 3149 3617 3264 3679; x_wconf 89' lang='lat' dir='ltr'><strong>dici</strong></span> 
     </span>
     <span class='ocr_line' id='line_1_38' title="bbox 557 3705 3260 3791; baseline -0.001 -19"><span class='ocrx_word' id='word_1_404' title='bbox 557 3729 741 3790; x_wconf 85' lang='lat' dir='ltr'><strong>aegre</strong></span> <span class='ocrx_word' id='word_1_405' title='bbox 786 3711 943 3772; x_wconf 87' lang='grc'><strong>81188</strong></span> <span class='ocrx_word' id='word_1_406' title='bbox 992 3710 1134 3772; x_wconf 83' lang='lat' dir='ltr'><strong>fers.</strong></span> <span class='ocrx_word' id='word_1_407' title='bbox 1229 3708 1487 3772; x_wconf 90' lang='lat' dir='ltr'><strong>Perinde</strong></span> <span class='ocrx_word' id='word_1_408' title='bbox 1534 3715 1649 3783; x_wconf 87' lang='lat' dir='ltr'><strong>est,</strong></span> <span class='ocrx_word' id='word_1_409' title='bbox 1702 3723 1773 3767; x_wconf 90' lang='grc'><strong>80</strong></span> <span class='ocrx_word' id='word_1_410' title='bbox 1818 3705 1875 3767; x_wconf 88' lang='grc'><strong>81</strong></span> <span class='ocrx_word' id='word_1_411' title='bbox 1923 3706 2178 3780; x_wconf 82' lang='lat' dir='ltr'><strong>diceres,</strong></span> <span class='ocrx_word' id='word_1_412' title='bbox 2223 3713 2287 3768; x_wconf 88' lang='lat' dir='ltr'><strong>te</strong></span> <span class='ocrx_word' id='word_1_413' title='bbox 2319 3725 2464 3769; x_wconf 88' lang='lat' dir='ltr'><strong>vera</strong></span> <span class='ocrx_word' id='word_1_414' title='bbox 2505 3713 2572 3768; x_wconf 90' lang='lat' dir='ltr'><strong>et</strong></span> <span class='ocrx_word' id='word_1_415' title='bbox 2609 3707 2768 3769; x_wconf 83' lang='lat' dir='ltr'><strong>falsa</strong></span> <span class='ocrx_word' id='word_1_416' title='bbox 2793 3707 2952 3769; x_wconf 89' lang='lat' dir='ltr'><strong>velle</strong></span> <span class='ocrx_word' id='word_1_417' title='bbox 2989 3707 3260 3791; x_wconf 77' lang='lat' dir='ltr'><strong>miscere,</strong></span> 
     </span>
     <span class='ocr_line' id='line_1_39' title="bbox 556 3794 2498 3880; baseline -0.002 -19"><span class='ocrx_word' id='word_1_418' title='bbox 556 3798 768 3880; x_wconf 89' lang='lat' dir='ltr'><strong>quodsi</strong></span> <span class='ocrx_word' id='word_1_419' title='bbox 812 3817 961 3862; x_wconf 88' lang='lat' dir='ltr'><strong>vera</strong></span> <span class='ocrx_word' id='word_1_420' title='bbox 1004 3799 1269 3870; x_wconf 85' lang='lat' dir='ltr'><strong>vincant,</strong></span> <span class='ocrx_word' id='word_1_421' title='bbox 1318 3817 1465 3860; x_wconf 88' lang='lat' dir='ltr'><strong>vera</strong></span> <span class='ocrx_word' id='word_1_422' title='bbox 1510 3796 1831 3870; x_wconf 85' lang='lat' dir='ltr'><strong>dicturum,</strong></span> <span class='ocrx_word' id='word_1_423' title='bbox 1881 3795 1934 3856; x_wconf 86' lang='lat' dir='ltr'><strong>si</strong></span> <span class='ocrx_word' id='word_1_424' title='bbox 1981 3794 2142 3858; x_wconf 85' lang='lat' dir='ltr'><strong>falsa</strong></span> <span class='ocrx_word' id='word_1_425' title='bbox 2189 3825 2273 3838; x_wconf 90' lang='lat'><strong>—</strong></span> <span class='ocrx_word' id='word_1_426' title='bbox 2322 3795 2498 3858; x_wconf 83' lang='lat' dir='ltr'><strong>falsa.</strong></span> 
     </span>
    </p>
   </div>
   <div class='ocr_carea' id='block_1_12' title="bbox 554 3899 3271 4324">
    <p class='ocr_par' dir='ltr' id='par_1_12' title="bbox 554 3899 3271 4324">
     <span class='ocr_line' id='line_1_40' title="bbox 696 3899 3258 3970; baseline -0.001 -16"><span class='ocrx_word' id='word_1_427' title='bbox 696 3905 1068 3956; x_wconf 82' lang='lat' dir='ltr'><strong>Fabricius.</strong></span> <span class='ocrx_word' id='word_1_428' title='bbox 1120 3905 1197 3955; x_wconf 84' lang='lat' dir='ltr'><strong>Tu</strong></span> <span class='ocrx_word' id='word_1_429' title='bbox 1232 3910 1408 3970; x_wconf 82' lang='lat' dir='ltr'><strong>putas,</strong></span> <span class='ocrx_word' id='word_1_430' title='bbox 1464 3899 1937 3966; x_wconf 86' lang='lat' dir='ltr'><strong>experientiam</strong></span> <span class='ocrx_word' id='word_1_431' title='bbox 1973 3899 2026 3949; x_wconf 88' lang='lat' dir='ltr'><strong>in</strong></span> <span class='ocrx_word' id='word_1_432' title='bbox 2063 3901 2476 3966; x_wconf 74' lang='lat' dir='ltr'><strong>astrologicis</strong></span> <span class='ocrx_word' id='word_1_433' title='bbox 2531 3914 2642 3951; x_wconf 88' lang='lat' dir='ltr'><strong>esse</strong></span> <span class='ocrx_word' id='word_1_434' title='bbox 2677 3901 3014 3952; x_wconf 71' lang='lat' dir='ltr'><strong>confusam</strong></span> <span class='ocrx_word' id='word_1_435' title='bbox 3069 3907 3124 3952; x_wconf 83' lang='lat' dir='ltr'><strong>et</strong></span> <span class='ocrx_word' id='word_1_436' title='bbox 3159 3899 3258 3952; x_wconf 73' lang='lat' dir='ltr'><strong>for-</strong></span> 
     </span>
     <span class='ocr_line' id='line_1_41' title="bbox 556 3971 3266 4042; baseline -0.001 -15"><span class='ocrx_word' id='word_1_437' title='bbox 556 3977 738 4027; x_wconf 83' lang='lat' dir='ltr'><strong>tuitam</strong></span> <span class='ocrx_word' id='word_1_438' title='bbox 772 3975 960 4042; x_wconf 82' lang='lat' dir='ltr'><strong>potius,</strong></span> <span class='ocrx_word' id='word_1_439' title='bbox 1012 3990 1161 4040; x_wconf 89' lang='lat' dir='ltr'><strong>qnam</strong></span> <span class='ocrx_word' id='word_1_440' title='bbox 1195 3989 1381 4031; x_wconf 79' lang='lat' dir='ltr'><strong>veram·</strong></span> <span class='ocrx_word' id='word_1_441' title='bbox 1454 3973 1583 4023; x_wconf 82' lang='lat' dir='ltr'><strong>Puto</strong></span> <span class='ocrx_word' id='word_1_442' title='bbox 1620 3979 1815 4030; x_wconf 83' lang='lat' dir='ltr'><strong>autem,</strong></span> <span class='ocrx_word' id='word_1_443' title='bbox 1867 3973 1934 4021; x_wconf 88' lang='lat' dir='ltr'><strong>mi</strong></span> <span class='ocrx_word' id='word_1_444' title='bbox 1981 3973 2170 4023; x_wconf 80' lang='lat' dir='ltr'><strong>erudite</strong></span> <span class='ocrx_word' id='word_1_445' title='bbox 2206 3972 2452 4036; x_wconf 77' lang='lat' dir='ltr'><strong>Keplere,</strong></span> <span class='ocrx_word' id='word_1_446' title='bbox 2504 3973 2859 4038; x_wconf 79' lang='lat' dir='ltr'><strong>experientiam</strong></span> <span class='ocrx_word' id='word_1_447' title='bbox 2893 3971 3030 4024; x_wconf 87' lang='lat' dir='ltr'><strong>illam</strong></span> <span class='ocrx_word' id='word_1_448' title='bbox 3061 3975 3266 4024; x_wconf 78' lang='grc'><strong>18181180</strong></span> 
     </span>
     <span class='ocr_line' id='line_1_42' title="bbox 556 4042 3260 4110; baseline -0.001 -12"><span class='ocrx_word' id='word_1_449' title='bbox 556 4049 813 4098; x_wconf 64' lang='lat' dir='ltr'><strong>fornitana</strong></span> <span class='ocrx_word' id='word_1_450' title='bbox 848 4061 975 4108; x_wconf 83' lang='grc'><strong>0880,</strong></span> <span class='ocrx_word' id='word_1_451' title='bbox 1014 4047 1103 4098; x_wconf 88' lang='lat' dir='ltr'><strong>sed</strong></span> <span class='ocrx_word' id='word_1_452' title='bbox 1139 4053 1281 4099; x_wconf 84' lang='lat' dir='ltr'><strong>certa</strong></span> <span class='ocrx_word' id='word_1_453' title='bbox 1314 4047 1511 4096; x_wconf 84' lang='lat' dir='ltr'><strong>ratione</strong></span> <span class='ocrx_word' id='word_1_454' title='bbox 1546 4042 1945 4108; x_wconf 51' lang='lat' dir='ltr'><strong>corresponderffi</strong></span> <span class='ocrx_word' id='word_1_455' title='bbox 1983 4049 2040 4094; x_wconf 89' lang='lat' dir='ltr'><strong>ut</strong></span> <span class='ocrx_word' id='word_1_456' title='bbox 2075 4049 2283 4109; x_wconf 84' lang='lat' dir='ltr'><strong>apparet</strong></span> <span class='ocrx_word' id='word_1_457' title='bbox 2317 4045 2371 4094; x_wconf 89' lang='lat' dir='ltr'><strong>in</strong></span> <span class='ocrx_word' id='word_1_458' title='bbox 2406 4043 2699 4110; x_wconf 72' lang='lat' dir='ltr'><strong>generibus,</strong></span> <span class='ocrx_word' id='word_1_459' title='bbox 2735 4045 2788 4094; x_wconf 82' lang='lat' dir='ltr'><strong>in</strong></span> <span class='ocrx_word' id='word_1_460' title='bbox 2824 4044 2997 4109; x_wconf 84' lang='lat' dir='ltr'><strong>quibas</strong></span> <span class='ocrx_word' id='word_1_461' title='bbox 3033 4043 3260 4108; x_wconf 86' lang='lat' dir='ltr'><strong>planeta-</strong></span> 
     </span>
     <span class='ocr_line' id='line_1_43' title="bbox 556 4112 3264 4184; baseline -0.002 -13"><span class='ocrx_word' id='word_1_462' title='bbox 556 4134 669 4172; x_wconf 82' lang='lat' dir='ltr'><strong>rum</strong></span> <span class='ocrx_word' id='word_1_463' title='bbox 704 4119 820 4170; x_wconf 75' lang='lat' dir='ltr'><strong>loca</strong></span> <span class='ocrx_word' id='word_1_464' title='bbox 852 4131 943 4184; x_wconf 87' lang='lat' dir='ltr'><strong>per</strong></span> <span class='ocrx_word' id='word_1_465' title='bbox 978 4123 1167 4170; x_wconf 79' lang='lat' dir='ltr'><strong>certam</strong></span> <span class='ocrx_word' id='word_1_466' title='bbox 1204 4119 1598 4168; x_wconf 77' lang='lat' dir='ltr'><strong>observationem</strong></span> <span class='ocrx_word' id='word_1_467' title='bbox 1634 4116 1840 4180; x_wconf 82' lang='lat' dir='ltr'><strong>cognita</strong></span> <span class='ocrx_word' id='word_1_468' title='bbox 1871 4112 2120 4165; x_wconf 81' lang='lat' dir='ltr'><strong>habentur</strong></span> <span class='ocrx_word' id='word_1_469' title='bbox 2121 4146 2352 4165; x_wconf 90' lang='grc'><strong>.....</strong></span> <span class='ocrx_word' id='word_1_470' title='bbox 2407 4113 2555 4165; x_wconf 87' lang='lat' dir='ltr'><strong>Licet</strong></span> <span class='ocrx_word' id='word_1_471' title='bbox 2585 4130 2686 4165; x_wconf 86' lang='lat' dir='ltr'><strong>non</strong></span> <span class='ocrx_word' id='word_1_472' title='bbox 2720 4128 2933 4179; x_wconf 83' lang='lat' dir='ltr'><strong>semper</strong></span> <span class='ocrx_word' id='word_1_473' title='bbox 2950 4122 3086 4166; x_wconf 81' lang='lat' dir='ltr'><strong>certo</strong></span> <span class='ocrx_word' id='word_1_474' title='bbox 3121 4129 3264 4180; x_wconf 76' lang='lat' dir='ltr'><strong>prae·</strong></span> 
     </span>
     <span class='ocr_line' id='line_1_44' title="bbox 556 4184 3271 4256; baseline -0.002 -13"><span class='ocrx_word' id='word_1_475' title='bbox 556 4191 721 4244; x_wconf 85' lang='lat' dir='ltr'><strong>dicere</strong></span> <span class='ocrx_word' id='word_1_476' title='bbox 755 4191 996 4256; x_wconf 83' lang='lat' dir='ltr'><strong>possimus</strong></span> <span class='ocrx_word' id='word_1_477' title='bbox 1034 4197 1257 4250; x_wconf 71' lang='lat' dir='ltr'><strong>eventus,</strong></span> <span class='ocrx_word' id='word_1_478' title='bbox 1296 4203 1453 4239; x_wconf 84' lang='lat' dir='ltr'><strong>causa</strong></span> <span class='ocrx_word' id='word_1_479' title='bbox 1488 4195 1581 4246; x_wconf 86' lang='lat' dir='ltr'><strong>est,</strong></span> <span class='ocrx_word' id='word_1_480' title='bbox 1626 4187 1759 4252; x_wconf 84' lang='lat' dir='ltr'><strong>quod</strong></span> <span class='ocrx_word' id='word_1_481' title='bbox 1794 4184 2097 4252; x_wconf 76' lang='lat' dir='ltr'><strong>astrologum</strong></span> <span class='ocrx_word' id='word_1_482' title='bbox 2131 4200 2230 4237; x_wconf 90' lang='lat' dir='ltr'><strong>non</strong></span> <span class='ocrx_word' id='word_1_483' title='bbox 2267 4191 2465 4238; x_wconf 77' lang='grc'><strong>18811118</strong></span> <span class='ocrx_word' id='word_1_484' title='bbox 2500 4190 2638 4238; x_wconf 81' lang='lat' dir='ltr'><strong>astra</strong></span> <span class='ocrx_word' id='word_1_485' title='bbox 2673 4187 2986 4238; x_wconf 80' lang='lat' dir='ltr'><strong>considerare</strong></span> <span class='ocrx_word' id='word_1_486' title='bbox 3022 4191 3271 4252; x_wconf 75' lang='lat' dir='ltr'><strong>oporteat,</strong></span> 
     </span>
     <span class='ocr_line' id='line_1_45' title="bbox 554 4257 1543 4324; baseline -0.006 -10"><span class='ocrx_word' id='word_1_487' title='bbox 554 4263 643 4314; x_wconf 83' lang='lat' dir='ltr'><strong>sed</strong></span> <span class='ocrx_word' id='word_1_488' title='bbox 681 4268 734 4314; x_wconf 88' lang='lat' dir='ltr'><strong>et</strong></span> <span class='ocrx_word' id='word_1_489' title='bbox 769 4261 1173 4313; x_wconf 83' lang='lat' dir='ltr'><strong>constitutionem</strong></span> <span class='ocrx_word' id='word_1_490' title='bbox 1207 4261 1419 4324; x_wconf 78' lang='lat' dir='ltr'><strong>subjecti</strong></span> <span class='ocrx_word' id='word_1_491' title='bbox 1454 4257 1543 4310; x_wconf 72' lang='grc'><strong>810.</strong></span> 
     </span>
    </p>
   </div>
   <div class='ocr_carea' id='block_1_13' title="bbox 546 4327 3288 5012">
    <p class='ocr_par' dir='ltr' id='par_1_13' title="bbox 546 4327 3288 5012">
     <span class='ocr_line' id='line_1_46' title="bbox 732 4327 3262 4414; baseline -0.002 -19"><span class='ocrx_word' id='word_1_492' title='bbox 732 4332 1135 4414; x_wconf 88' lang='lat' dir='ltr'><strong>Keplerus:</strong></span> <span class='ocrx_word' id='word_1_493' title='bbox 1184 4332 1272 4396; x_wconf 88' lang='lat' dir='ltr'><strong>Ut</strong></span> <span class='ocrx_word' id='word_1_494' title='bbox 1316 4351 1522 4412; x_wconf 87' lang='lat' dir='ltr'><strong>neges,</strong></span> <span class='ocrx_word' id='word_1_495' title='bbox 1571 4327 2001 4409; x_wconf 89' lang='lat' dir='ltr'><strong>experientiam</strong></span> <span class='ocrx_word' id='word_1_496' title='bbox 2049 4329 2108 4390; x_wconf 91' lang='lat' dir='ltr'><strong>in</strong></span> <span class='ocrx_word' id='word_1_497' title='bbox 2139 4327 2521 4410; x_wconf 85' lang='lat' dir='ltr'><strong>astrologicis</strong></span> <span class='ocrx_word' id='word_1_498' title='bbox 2568 4347 2705 4391; x_wconf 87' lang='lat' dir='ltr'><strong>esse</strong></span> <span class='ocrx_word' id='word_1_499' title='bbox 2733 4331 3064 4407; x_wconf 80' lang='lat' dir='ltr'><strong>confusam,</strong></span> <span class='ocrx_word' id='word_1_500' title='bbox 3113 4347 3262 4392; x_wconf 88' lang='lat' dir='ltr'><strong>con-</strong></span> 
     </span>
     <span class='ocr_line' id='line_1_47' title="bbox 554 4417 3262 4504; baseline -0.001 -18"><span class='ocrx_word' id='word_1_501' title='bbox 554 4433 655 4488; x_wconf 91' lang='lat' dir='ltr'><strong>tra</strong></span> <span class='ocrx_word' id='word_1_502' title='bbox 700 4419 953 4504; x_wconf 81' lang='lat' dir='ltr'><strong>opponis</strong></span> <span class='ocrx_word' id='word_1_503' title='bbox 998 4422 1301 4502; x_wconf 89' lang='lat' dir='ltr'><strong>exempla,</strong></span> <span class='ocrx_word' id='word_1_504' title='bbox 1368 4418 1469 4483; x_wconf 89' lang='lat' dir='ltr'><strong>uhi</strong></span> <span class='ocrx_word' id='word_1_505' title='bbox 1516 4426 1768 4482; x_wconf 85' lang='lat' dir='ltr'><strong>eventus</strong></span> <span class='ocrx_word' id='word_1_506' title='bbox 1814 4425 1986 4480; x_wconf 82' lang='lat' dir='ltr'><strong>certa</strong></span> <span class='ocrx_word' id='word_1_507' title='bbox 2029 4417 2264 4480; x_wconf 86' lang='lat' dir='ltr'><strong>ratione</strong></span> <span class='ocrx_word' id='word_1_508' title='bbox 2325 4418 2794 4498; x_wconf 84' lang='lat' dir='ltr'><strong>correspondere</strong></span> <span class='ocrx_word' id='word_1_509' title='bbox 2839 4419 2934 4482; x_wconf 83' lang='lat' dir='ltr'><strong>ais</strong></span> <span class='ocrx_word' id='word_1_510' title='bbox 2969 4417 3262 4484; x_wconf 87' lang='lat' dir='ltr'><strong>directio-</strong></span> 
     </span>
     <span class='ocr_line' id='line_1_48' title="bbox 556 4505 3264 4592; baseline -0.003 -18"><span class='ocrx_word' id='word_1_511' title='bbox 556 4511 755 4588; x_wconf 87' lang='lat' dir='ltr'><strong>nibus,</strong></span> <span class='ocrx_word' id='word_1_512' title='bbox 802 4509 1278 4592; x_wconf 74' lang='lat' dir='ltr'><strong>prot‘ectionibus</strong></span> <span class='ocrx_word' id='word_1_513' title='bbox 1324 4518 1391 4573; x_wconf 90' lang='lat' dir='ltr'><strong>et</strong></span> <span class='ocrx_word' id='word_1_514' title='bbox 1432 4507 1813 4572; x_wconf 80' lang='lat' dir='ltr'><strong>transitibus.</strong></span> <span class='ocrx_word' id='word_1_515' title='bbox 1905 4505 2049 4570; x_wconf 88' lang='lat' dir='ltr'><strong>Jam</strong></span> <span class='ocrx_word' id='word_1_516' title='bbox 2105 4505 2316 4570; x_wconf 86' lang='lat' dir='ltr'><strong>statim</strong></span> <span class='ocrx_word' id='word_1_517' title='bbox 2373 4513 2434 4570; x_wconf 89' lang='lat' dir='ltr'><strong>te</strong></span> <span class='ocrx_word' id='word_1_518' title='bbox 2481 4506 2810 4588; x_wconf 88' lang='lat' dir='ltr'><strong>prodidisti</strong></span> <span class='ocrx_word' id='word_1_519' title='bbox 2851 4527 3060 4584; x_wconf 85' lang='lat' dir='ltr'><strong>sorex,</strong></span> <span class='ocrx_word' id='word_1_520' title='bbox 3125 4506 3264 4568; x_wconf 87' lang='lat' dir='ltr'><strong>dum</strong></span> 
     </span>
     <span class='ocr_line' id='line_1_49' title="bbox 556 4593 3288 4681; baseline -0.002 -17"><span class='ocrx_word' id='word_1_521' title='bbox 556 4601 760 4664; x_wconf 87' lang='lat' dir='ltr'><strong>omnia</strong></span> <span class='ocrx_word' id='word_1_522' title='bbox 804 4600 927 4664; x_wconf 87' lang='lat' dir='ltr'><strong>tria</strong></span> <span class='ocrx_word' id='word_1_523' title='bbox 969 4606 1301 4681; x_wconf 85' lang='lat' dir='ltr'><strong>computas.</strong></span> <span class='ocrx_word' id='word_1_524' title='bbox 1396 4595 1617 4661; x_wconf 81' lang='lat' dir='ltr'><strong>Certus</strong></span> <span class='ocrx_word' id='word_1_525' title='bbox 1656 4614 1805 4668; x_wconf 87' lang='lat' dir='ltr'><strong>sum,</strong></span> <span class='ocrx_word' id='word_1_526' title='bbox 1853 4594 2002 4657; x_wconf 87' lang='lat' dir='ltr'><strong>nibil</strong></span> <span class='ocrx_word' id='word_1_527' title='bbox 2045 4593 2108 4658; x_wconf 90' lang='lat' dir='ltr'><strong>in</strong></span> <span class='ocrx_word' id='word_1_528' title='bbox 2155 4594 2437 4659; x_wconf 83' lang='lat' dir='ltr'><strong>universa</strong></span> <span class='ocrx_word' id='word_1_529' title='bbox 2473 4596 2604 4658; x_wconf 83' lang='lat' dir='ltr'><strong>vita</strong></span> <span class='ocrx_word' id='word_1_530' title='bbox 2647 4596 2910 4661; x_wconf 86' lang='lat' dir='ltr'><strong>maxime</strong></span> <span class='ocrx_word' id='word_1_531' title='bbox 2955 4597 3288 4660; x_wconf 73' lang='lat' dir='ltr'><strong>fortuitum·</strong></span> 
     </span>
     <span class='ocr_line' id='line_1_50' title="bbox 558 4683 3266 4770; baseline -0.002 -19"><span class='ocrx_word' id='word_1_532' title='bbox 558 4689 801 4753; x_wconf 86' lang='lat' dir='ltr'><strong>evenire</strong></span> <span class='ocrx_word' id='word_1_533' title='bbox 846 4707 1071 4770; x_wconf 52' lang='lat' dir='ltr'><strong>posses</strong></span> <span class='ocrx_word' id='word_1_534' title='bbox 1100 4689 1259 4770; x_wconf 86' lang='lat' dir='ltr'><strong>quod</strong></span> <span class='ocrx_word' id='word_1_535' title='bbox 1294 4683 1414 4751; x_wconf 84' lang='grc'><strong>11011</strong></span> <span class='ocrx_word' id='word_1_536' title='bbox 1456 4687 1555 4748; x_wconf 87' lang='lat' dir='ltr'><strong>vel</strong></span> <span class='ocrx_word' id='word_1_537' title='bbox 1598 4683 1755 4760; x_wconf 86' lang='lat' dir='ltr'><strong>huic,</strong></span> <span class='ocrx_word' id='word_1_538' title='bbox 1802 4685 1902 4747; x_wconf 87' lang='lat' dir='ltr'><strong>vel</strong></span> <span class='ocrx_word' id='word_1_539' title='bbox 1928 4683 2037 4759; x_wconf 91' lang='lat' dir='ltr'><strong>illi,</strong></span> <span class='ocrx_word' id='word_1_540' title='bbox 2088 4684 2188 4746; x_wconf 89' lang='lat' dir='ltr'><strong>vel</strong></span> <span class='ocrx_word' id='word_1_541' title='bbox 2213 4684 2394 4746; x_wconf 86' lang='lat' dir='ltr'><strong>tertio</strong></span> <span class='ocrx_word' id='word_1_542' title='bbox 2434 4704 2570 4748; x_wconf 89' lang='lat' dir='ltr'><strong>sese</strong></span> <span class='ocrx_word' id='word_1_543' title='bbox 2611 4685 2896 4766; x_wconf 83' lang='lat' dir='ltr'><strong>applicet,</strong></span> <span class='ocrx_word' id='word_1_544' title='bbox 2945 4686 3088 4768; x_wconf 87' lang='lat' dir='ltr'><strong>qnia</strong></span> <span class='ocrx_word' id='word_1_545' title='bbox 3114 4685 3266 4748; x_wconf 82' lang='lat' dir='ltr'><strong>baec</strong></span> 
     </span>
     <span class='ocr_line' id='line_1_51' title="bbox 546 4772 3266 4858; baseline -0.003 -16"><span class='ocrx_word' id='word_1_546' title='bbox 546 4777 680 4842; x_wconf 70' lang='lat' dir='ltr'><strong>&#39;tria</strong></span> <span class='ocrx_word' id='word_1_547' title='bbox 724 4777 1167 4842; x_wconf 86' lang='lat' dir='ltr'><strong>multitudinem</strong></span> <span class='ocrx_word' id='word_1_548' title='bbox 1214 4776 1513 4858; x_wconf 85' lang='lat' dir='ltr'><strong>quandam</strong></span> <span class='ocrx_word' id='word_1_549' title='bbox 1558 4791 1876 4837; x_wconf 87' lang='lat' dir='ltr'><strong>causarum</strong></span> <span class='ocrx_word' id='word_1_550' title='bbox 1923 4779 2230 4836; x_wconf 85' lang='lat' dir='ltr'><strong>acervant.</strong></span> <span class='ocrx_word' id='word_1_551' title='bbox 2323 4772 2406 4836; x_wconf 84' lang='lat' dir='ltr'><strong>Et</strong></span> <span class='ocrx_word' id='word_1_552' title='bbox 2469 4781 2672 4838; x_wconf 82' lang='lat' dir='ltr'><strong>tamen</strong></span> <span class='ocrx_word' id='word_1_553' title='bbox 2727 4774 2787 4838; x_wconf 91' lang='lat' dir='ltr'><strong>in</strong></span> <span class='ocrx_word' id='word_1_554' title='bbox 2834 4780 3014 4838; x_wconf 87' lang='lat' dir='ltr'><strong>tanta</strong></span> <span class='ocrx_word' id='word_1_555' title='bbox 3055 4773 3266 4837; x_wconf 85' lang='lat' dir='ltr'><strong>multi-</strong></span> 
     </span>
     <span class='ocr_line' id='line_1_52' title="bbox 556 4861 3266 4950; baseline -0.003 -17"><span class='ocrx_word' id='word_1_556' title='bbox 556 4865 767 4933; x_wconf 83' lang='lat' dir='ltr'><strong>tudine</strong></span> <span class='ocrx_word' id='word_1_557' title='bbox 812 4875 1109 4949; x_wconf 80' lang='lat' dir='ltr'><strong>superest,</strong></span> <span class='ocrx_word' id='word_1_558' title='bbox 1158 4866 1315 4950; x_wconf 84' lang='lat' dir='ltr'><strong>quod</strong></span> <span class='ocrx_word' id='word_1_559' title='bbox 1344 4863 1647 4949; x_wconf 84' lang='lat' dir='ltr'><strong>excipias:</strong></span> <span class='ocrx_word' id='word_1_560' title='bbox 1696 4879 1815 4926; x_wconf 90' lang='lat' dir='ltr'><strong>non</strong></span> <span class='ocrx_word' id='word_1_561' title='bbox 1843 4879 2082 4942; x_wconf 86' lang='lat' dir='ltr'><strong>semper</strong></span> <span class='ocrx_word' id='word_1_562' title='bbox 2106 4861 2374 4946; x_wconf 76' lang='lat' dir='ltr'><strong>praedici</strong></span> <span class='ocrx_word' id='word_1_563' title='bbox 2399 4880 2606 4943; x_wconf 81' lang='lat' dir='ltr'><strong>pesae.</strong></span> <span class='ocrx_word' id='word_1_564' title='bbox 2647 4864 3064 4948; x_wconf 80' lang='lat' dir='ltr'><strong>rationemque</strong></span> <span class='ocrx_word' id='word_1_565' title='bbox 3089 4864 3266 4946; x_wconf 85' lang='lat' dir='ltr'><strong>hujus</strong></span> 
     </span>
     <span class='ocr_line' id='line_1_53' title="bbox 554 4981 593 5012; baseline 0 0"><span class='ocrx_word' id='word_1_566' title='bbox 554 4981 593 5012; x_wconf 69' lang='grc' dir='ltr'><em>Π</em></span> 
     </span>
    </p>
   </div>
  </div>
 </body>
</html>
