3634 5575
1255 1636 1544 1701 NOTAE
1587 1636 2012 1703 EDITORIS.

420 1973 477 2037 1)
511 1990 562 2041 p.
589 1973 710 2026 219.
784 1975 1079 2043 inscriptum
1115 1988 1194 2031 est
1227 1984 1358 2031 testo
1382 1976 1636 2029 Hauschio
1671 1978 1766 2029 boc
1791 1990 1943 2044 opus:
1982 1976 2561 2029 Chronotheatrum
2596 1980 2697 2031 sive
2722 1978 2993 2033 Theatrum

270 2048 504 2112 temporis
532 2062 774 2098 annorum
799 2045 957 2108 4000,
992 2051 1122 2118 quod
1141 2067 1204 2103 ex
1225 2056 1363 2102 motu
1388 2050 1513 2099 coeli
1539 2056 1592 2099 et
1615 2064 1726 2100 cnm
1751 2051 1907 2100 sacris
1930 2056 2037 2100 tum
2068 2050 2289 2114 profanis
2312 2052 2564 2115 utriusque
2587 2050 2789 2115 linguae
2816 2057 2989 2101 aucto-

267 2118 402 2167 ribus
441 2118 646 2183 aliisque
683 2131 744 2168 ac
779 2118 1023 2188 plerisque
1057 2124 1275 2187 probatis
1313 2119 1510 2183 fideque
1545 2120 1707 2185 dignis
1741 2119 1987 2170 historicis
2024 2122 2414 2171 demonstratum
2448 2121 2649 2171 exhibet
2685 2116 2741 2182 1)
2771 2120 2988 2171 Chrono-

269 2190 486 2253 logicam
537 2188 1037 2250 demonstrationem.
1109 2191 1166 2253 2)
1219 2192 1616 2243 Astronomicam
1668 2192 2087 2254 supputationem,
2150 2186 2207 2251 3)
2258 2190 2587 2241 Historiarum
2636 2192 2988 2256 cognitionem,

269 2256 328 2320 4)
365 2259 636 2310 Auctorum
672 2260 1063 2325 dispositionem:
1099 2266 1152 2313 in
1177 2264 1488 2313 Dithmarsia
1524 2262 1589 2311 ab
1613 2260 1740 2311 Urso
1773 2262 2193 2326 praemeditatum
2230 2258 2363 2311 1581
2382 2296 2399 2319 ,
2434 2262 2487 2310 in
2524 2259 2755 2311 Holsatia
2790 2262 2987 2327 excogi-

267 2336 432 2380 tatum
471 2328 628 2388 1582,
664 2332 716 2381 in
752 2330 924 2383 Dania
958 2334 1246 2385 inchoatum
1285 2330 1451 2390 1584,
1489 2332 1540 2381 in
1575 2331 1765 2382 Hassis
1799 2332 2107 2382 delineatum
2145 2328 2281 2379 1586
2302 2366 2317 2389 ,
2352 2334 2405 2381 in
2442 2330 2639 2381 Alsatia
2672 2331 2991 2391 emendatum

271 2398 428 2457 1589.
465 2402 520 2451 in
555 2400 798 2453 Bobemia
832 2404 1111 2457 absolutum
1149 2402 1287 2456 1597
1325 2404 1606 2466 editumque
1641 2402 1841 2467 Pragae
1877 2407 1929 2452 et
1964 2402 2093 2451 Divo
2126 2400 2353 2466 Rudoipo
2388 2402 2455 2452 11.
2498 2401 2797 2452 dedicatum.

411 2470 577 2521 Alium
627 2472 1036 2537 deprehendimus
1089 2477 1305 2527 libellum
1343 2474 1454 2525 Ursi
1505 2471 1903 2539 chronologicum
1920 2508 1935 2529 ‚
1991 2487 2139 2537 quem
2174 2474 2444 2534 inscripsit:
2496 2470 2609 2523 Nic.
2647 2471 2814 2523 Raim-
2852 2470 2986 2530 Ursi.

269 2540 412 2592 Rom.
453 2542 588 2605 Kay.
627 2540 766 2606 May.
804 2544 1150 2598 Mathematici
1189 2544 1605 2610 Chronologische
1639 2544 1962 2610 Beweisnng‚
2017 2544 2127 2593 dats
2177 2543 2259 2593 die
2296 2542 2433 2593 Welt
2465 2542 2715 2609 vergehen
2762 2542 2865 2593 und
2902 2543 2989 2594 der

262 2616 468 2679 jungste
504 2613 615 2679 Tag
649 2614 877 2665 kommen
915 2618 1048 2667 verd
1083 2618 1343 2668 innerhalb
1380 2612 1449 2664 77
1485 2615 1690 2666 Jahn-en.

408 2684 508 2743 Hic
543 2698 658 2735 vero
693 2685 886 2735 libellus
924 2693 1031 2738 tum
1065 2690 1298 2751 temporis
1337 2686 1492 2749 (anno
1520 2682 1684 2746 1597)
1721 2688 1851 2749 typis
1888 2684 2108 2735 noudum
2130 2685 2419 2748 impressum
2454 2684 2603 2734 fuisso
2626 2682 2836 2741 videtur,
2873 2696 2988 2735 cum

267 2756 318 2807 in
355 2754 498 2807 calce
530 2755 720 2807 haecce
753 2757 962 2809 referat:
1001 2758 1211 2824 Anjetso
1236 2758 1368 2810 nacb
1394 2757 1482 2808 des
1506 2756 1740 2808 Autboris
1764 2756 1896 2808 Todt
1920 2755 2240 2808 allererst
2274 2756 2325 2806 in
2352 2754 2523 2805 Druck
2545 2754 2801 2821 verfertigt
2828 2750 2986 2806 1606.

409 2825 658 2890 Scriptum
692 2827 804 2886 hoc,
841 2844 1142 2895 quamquam
1175 2830 1357 2881 nullius
1392 2828 1542 2894 plane
1581 2830 1837 2886 momenti,
1874 2828 2071 2892 publice
2106 2833 2281 2878 tamen
2314 2827 2584 2877 refutatum
2619 2832 2697 2876 est
2730 2838 2766 2877 a
2786 2831 2989 2892 pastore

266 2898 478 2963 quodam
513 2897 739 2968 Bulensi,
777 2899 1060 2966 Lampio.
1095 2903 1149 2951 in
1184 2901 1306 2951 iibro
1331 2901 1606 2966 inscripto:
1644 2899 2082 2950 Antiditbmarsns.
2138 2897 2256 2948 Hal.
2290 2895 2443 2947 1610.

406 3037 466 3101 2)
503 3055 551 3103 p.
579 3036 700 3090 223.
763 3041 1044 3095 Joannes
1082 3045 1404 3094 Antonius
1439 3042 1746 3108 Maginus
1771 3043 1903 3094 inter
1926 3041 2272 3093 celeberrimos
2296 3039 2487 3090 illorum
2520 3044 2797 3101 temporum
2822 3045 2981 3090 astro-

266 3125 436 3160 nomos
464 3111 558 3170 „de
597 3115 902 3164 astronomia
933 3113 1231 3166 illustranda
1265 3121 1463 3166 strenue
1507 3113 1798 3164 laboravit.“
1874 3113 2225 3177 Ephcmerides
2254 3111 2411 3162 edidit
2434 3123 2565 3160 anno
2594 3107 2731 3158 1582
2756 3108 2983 3162 venetiis

266 3181 332 3232 sd
370 3195 528 3231 annos
563 3177 634 3229 ⁴0
671 3183 736 3231 ab
774 3197 904 3234 anno
943 3183 1076 3234 1581
1131 3201 1288 3250 usque
1325 3187 1390 3236 ad
1429 3182 1596 3243 162ος
1636 3199 1767 3235 anno
1805 3181 1943 3234 1599
1980 3184 2097 3234 ibid.
2135 3185 2202 3234 ab
2240 3197 2373 3232 anno
2412 3176 2793 3238 1598-1610;
2842 3179 2983 3230 1608

265 3251 491 3302 Francos.
532 3253 598 3301 ab
634 3266 682 3301 a.
721 3251 959 3304 1608-1
973 3253 1108 3314 63ος
1151 3253 1287 3306 1614
1323 3256 1579 3308 venetiis:
1618 3255 2025 3320 Supplemcntum
2062 3252 2441 3317 Ephemeridum
2478 3264 2541 3300 ac
2577 3249 2701 3300 Tab.
2740 3251 2979 3302 secundo·
3006 3253 3013 3258 '

263 3337 370 3372 rum
407 3321 662 3373 Mobilium
699 3321 880 3386 (rocus.
919 3327 1148 3378 Francos.
1190 3324 1386 3389 1615),
1426 3329 1506 3377 cui
1549 3328 1804 3390 praemisit
1839 3327 2011 3376 literas
2046 3325 2289 3390 quasdam
2322 3323 2530 3387 chleri
2544 3358 2559 3382 ‚
2614 3334 2643 3370 e
2680 3323 2855 3386 quibus
2892 3335 2979 3387 ap-

262 3399 422 3457 paret,
461 3395 750 3444 convenisse
783 3397 915 3447 inter
937 3397 1069 3450 bunc
1107 3405 1159 3450 et
1181 3397 1442 3464 Maginnm
1479 3397 1542 3448 de
1581 3398 1784 3448 edendis
1819 3397 2001 3446 tabulis
2040 3395 2379 3446 astronomicis
2417 3391 2536 3456 (vid.
2574 3393 2729 3460 praef.
2756 3393 2822 3443 ad
2839 3392 2979 3457 Kep-

261 3465 350 3514 leri
385 3465 752 3516 Astronomiam
786 3466 1020 3530 Novam).
1093 3471 1238 3520 Auno
1283 3467 1416 3518 1585
1463 3468 1620 3518 edidit
1652 3467 1887 3532 Maginns
1923 3467 2149 3518 Venetiis
2188 3464 2440 3524 „Tabulas
2492 3464 2824 3516 secundorum
2872 3477 2977 3512 mo-

263 3535 464 3585 bilium¹⁸
484 3572 499 3596 ,
553 3549 686 3586 anno
723 3534 793 3586 89
831 3541 896 3590 ib.
939 3539 1138 3599 „Novas
1189 3541 1310 3591 coel.
1364 3540 1554 3590 orbium
1600 3538 1955 3588 Theoricas
2010 3541 2339 3602 congruentor
2393 3549 2505 3584 cum
2560 3533 2981 3586 observationibus

261 3603 326 3654 N.
367 3605 658 3670 Coporuici⁸‘
697 3611 882 3668 (rocus.
917 3609 1146 3676 Mogunt.
1187 3625 1318 3660 anno
1357 3606 1553 3671 1608);
1608 3605 1744 3657 1604
1787 3607 1916 3658 Ven.
1958 3606 2209 3666 „Tabulas
2257 3607 2399 3670 primi
2454 3607 2647 3657 mobilis
2662 3641 2677 3664 ,
2724 3617 2847 3668 quas
2885 3603 2979 3652 Di-

262 3677 538 3726 reotionum
572 3677 718 3743 vulgo
763 3679 969 3730 dicunt⁸⁸
1010 3679 1134 3731 dm:
1189 3678 1326 3731 1609
1365 3681 1651 3730 Bononiae:
1707 3678 1957 3738 „Primum
1992 3676 2203 3734 Mobile,
2258 3675 2323 3724 12
2370 3676 2503 3726 libris
2557 3681 2873 3733 contentum,
2924 3675 2979 3723 in

261 3747 434 3812 quibus
469 3747 716 3800 habentur
750 3753 1126 3816 trigonometria
1161 3752 1524 3816 sphaericorum
1577 3757 1629 3801 et
1664 3751 2023 3807 astronomica,
2080 3749 2378 3815 gnomonica
2427 3753 2479 3796 et
2524 3745 2831 3815 geometrica
2864 3759 2975 3808 pro-

264 3818 485 3869 blemata
521 3817 611 3870 ἀο.
687 3823 998 3888 Astrologiac
1033 3824 1294 3887 plurimum
1331 3823 1578 3874 tribuebat
1611 3820 1867 3888 Maginus,
1907 3820 2086 3872 deinde
2122 3823 2175 3870 in
2210 3817 2514 3869 fabricandis
2550 3815 2762 3883 speculis
2798 3815 2975 3879 sphac-

262 3891 376 3940 riois
413 3889 619 3940 multum
666 3895 936 3942 consumsit
969 3893 1179 3951 laboris,
1235 3896 1288 3944 in
1336 3893 1680 3960 geographicis
1717 3894 1928 3957 denique
1978 3892 2105 3941 bene
2140 3891 2320 3941 meruit
2357 3885 2460 3950 (ed.
2500 3903 2632 3939 anno
2674 3881 2809 3936 1596
2846 3884 2977 3936 Ven.

261 3961 443 4027 Geog
460 3961 728 4026 raphiae
763 3965 1024 4015 universae
1059 3971 1168 4014 tum
1204 3966 1381 4015 veteris
1418 3971 1524 4014 tum
1558 3977 1718 4014 novae
1755 3962 2171 4013 absolutissimum
2208 3975 2329 4024 opus
2368 3958 2399 4006 2
2436 3960 2530 4009 vol.
2570 3960 2884 4018 distinctum,
2924 3956 2977 4006 in

257 4046 464 4098 quorum
515 4034 676 4096 priore
725 4033 938 4085 habetur
986 4035 1058 4084 cl.
1107 4035 1384 4086 Ptolemaei
1420 4034 1720 4085 Pelusiensis
1757 4032 2132 4098 Geographicae
2184 4032 2511 4081 enarrationis
2560 4031 2673 4102 libri
2705 4025 2866 4085 v111;
2924 4028 2976 4077 in

257 4103 476 4156 secundo
513 4104 759 4155 volumine
811 4107 983 4155 insunt
1020 4105 1092 4155 Cl.
1131 4105 1406 4156 Ptolemaei
1454 4106 1646 4170 antiqui
1683 4106 1811 4154 orbis
1849 4102 2051 4154 tabulae
2090 4101 2158 4151 27
2196 4109 2249 4152 et
2283 4101 2489 4152 tabulae
2527 4099 2595 4151 37
2632 4095 2973 4159 recentiores).

259 4244 284 4309 ί
402 4173 541 4235 Quas
580 4175 700 4294 dicgt
718 4175 981 4308 'Keplerus
1015 4175 1210 4242 Magini
1245 4176 1542 4242 hypotheses
1583 4177 1646 4226 de
1698 4174 1907 4232 mundo,
1960 4174 2073 4224 illas
2108 4172 2516 4238 deprehendimus
2566 4175 2619 4224 in
2659 4167 2973 4232 „Tbeoricis“

285 4246 455 4310 Comp.
493 4260 608 4312 pag.
685 4245 716 4295 5
745 4280 759 4294 .

399 4315 481 4367 De
514 4315 832 4369 Roeslino
869 4321 1072 4384 ejusque
1106 4318 1241 4370 libris
1280 4317 1487 4368 diximus
1523 4331 1640 4384 pag.
1679 4313 1801 4365 228.

401 4455 458 4521 3)
495 4475 544 4524 p.
583 4457 707 4510 223.
779 4461 922 4512 Inest
954 4461 1050 4512 hoo
1087 4474 1288 4512 carmen
1325 4459 1670 4522 manuscriptis
1695 4455 1944 4521 Petropol.
1990 4455 2283 4520 adjunctum
2318 4455 2605 4508 refutationi
2640 4453 2771 4513 Ursi,
2826 4453 2974 4520 idque

251 4531 332 4582 hic
367 4532 696 4596 proponimus,
741 4539 798 4582 ut
832 4533 1024 4598 plenius
1059 4532 1270 4582 hominis
1307 4536 1636 4596 cognoscatur
1672 4529 1824 4578 animi
1860 4528 2040 4577 vilitas.

949 4638 1234 4700 'l'ychoni
1271 4635 1552 4694 Brabeo‚
1601 4633 1842 4684 Summo
1880 4634 2277 4686 Astronomo.

823 4725 920 4776 Per
953 4727 1170 4789 spatium
1205 4726 1456 4776 octiduum
1489 4724 1767 4786 victumque
1803 4729 2071 4787 potumque
2108 4721 2284 4774 dedisti
2300 4758 2315 4780 ,

965 4796 1222 4847 Scrutator
1258 4795 1380 4847 coeli
1415 4795 1630 4845 maxime
1666 4793 1855 4856 Tycho,
1890 4794 2026 4843 milii.

823 4867 1004 4918 Nonne
1040 4873 1124 4918 sat
1158 4873 1309 4933 atque
1345 4880 1490 4931 super
1522 4865 1626 4924 tibi,
1663 4863 1834 4926 Tycho
1870 4865 2113 4930 benigne!
2150 4859 2359 4914 fnisset?

966 4939 1243 4992 Addideras
1277 4951 1502 4990 nummos
1536 4935 1606 4987 nil
1639 4935 1802 4986 minus
1842 4941 1992 5001 atque
2026 4941 2153 4986 tuos.
