3634 5575
597 433 728 502 306
1439 437 1642 488 Uter-ae
1677 435 1885 502 Kepleri
1922 435 2225 500 monuique
2260 443 2467 486 mutuae

595 597 842 734 m
869 609 935 650 oa
989 609 1118 662 quae
1162 593 1261 648 hue
1302 595 1580 661 pertinent.
1607 591 1822 646 *additu
1868 591 2077 658 Kepleri
2130 593 2198 644 ad
2238 591 2373 644 hanc
2408 592 2671 657 epistolam
2719 591 3145 658 respondenlbua.
3204 607 3317 659 pro-

750 769 1510 834 Fabricius'ffleeterhaviae
1546 769 1593 819 d.
1640 770 1685 817 1.
1723 765 1861 832 (11.)
1901 769 2033 835 Aug.
2076 761 2258 832 1802).
3159 783 3167 788 ·
3417 803 3425 810 ,

751 881 764 894 .
808 881 821 894 .
863 880 877 894 .
917 843 1173 910 Cognosce
1211 839 1288 904 (ln
1325 839 1466 902 aula)
1499 837 1734 905 postridie
1771 841 2023 891 abiturum
2068 839 2189 891 binc
2226 841 2293 891 ad
2328 853 2415 890 vos
2450 842 2605 890 virum
2654 855 2717 892 ex
2765 843 2943 890 nostris
2994 839 3317 900 consiliariis;

603 929 760 982 quare
799 915 1001 966 domum
1035 927 1258 980 propero,
1321 919 1374 964 et
1409 909 1673 963 σκελετον
1708 913 1889 963 saltem
1924 909 2241 979 (paginarum
2292 912 2345 960 in
2380 909 2496 962 folio
2533 911 2601 961 ad
2632 913 2884 980 margines
2930 911 3190 978 plenam
3226 907 3321 974 16)

605 987 673 1040 ad
706 995 760 1038 te
797 999 933 1038 nunc
968 985 1266 1036 mittendum
1304 983 1529 1043 conficio,
1569 985 1729 1034 donec
1765 985 1965 1034 occasio
2002 983 2067 1034 ad
2102 983 2497 1048 respondendum
2532 990 2784 1048 sequatur.

741 1057 940 1108 Videris
978 1056 1274 1122 astrologiae
1310 1069 1486 1119 pamm
1522 1055 1600 1105 vel
1635 1049 1760 1104 nihil
1795 1056 2029 1105 tribuere.
2105 1056 2184 1105 An
2221 1055 2315 1105 boe
2352 1055 2515 1104 studio
2552 1055 2712 1104 facias
2730 1089 2743 1112 ,
2798 1061 2857 1104 ut
2890 1053 2972 1106 D.
2996 1051 3198 1118 Tycha,
3235 1055 3317 1120 qui

596 1143 772 1195 parum
810 1130 861 1178 in
896 1129 1032 1178 libris
1070 1127 1192 1177 facit
1228 1127 1572 1192 astrologiam,
1625 1140 1772 1192 qnam
1809 1131 1983 1177 tamen
2020 1128 2183 1176 animo
2224 1126 2449 1190 colebat,
2490 1135 2555 1176 an
2589 1139 2705 1176 vero
2743 1127 2898 1183 serio,
2946 1127 3135 1176 nescio.
3210 1125 3316 1190 Ego

599 1201 862 1251 multonem
899 1211 1139 1249 annorum
1174 1198 1338 1249 studio
1377 1205 1430 1246 et
1465 1198 1890 1248 observationibus
1926 1196 2111 1248 sedulis
2149 1199 2363 1261 comperi
2380 1231 2394 1254 ,
2450 1200 2691 1261 majorem
2724 1198 2776 1246 in
2814 1209 2879 1247 ea
2914 1210 3025 1247 esse
3062 1197 3314 1247 certitudi-

597 1287 730 1330 nem,
768 1285 917 1337 quam
952 1270 1030 1320 vel
1065 1269 1356 1320 millesimus
1395 1270 1600 1334 quisque
1637 1269 1903 1318 existimat.
1980 1267 2315 1334 Praecipuum
2351 1281 2523 1318 meum
2570 1267 2665 1318 hoc
2702 1273 2781 1318 est
2814 1267 3032 1318 studium
3046 1303 3061 1326 ‚
3108 1273 3167 1318 ut
3206 1281 3319 1319 eam

597 1343 864 1410 aliquando
899 1341 1138 1391 illustr-em
1173 1340 1396 1391 reddam.
1471 1337 1656 1390 Omnes
1691 1339 1973 1398 ventilabo,
2016 1338 2301 1390 Chaldaeos
2315 1372 2330 1397 ‚
2370 1328 2563 1390 Arabes
2580 1373 2594 1398 ,
2632 1337 3004 1397 Ptolemaeum,
3040 1341 3229 1392 amicos
3267 1343 3320 1388 et

593 1415 836 1472 inimicos,
871 1413 1046 1464 Picum
1082 1417 1135 1462 et
1172 1410 1310 1461 alios.
1385 1409 1636 1476 Principia
1668 1411 1878 1475 physica
1912 1414 1966 1460 et
2004 1409 2288 1478 theologica
2324 1411 2603 1468 ostendam,
2640 1417 2699 1460 ut
2733 1411 2945 1460 influxus
2972 1415 3215 1462 asu-orum
3252 1410 3317 1460 ab

595 1487 731 1536 intra
767 1490 820 1536 et
854 1485 919 1534 ab
957 1489 1099 1533 extra
1134 1481 1416 1532 defendam.
1492 1479 1547 1535 Si
1583 1489 1664 1542 tu,
1701 1483 1770 1532 mi
1806 1481 2028 1546 Keplere
2044 1517 2057 1540 ,
2101 1482 2256 1533 audes
2292 1483 2344 1531 in
2382 1481 2694 1547 planetarum
2728 1482 2923 1546 palatia
2960 1482 3231 1532 ascendere
3269 1487 3322 1532 et

601 1558 771 1607 omnia
803 1557 1010 1606 istorum
1046 1559 1244 1604 secreta
1277 1554 1392 1603 loca
1425 1552 1695 1619 indagare,
1750 1553 2019 1618 explanare
2057 1559 2110 1603 et
2143 1553 2381 1618 prodere,
2440 1567 2527 1604 cur
2574 1567 2672 1603 non
2708 1551 2829 1602 mibi
2881 1554 3133 1620 integrum
3168 1557 3317 1610 esset,

596 1641 699 1678 non
731 1631 932 1677 tantum
967 1626 1020 1675 in
1055 1623 1334 1688 penetralia
1366 1623 1560 1674 illorum
1595 1627 1825 1688 irrepere,
1863 1625 1954 1675 sed
1990 1625 2146 1676 etiam
2179 1623 2441 1676 thesauros
2478 1623 2671 1674 illorum
2706 1623 2944 1684 occultos,
2980 1623 3191 1674 honesto
3224 1623 3315 1676 ali·

595 1711 693 1763 quo
731 1699 858 1748 furto
897 1695 964 1747 ad
997 1709 1079 1746 me
1116 1693 1398 1746 adducere?

741 1805 756 1819 .
796 1802 812 1819 .
851 1801 865 1817 .
903 1766 1108 1817 Librum
1140 1766 1576 1832 meteorologicum
1611 1764 1831 1816 nondum
1868 1766 1993 1827 vidi,
2050 1767 2182 1831 quia¹
2206 1765 2457 1830 exemplar
2491 1763 2747 1818 =Iohannes
2786 1760 3077 1826 (Erichaen)
3112 1781 3215 1816 non
3251 1763 3317 1816 ad

598 1855 680 1892 me
713 1840 862 1890 misit.
939 1837 1084 1900 Quae
1122 1837 1184 1888 de
1224 1837 1504 1904 aspectibus
1539 1838 1639 1886 tuis
1673 1837 1814 1887 novis
1852 1837 2076 1895 adducis,
2113 1843 2234 1902 puto
2270 1851 2369 1888 non
2408 1837 2604 1887 omnino
2642 1849 2775 1887 vana
2810 1851 2935 1889 esse.

775 1927 1149 2008 Keplerus
1197 1925 1286 2000 (d.
1343 1923 1400 1988 1.
1451 1923 1588 1988 Oct.
1647 1921 1882 2000 1602):
1949 1926 2413 2007 Aspectuum
2473 1925 2786 2006 negotium
2831 1914 3017 1988 velim
3064 1935 3128 1990 te
3174 1925 3316 1991 dili-

594 2025 808 2099 genter
852 2016 1224 2097 perpendere
1269 2024 1334 2078 et
1379 2035 1512 2078 cum
1557 2014 2079 2078 observationibus
2111 2014 2598 2094 meteorologicis
2627 2013 2925 2078 conferre.
3018 2015 3171 2080 Alta
3216 2023 3318 2076 est

601 2104 938 2188 speculatio
987 2112 1052 2166 et
1095 2123 1212 2165 non
1260 2111 1388 2166 tam
1436 2103 1698 2165 difficilis
1748 2122 1927 2184 quam
1974 2104 2099 2166 late
2146 2112 2388 2183 patens.
2480 2101 2616 2183 Ego
2656 2105 2977 2178 contend0,
3023 2124 3125 2166 res
3160 2123 3314 2186 geo-

595 2193 883 2258 metricas
946 2193 1304 2274 praebuisse
1371 2193 1630 2256 creatori
1699 2193 2008 2273 exemplar
2081 2194 2269 2256 totius
2325 2191 2529 2254 mundi
2583 2191 2932 2256 exornandi.
3024 2191 3318 2274 Disputat

595 2281 970 2348 Aristoteles
1023 2281 1192 2363 ipse,
1259 2281 1441 2345 rebus
1501 2281 1889 2362 geometricis
1957 2301 2093 2344 esse
2158 2303 2302 2346 suas
2368 2279 2671 2344 essentias
2728 2289 2942 2344 contra
2986 2301 3053 2344 se
3108 2289 3315 2346 mutuo

597 2372 950 2446 distinctas,
996 2381 1064 2434 ut
1111 2389 1166 2434 e.
1214 2388 1276 2451 g.
1322 2369 1382 2433 in
1429 2378 1642 2434 nostra
1685 2371 1943 2434 materia
1987 2377 2119 2433 toto
2166 2389 2387 2452 genere
2434 2369 2752 2445 differunt,
2814 2370 2877 2432 id
2924 2370 3083 2451 quod
3142 2389 3311 2434 com-

593 2461 800 2542 parari
845 2460 926 2522 ad
970 2458 1328 2522 diametrum
1373 2467 1582 2540 potest
1628 2461 1804 2522 modo
1854 2478 2223 2541 quocunque,
2294 2459 2371 2520 ab
2419 2478 2491 2520 eo
2540 2458 2715 2540 quod,
2770 2458 2887 2520 etsi
2936 2467 3166 2524 certum
3214 2467 3315 2522 est

595 2557 660 2614 et
700 2547 1009 2612 definitam
1053 2567 1392 2611 mensuram
1442 2547 1644 2624 babet,
1697 2547 1839 2611 sciri
1886 2557 2090 2610 tamen
2138 2566 2255 2609 non
2302 2556 2512 2628 potest
2566 2567 2675 2608 nec
2732 2547 3088 2627 comparari.
3178 2547 3312 2611 Hoc

595 2657 786 2719 genus
833 2637 1263 2719 quantitatum,
1311 2645 1378 2699 ut
1425 2637 1586 2698 latus
1615 2635 1981 2718 septanguli,
2032 2637 2376 2717 nonanguli,
2426 2635 2847 2718 undecangnli,
2895 2637 3309 2718 tredecanguli

595 2727 674 2790 ad
720 2727 1107 2803 diametrum,
1155 2725 1336 2786 valde
1385 2734 1486 2789 est
1528 2727 1800 2789 mirabile
1850 2725 2184 2790 dimensum
2231 2745 2400 2802 esse,
2449 2733 2512 2786 et
2557 2725 2891 2789 mensurari
2938 2745 3055 2791 non
3101 2731 3309 2809 posse}

597 2818 697 2883 Ita
741 2817 828 2893 fit,
879 2824 947 2879 ut
973 2817 1138 2879 ultra
1183 2823 1246 2878 et
1273 2832 1458 2897 supra
1486 2814 1965 2881 intellectionem
2006 2816 2098 2879 sui
2146 2814 2327 2879 aliam
2364 2814 2551 2877 etiam
2580 2816 2807 2879 habeat
2836 2812 3309 2880 subsistentiam.

770 2904 942 2967 Haec
985 2905 1190 2985 itaque
1231 2904 1706 2984 magnitudinum
1753 2909 1971 2967 natura
2014 2924 2133 2966 non
2180 2912 2281 2966 est
2326 2904 2787 2985 proportionata
2814 2904 2951 2987 capi
2998 2905 3079 2966 ab
3123 2904 3311 2969 intel-

600 2994 762 3057 lectu
806 3000 1036 3067 nostro,
1085 2991 1186 3073 qui
1231 2991 1370 3054 idea
1415 3001 1513 3054 est
1559 2993 1754 3055 omnis
1801 2992 2095 3073 spiritalis
2142 2994 2201 3055 iu
2248 2991 2471 3055 mundo
2517 3002 2807 3068 naturae3
2880 3000 2944 3055 et
2989 2993 3163 3057 simul
3212 2993 3307 3057 vi-

597 3081 838 3157 demus,
908 3081 1065 3161 quod
1111 3099 1228 3142 non
1277 3080 1360 3144 sit
1403 3080 1749 3146 introducta
1808 3082 1886 3143 ad
1932 3083 2263 3145 movendas
2313 3082 2371 3145 in
2418 3083 2635 3145 mundo
2692 3089 2943 3145 naturas
2992 3082 3311 3157 animaleS,

597 3170 742 3253 quia
787 3168 984 3233 nullus
1032 3178 1318 3250 aspectus
1382 3192 1420 3233 a
1466 3172 1814 3252 septenaria
1860 3170 2130 3243 ratione,
2194 3190 2305 3235 nec
2366 3191 2406 3235 a
2452 3172 2673 3235 ceteris
2728 3170 3027 3237 similibus
3084 3172 3307 3235 oritur:

599 3258 1100 3341 quemadmodum
1147 3258 1336 3320 etiam
1380 3260 1605 3321 nullum
1653 3278 1870 3341 corpus
1917 3260 2225 3340 regulare,
2277 3260 2375 3321 vel
2406 3261 2602 3339 quasi,
2652 3281 2692 3322 a
2718 3261 2903 3341 plano
2948 3262 3311 3343 septangula

597 3348 924 3411 conficitur.
1019 3346 1090 3409 Si
1117 3347 1454 3410 cabalistas
1501 3349 1911 3429 septenarium
1940 3348 2318 3430 perrexerint
2363 3348 2631 3425 laudare,
2681 3350 2879 3412 dicam
2927 3368 3065 3412 esse
3094 3366 3306 3413 nume-

595 3457 726 3501 rum
773 3436 1011 3519 quietis.
1104 3436 1265 3500 Nam
1311 3456 1500 3519 usque
1547 3438 1628 3502 ad
1673 3438 1977 3501 senarium
2024 3437 2348 3518 gignuntur
2394 3446 2698 3519 aspectus,
2748 3438 2946 3519 prima
2973 3436 3129 3503 ratio
3160 3458 3311 3521 sep-

595 3525 832 3590 tenaria
878 3524 1046 3589 sistit
1087 3524 1244 3589 hauc
1282 3524 1804 3607 propagationem.
1898 3526 2004 3590 Sic
2052 3544 2171 3591 non
2206 3524 2279 3601 7,
2326 3525 2435 3589 sed
2483 3522 2523 3591 6
2554 3527 2683 3591 dies
2712 3526 3005 3593 creationi
3032 3527 3313 3593 tribuun-

599 3630 716 3691 tur,
764 3614 1061 3695 septimus
1109 3613 1298 3696 quieti
1345 3624 1738 3679 consecratus
1784 3624 1903 3679 est.
2330 3648 2335 3653 ·

773 3703 896 3765 Sed
945 3704 1022 3766 ab
1070 3702 1491 3767 Aristotele
1558 3704 1931 3785 inceperam,
1994 3702 2137 3766 illuc
2184 3703 2384 3767 redeo.
2482 3702 2801 3791 Agnoscit·
2844 3704 2947 3767 ille
3008 3702 3307 3785 quandam

595 3792 924 3855 essentiam
983 3810 1178 3855 rerum
1239 3792 1836 3869 matbematicarum3
1911 3792 2143 3855 faciunt
2200 3792 2261 3853 id
2328 3791 2585 3855 maxime
2651 3792 2834 3855 etiam
2898 3791 3306 3857 Platonici.

597 3881 846 3944 Dicunt:
917 3881 1292 3945 abstractam
1336 3900 1507 3957 esse,
1569 3901 1684 3962 quo
1732 3882 1971 3945 nomine
2018 3880 2098 3943 ad
2144 3878 2347 3944 divina
2406 3890 2473 3943 et
2520 3882 2932 3945 immateriata
2988 3882 3307 3957 accedant,

595 3968 924 4033 divisibilia
969 3979 1171 4032 tamen
1221 3979 1284 4032 et
1311 3970 1687 4052 multiplicia,
1737 3990 1857 4052 qua
1900 3971 2133 4033 ratione
2184 3968 2571 4032 sensibilibus
2612 3971 3124 4052 appropinquent3
3170 3988 3311 4033 esee

594 4076 759 4138 ergo·
784 4058 980 4120 medio
1028 4059 1179 4120 loco.
1274 4058 1359 4121 Et
1405 4068 1628 4137 tamen,
1679 4080 1809 4123 cum
1856 4080 1957 4121 res
2005 4058 2241 4121 divinae
2288 4058 2629 4121 subsistant
2666 4060 2850 4123 etiam
2887 4059 3153 4135 realiter,
3203 4078 3307 4121 res

597 4146 859 4209 sensiles
919 4145 1156 4223 itidem,
1204 4148 1636 4212 mathematica
1692 4158 1919 4229 negant
1974 4147 2327 4211 subsistere.
2420 4146 2555 4231 Ego
2602 4166 2938 4230 repugnare
2987 4167 3105 4212 non
3153 4166 3303 4229 pos-

525 4274 530 4281 -
594 4255 745 4299 sum.
839 4234 1030 4299 Miror
1076 4243 1276 4298 tamen
1335 4256 1450 4299 non
1500 4240 1700 4301 omnia
1736 4236 1796 4299 in
1844 4244 2046 4299 mente
2094 4236 2353 4297 hominis
2392 4236 2658 4299 relucere
2704 4256 2907 4317 posse,
2971 4256 3150 4319 quam
3197 4254 3306 4299 so-

593 4329 713 4388 lam
758 4342 968 4387 omnes
1015 4325 1392 4405 quantitates
1451 4335 1698 4409 propter
1743 4325 2103 4389 infinitatem
2162 4326 2339 4402 plene
2386 4342 2753 4405 cognoscere
2810 4344 2927 4389 non
2974 4342 3155 4408 posse
3204 4326 3303 4387 fa-

593 4422 815 4489 tentur,
863 4414 971 4476 sed
1017 4432 1154 4477 esse
1200 4421 1523 4496 praeterea
1567 4423 1631 4479 et
1677 4408 1818 4493 alia,
1866 4414 1957 4477 uti
2004 4414 2424 4494 septangulum
2475 4432 2642 4477 suam
2682 4414 2913 4478 invenit
2958 4436 3037 4479 ex
3082 4414 3303 4479 circulo

591 4511 656 4567 et
699 4503 762 4565 in
807 4522 880 4567 eo
930 4502 1392 4567 determinatam
1438 4504 1903 4585 longitudinem,
1963 4503 2023 4566 in
2070 4511 2269 4580 mente
2316 4502 2573 4565 hominis
2632 4523 2751 4568 non
2797 4504 3063 4581 invenit3
3124 4504 3305 4587 plane

590 4600 660 4655 ut
701 4592 834 4672 ipse
881 4592 1140 4655 circulus
1186 4592 1268 4655 ad
1313 4592 1670 4657 diametrum
1719 4593 1861 4667 (sed
1908 4591 2047 4655 aliis
2092 4592 2169 4653 de
2218 4591 2419 4655 causis
2468 4611 2646 4674 quam
2692 4592 3147 4673 septangnlum)
3182 4593 3297 4655 ha-

591 4680 698 4741 bet
733 4680 968 4759 justam
1013 4680 1484 4762 proportionem,
1533 4700 1644 4745 nec
1688 4690 1893 4745 tamen
1942 4682 2021 4743 ad
2067 4680 2199 4760 ejus
2230 4680 2651 4761 cognitionem,
2698 4686 2951 4762 propter
2984 4680 3305 4745 infinitatis

591 4767 909 4844 rationem,
955 4768 1258 4851 perveniri
1303 4776 1540 4851 potest3
1617 4778 1684 4835 et
1726 4790 1869 4835 vere
1916 4789 2033 4832 non
2082 4776 2321 4850 potest,
2370 4770 2887 4853 demonstrarique
2932 4778 3143 4853 potest
3186 4788 3303 4833 non

587 4875 790 4941 posse.
885 4856 982 4921 Ita
1025 4858 1437 4926 necessarium
1484 4868 1615 4937 est,
1681 4868 1748 4925 et
1791 4861 1874 4933 de.
1916 4856 2189 4925 essentia
2232 4857 2441 4931 circuli
2484 4859 2575 4925 sic
2622 4878 2791 4937 esse,
2853 4866 2923 4923 ut
2967 4860 3303 4943 ignoretur.
