3634 5575
548 356 679 427 296
1100 370 1105 375 “
1382 354 1585 407 Literae
1620 352 1829 419 Kepleri
1867 352 2168 417 ahommqne
2201 358 2408 443 mutuae

540 522 839 603 jecturas;
886 524 1087 579 tamen
1128 534 1267 579 cum
1310 532 1502 595 neque
1550 513 1715 579 aliud
1762 520 2126 594 suppeteret
2171 520 2588 594 argumentum
2636 508 3066 590 significandae
3113 528 3260 589 gra-

546 605 821 672 titudinis
882 614 947 667 et
1003 605 1140 683 ipsa
1194 603 1615 667 beneficiorum
1660 602 1819 666 Rev.
1871 604 2036 665 Tuae
2095 602 2384 665 memoria
2429 622 2524 663 me
2573 601 2964 670 admoneret,
3028 605 3096 660 ut
3139 598 3262 660 ali-.-

548 696 791 778 quaudo
837 693 1146 773 specimen
1196 691 1437 770 aliquod
1466 691 1710 753 ederem
1746 707 1954 753 eorum
1981 692 2334 764 studiorum,
2367 691 2614 770 ejusque
2659 686 2944 761 muneris,
2993 686 3072 747 ad
3111 705 3264 766 quae

542 802 653 866 per
698 783 807 845 illa
842 782 975 861 jam
1023 780 1188 842 dicta
1218 778 1369 841 Rev.
1404 778 1571 841 Tuae
1617 779 1910 841 beneficia
1954 787 2266 857 promotus
2315 796 2466 852 sum,
2522 796 2638 838 non
2671 773 2812 837 duxi
2859 773 3038 835 aliter
3067 792 3260 853 agen-

550 874 691 935 dum
736 889 909 944 esse,
977 886 1159 947 quam
1205 866 1283 929 R.
1334 866 1405 926 T.
1456 866 1567 928 hoc
1616 866 1927 945 exemplar
1972 867 2089 928 mei
2133 866 2544 946 Prognostici‚
2603 863 2761 943 quod
2807 881 2886 923 ex
2929 861 3114 923 officii
3157 880 3260 923 ra-

547 960 713 1024 tione
762 958 837 1019 de
887 958 1086 1018 futuro
1136 974 1291 1017 anno
1322 954 1749 1033 publicandum
1780 955 1910 1029 fuit,
1961 954 2161 1034 exigui
2215 952 2548 1017 munusculi
2587 954 2719 1015 loco
2762 949 3257 1013 transmitterem.

542 1046 840 1129 Equidem
890 1061 1155 1123 agnosco
1202 1050 1523 1121 paternam
1568 1042 1647 1105 R.
1698 1043 1769 1103 T.
1816 1042 2224 1116 voluntatem,
2293 1061 2470 1121 quam
2528 1041 2587 1102 in
2635 1039 3072 1103 commodanda
3115 1038 3260 1099 mihi

542 1134 798 1217 pecunia
843 1130 1198 1201 declaravit,
1246 1148 1355 1191 nec
1404 1130 1626 1193 oblitus
1672 1138 1800 1193 tam
1848 1130 1967 1191 cito
2015 1150 2176 1205 sum,
2225 1136 2490 1209 quantae
2535 1126 2950 1190 commoditati
2997 1134 3260 1206 quanto-

547 1242 663 1305 que
712 1221 1059 1300 adjumento
1106 1217 1251 1279 mihi
1283 1216 1463 1279 fuerit
1508 1218 1617 1281 illa
1641 1218 1719 1280 D.
1752 1218 1828 1279 D.
1859 1225 2320 1297 praeceptorum
2365 1217 2763 1297 promtitudo,
2817 1215 2879 1276 in
2925 1214 3173 1293 quibus,
3223 1232 3262 1275 a

546 1309 697 1373 meis
744 1310 1055 1380 desertus,
1102 1325 1337 1367 omnem
1384 1324 1553 1385 spem
1600 1306 1894 1385 reliquam
1939 1325 2280 1386 posueram.
2375 1305 2783 1367 Vehementer
2837 1303 3023 1364 etiam
3062 1302 3256 1377 doleo,

547 1417 667 1461 non
717 1397 962 1459 licuisse
1010 1392 1155 1456 mihi
1200 1394 1410 1456 statim
1456 1394 1663 1473 aliqua
1708 1413 1785 1455 ex
1829 1403 2004 1473 parte
2051 1393 2418 1473 respondere
2466 1393 2552 1456 illi
2593 1390 2910 1463 voluntati,
2961 1390 3100 1453 dum
3147 1410 3256 1451 ne·-

546 1504 661 1567 que
709 1485 923 1546 literas
970 1482 1410 1544 eucharisticae
1458 1482 1720 1544 scribere
1783 1483 1948 1560 potui
1995 1490 2242 1561 propter
2289 1500 2484 1565 meam
2531 1480 3001 1561 aegritudinem,
3067 1496 3258 1557 neque

548 1572 862 1653 imperiale
912 1569 1209 1632 numisma
1269 1569 1529 1645 mittere,
1587 1576 1913 1649 propterea
1959 1571 2115 1649 quod
2162 1570 2260 1631 hic
2305 1569 2666 1631 Austriacos
2713 1566 2982 1629 thaleros
3039 1584 3261 1645 magna

544 1680 682 1724 curn
728 1658 1154 1721 aestimatione
1203 1676 1576 1737 acceperam.
1672 1656 1966 1727 Quamvis
1995 1657 2386 1719 consobrinus
2417 1676 2616 1730 meus,
2665 1656 2764 1737 qui
2794 1674 2886 1715 me
2934 1654 3258 1716 comitatus

542 1755 668 1822 est,
718 1755 782 1809 et
816 1744 1051 1825 gratias
1098 1764 1231 1808 meo
1280 1745 1516 1806 nomine
1564 1762 1765 1807 coram
1815 1748 1998 1824 a'gere
2026 1745 2332 1825 potuisset
2369 1753 2432 1806 et
2459 1745 2728 1806 thaleros
2761 1743 3004 1805 minimo
3053 1742 3258 1805 valore

546 1835 908 1897 aestimatos
954 1834 1238 1904 reddere,
1304 1832 1388 1905 si,
1456 1833 1611 1912 quod
1663 1852 1775 1912 ego
1823 1834 2210 1895 vehementer
2270 1833 2347 1894 ab
2411 1832 2543 1912 ipso
2609 1832 2921 1901 contendi,
2983 1830 3256 1910 quodque

545 1922 691 1984 mihi
759 1921 1055 1999 stipulata
1111 1939 1289 1981 manu
1352 1920 1669 2000 promisit,
1735 1922 2022 2001 perficere
2081 1921 2196 2001 ipsi
2252 1919 2547 1983 libuisset.
2643 1918 2848 1989 Quare
2893 1916 2972 1979 R.
3023 1918 3092 1978 T.
3161 1936 3256 1979 me

544 2016 900 2073 excusatum
962 2008 1212 2071 habebit
1273 2016 1339 2069 et
1392 2008 1507 2070 hoc
1552 2018 1731 2070 tenue
1798 2010 2212 2071 munusculum
2257 2008 2317 2069 in
2374 2008 2722 2087 praesentia
2775 2007 2913 2069 boni
2961 2007 3254 2069 consulet.

542 2099 791 2163 Utinam
837 2104 1038 2159 autem
1083 2116 1191 2176 per
1236 2096 1495 2175 aliquem
1540 2114 1805 2158 meorum
1853 2092 2234 2159 familiarium
2279 2096 2501 2158 certior
2545 2096 2671 2157 fieri
2715 2112 2993 2176 possem,
3077 2095 3252 2174 quid-

546 2205 687 2249 nam
730 2187 791 2248 in
840 2185 947 2247 illo
992 2184 1391 2263 Prognostico
1440 2184 1518 2247 R.
1568 2185 1636 2247 T.
1688 2184 1991 2263 improbet
2039 2186 2296 2266 quidque
2345 2184 2488 2246 mihi
2543 2184 2601 2245 in
2651 2183 3038 2262 sequentibus
3085 2182 3258 2245 annis

546 2274 707 2349 (Deo
754 2292 849 2335 me
896 2274 1323 2344 conservante)
1370 2272 1702 2334 cavendum
1752 2272 2006 2352 amplius
2054 2274 2150 2335 sit.
2247 2273 2372 2335 Sed
2419 2272 2496 2334 R.
2529 2272 2598 2333 T.
2651 2272 2900 2333 arbitrio
2947 2272 3252 2351 permitto,

546 2362 641 2425 cui
687 2381 824 2441 mea
870 2360 1105 2433 studia,
1172 2378 1280 2421 nos
1348 2368 1549 2422 autem
1607 2380 1815 2423 omnes
1882 2369 1946 2422 et
1990 2369 2370 2441 utrorumque
2430 2360 2814 2422 calamitates
2861 2360 3258 2439 gravissimas

543 2450 675 2513 Deo
721 2447 1281 2511 misericordissimo
1330 2447 1679 2510 ardentibus
1724 2448 2005 2529 precibus
2053 2450 2423 2511 commendo.

722 2535 969 2600 Graecii
1004 2528 1101 2601 19.
1136 2532 1311 2610 (29.)
1342 2534 1482 2599 Oct.
1535 2532 1717 2600 1594.

2219 2622 2622 2685 Reverentiae
2669 2622 2834 2684 Tuae

2070 2711 2642 2775 observantissimus
2689 2710 3015 2792 discipulus

2269 2801 2362 2864 M.
2409 2801 2515 2865 Jo.
2563 2798 2820 2882 Kepler.

686 2956 1061 3015 Solicimdinem
1096 2953 1301 3019 Kepleri
1338 2957 1399 3006 ob
1432 2956 1703 3020 pecuniam
1726 2957 1990 3022 Tubingae
2027 2957 2094 3008 ad
2129 2959 2226 3008 iter
2260 2972 2404 3008 suum
2437 2959 2490 3008 in
2516 2956 2732 3022 Styriam
2767 2957 3119 3022 perficiendum
3149 2973 3256 3008 mn-

540 3037 629 3080 tuo
666 3035 881 3080 sumtam
917 3025 1211 3077 Maestlinus
1246 3026 1322 3076 his
1358 3027 1583 3077 dirimere
1620 3027 1815 3077 studet:
1865 3027 1944 3078 De
1981 3027 2047 3077 D.
2087 3041 2258 3078 socero
2311 3043 2423 3078 meo
2461 3043 2590 3093 quae
2627 3029 2774 3078 anxie
2811 3029 3025 3079 scribere
3059 3028 3257 3086 videris,

540 3102 648 3164 ipse
681 3113 762 3149 me
798 3097 1091 3162 respondere
1122 3098 1280 3160 jubet,
1318 3103 1376 3147 ut
1411 3099 1575 3148 animo
1614 3097 1807 3161 quietus
1843 3099 1937 3156 sis;
1976 3104 2029 3148 te
2065 3100 2200 3149 enim
2235 3099 2288 3149 in
2325 3099 2474 3163 culpa
2505 3115 2608 3149 non
2631 3113 2742 3149 esse
2784 3099 2980 3156 asserit.
3017 3099 3108 3149 sed
3145 3113 3258 3149 enm

469 3177 479 3184 “
543 3172 701 3234 ipsum
718 3205 733 3227 ‚
784 3169 868 3234 qni
902 3168 1169 3232 pecuniam
1202 3173 1287 3218 tuo
1324 3169 1521 3218 nomine
1556 3169 1819 3218 restituere
1856 3169 2086 3219 debebat.
2159 3169 2390 3220 Pecunia
2437 3170 2568 3220 enim
2617 3183 2650 3220 a
2683 3177 2736 3218 te
2785 3170 2942 3232 proba
2973 3171 3129 3220 missa
3161 3175 3256 3226 est,

544 3247 603 3290 at
634 3239 803 3290 neseio
840 3240 948 3304 quis
982 3238 1083 3296 ille,
1120 3239 1172 3288 in
1210 3242 1350 3302 cujus
1384 3252 1561 3289 manus
1598 3238 1815 3297 devenit,
1855 3241 1938 3304 qui
1979 3239 2270 3303 „paulines“
2309 3242 2412 3290 sive
2443 3239 2801 3303 Mnnehskopff
2830 3240 3053 3303 aliasque
3085 3255 3256 3290 mone·

542 3317 625 3360 tas
662 3307 839 3372 (unam
874 3310 1029 3360 etiam
1066 3310 1335 3373 improbam
1370 3306 1593 3374 penitus)
1629 3311 1778 3358 misit.
1854 3309 2042 3360 Verum
2078 3312 2206 3375 quod
2245 3311 2311 3360 ad
2346 3316 2399 3360 te
2435 3311 2633 3366 attinet,
2671 3317 2724 3360 te
2757 3311 3074 3360 innocentem
3107 3323 3262 3374 prae-

546 3381 683 3431 dicat
714 3381 901 3444 tibiqne
936 3394 1037 3429 non
1074 3387 1336 3430 succenset
1349 3415 1365 3442 ,
1426 3381 1555 3431 adeo
1590 3386 1649 3429 ut
1684 3395 1779 3430 nec
1814 3381 2009 3445 prolixa
2044 3383 2362 3432 excusatione
2399 3381 2468 3431 ad
2503 3382 2689 3445 ipsum,
2739 3394 2836 3430 nec
2873 3395 2988 3431 mea
3021 3383 3257 3432 interces-

423 3501 439 3512 ,
545 3451 686 3502 sione
724 3465 845 3514 opus
881 3451 1042 3500 fuerit.

686 3537 955 3602 Keplernm
1006 3537 1159 3601 primo
1215 3543 1436 3601 tempore
1490 3553 1584 3603 quo
1623 3538 1838 3589 Graetiis
1877 3538 2091 3604 degebat
2108 3573 2123 3595 ‚
2173 3538 2299 3588 forte
2345 3541 2452 3602 jam
2501 3539 2760 3605 Tubingae
2798 3537 3106 3606 astrologicis
3139 3539 3258 3590 lusi·

545 3610 637 3659 bus
689 3615 884 3673 tempus
920 3609 1112 3659 trivisse
1164 3621 1226 3658 ex
1274 3607 1351 3658 his
1400 3609 1545 3659 amici
1594 3609 1772 3658 Christ.
1816 3607 1928 3658 Ort
1941 3607 2178 3672 helphi,
2227 3615 2332 3678 tum
2379 3611 2613 3673 temporis
2662 3611 2997 3674 praeceptoris
3045 3611 3098 3660 in
3155 3625 3258 3659 mo·

542 3681 761 3731 nuterio
798 3679 1125 3738 Hirsaviensi‚
1162 3679 1315 3730 literis
1347 3680 1531 3742 jocosis
1567 3685 1740 3743 patet:

690 3811 706 3826 .
747 3813 760 3826 .
803 3812 817 3826 .
852 3775 935 3826 De
968 3775 1096 3826 hora
1128 3776 1411 3824 nativitatis
1446 3789 1593 3825 meae
1628 3790 1727 3824 non
1768 3781 1872 3833 est,
1910 3773 2039 3838 quod
2074 3774 2242 3824 multis
2278 3776 2555 3841 ambigam3
2601 3775 2720 3826 mihi
2754 3776 2960 3840 perinde
2997 3783 3090 3828 est.
3163 3775 3260 3827 Ex·

548 3853 721 3912 specto
757 3845 1029 3896 Dominum
1065 3845 1183 3894 dum
1215 3845 1385 3895 veniat
1425 3851 1478 3895 et
1510 3859 1594 3894 me
1630 3853 1932 3908 promoveat,
1971 3851 2240 3902 removeat.
2280 3846 2346 3895 ad
2381 3860 2435 3895 se
2474 3853 2666 3897 avocet.
2707 3881 2721 3897 .
2761 3881 2774 3895 .
2813 3883 2827 3896 .
2883 3845 3016 3908 Quid
3050 3863 3163 3898 vero
3200 3849 3262 3898 de

548 3924 601 3968 te
638 3919 867 3978 sentiam,
906 3930 1053 3980 quem
1092 3927 1151 3965 eo
1190 3915 1485 3965 temeritatis
1523 3916 1822 3979 processisse
1858 3917 2026 3973 video,
2065 3921 2122 3965 ut
2158 3931 2217 3967 ex
2254 3917 2398 3966 astris
2431 3917 2656 3978 judicare
2693 3918 2896 3974 nitatur,
2935 3919 3052 3981 quid
3088 3919 3260 3969 doctu·

547 4003 630 4038 rus
666 3989 757 4038 sim
794 3989 845 4037 in
883 3987 1099 4038 ecclesia
1134 3993 1187 4036 et
1220 3988 1272 4035 in
1308 4001 1403 4049 quo
1441 3985 1648 4036 articulo
1674 3993 1986 4050 peccaturus.
2065 3985 2207 4045 Quae
2243 3985 2487 4036 hactenus
2527 3987 2646 4036 mihi
2671 3987 3002 4051 praedixeras,
3039 3991 3261 4054 accipie-

546 4059 663 4110 bam
712 4065 951 4123 tauquam
1001 4058 1221 4112 monita.
1272 4063 1331 4106 ut
1377 4057 1467 4106 illa
1500 4071 1744 4108 caverem.
1821 4055 2160 4107 Dicacitatem
2196 4058 2509 4119 praedixeras
2556 4063 2609 4108 et
2651 4058 2824 4122 jugulo
2868 4060 3140 4123 periculum
3203 4075 3265 4110 ex

550 4129 764 4180 licentia
794 4130 1015 4194 linguae.
1091 4127 1281 4178 Malum
1330 4133 1389 4176 nt
1424 4142 1653 4178 caverem
1704 4133 1757 4178 et
1793 4129 2028 4178 vanitatis
2066 4127 2367 4192 astrologum
2417 4135 2475 4178 ut
2512 4129 2849 4179 convincerem
2863 4163 2880 4184 .
2938 4129 3004 4180 ad
3039 4132 3264 4182 sudorem

546 4215 704 4266 nsque
738 4202 878 4252 tacui
910 4199 1218 4264 saepissime.
1291 4197 1558 4257 Memini,
1618 4212 1847 4249 caverem
1896 4197 2141 4249 veneficia
2192 4205 2244 4248 et
2277 4199 2539 4249 illecebras
2590 4199 2864 4262 puellas-en
2921 4201 2986 4251 ab
3021 4201 3097 4252 his
3133 4203 3264 4252 enim

547 4285 631 4322 me
668 4271 904 4321 damnum
942 4273 1274 4335 accepturum.
1350 4269 1580 4320 Abstinui
1626 4270 1692 4319 ad
1730 4271 1944 4320 esuriem
1991 4267 2056 4318 ab
2093 4271 2226 4318 omni
2263 4270 2542 4328 esculento,
2594 4271 2726 4334 quod
2771 4271 2896 4320 mihi
2950 4285 2985 4320 a
3031 4280 3266 4336 suspecta

456 4394 474 4400 „
548 4355 763 4406 persona
794 4347 1145 4406 praeparatum
1182 4339 1457 4391 videbatur.
1529 4339 1647 4390 Jam
1685 4340 1826 4398 dicis,
1879 4354 1958 4389 me
1997 4341 2149 4388 etiam
2186 4341 2238 4388 in
2278 4341 2499 4390 articulis
2535 4347 2882 4404 peccaturum3
2939 4343 3155 4400 scilicet,
3207 4349 3266 4392 nt

550 4413 834 4463 libertatem
872 4411 1192 4462 christianam
1230 4411 1433 4474 prodam
1475 4415 1529 4459 et
1562 4410 1773 4460 salutem
1811 4410 2057 4461 ecclesiae
2092 4424 2240 4460 meae
2275 4411 2602 4460 incolumitati
2647 4417 2956 4475 postponam.
3031 4411 3132 4462 Cur
3163 4427 3264 4463 non

403 4461 419 4488 ³
456 4483 461 4488 “
550 4488 606 4533 et
656 4483 709 4532 id
744 4481 985 4539 mandas,
1036 4489 1095 4531 nt
1131 4496 1321 4531 cessem
1372 4480 1583 4544 posthac
1635 4482 1725 4530 tibi
1762 4496 1974 4531 errorem
2031 4479 2369 4544 opprobrare?
2423 4487 2482 4530 nt
2517 4481 2681 4531 dicam
2732 4487 2783 4531 te
2821 4497 2920 4531 non
2967 4485 3122 4546 primo
3157 4497 3263 4533 mo·

548 4559 719 4604 mento
758 4552 1008 4603 delibatae
1044 4552 1359 4602 astrolatriae
1394 4551 1669 4615 perfectum
1704 4551 1858 4602 fnisse
1897 4557 1950 4602 et
1985 4551 2050 4601 ad
2087 4557 2390 4601 momentum
2427 4549 2557 4602 Solis
2591 4552 2654 4601 de
2689 4566 2838 4602 mane
2875 4554 3164 4610 occidentis,
3201 4554 3264 4603 de

550 4630 699 4674 nocte
736 4624 954 4678 orientis.
992 4623 1259 4686 perniciem
1292 4635 1461 4672 meam
1493 4621 1613 4672 mihi
1648 4623 1914 4688 designare
1938 4623 2174 4686 potuisse,
2211 4623 2301 4672 sed
2335 4623 2416 4672 vix
2439 4622 2554 4672 dum
2579 4623 2777 4674 Graecii
2799 4623 3072 4687 proficere?
3120 4622 3264 4685 Quod

551 4694 594 4742 si
629 4693 813 4750 fecero,
852 4699 906 4744 et
938 4693 1192 4744 honestius
1229 4692 1291 4743 de
1329 4694 1659 4742 astromantia
1692 4707 1910 4752 sensero,
1951 4708 2102 4758 quam
2140 4693 2202 4742 de
2228 4699 2532 4757 quaestuosa
2555 4693 2944 4758 Zygeinerorum
2967 4695 3264 4757 ¹judiciaria:

554 4765 671 4813 dum
705 4763 885 4812 multos
920 4763 1199 4814 numerabis
1236 4777 1411 4820 annos.
1444 4763 1715 4828 longaevus
1753 4765 1877 4814 eris:
1917 4779 2018 4814 non
2055 4764 2199 4814 detur
2232 4777 2313 4813 me
2348 4763 2514 4814 sidera
2550 4778 2704 4815 manu
2739 4770 2966 4829 tangere.

698 4831 845 4894 Quod
878 4835 1074 4900 quaeris
1110 4834 1173 4886 de
1210 4836 1355 4885 annis
1390 4833 1487 4884 illis
1528 4831 1682 4892 1590,
1726 4833 1856 4884 1591
1901 4833 2014 4892 ae..
2049 4835 2219 4886 nescio
2257 4833 2373 4899 quid
2417 4834 2556 4897 velis,
2593 4849 2706 4888 nec,
2728 4835 2985 4896 succurrit.
3021 4835 3140 4900 quid
3172 4849 3262 4902 ge·-
