3634 5575
586 351 711 438 110
1438 383 1451 391 -
1702 349 1763 402 In
1798 349 2167 406 Praefationem

582 512 871 591 Architae
912 530 986 575 ex
1017 508 1307 574 Cicerone
1348 509 1628 582 (Laelius.
1656 505 1804 581 23):
1869 507 1976 583 „Si
2013 509 2246 576 eoelum
2286 511 2480 589 ipsum
2521 511 2950 584 ascendissem,
2989 519 3310 574 naturam-

582 622 696 682 que
744 599 987 672 mundi,
1054 606 1119 662 et
1174 597 1676 678 pulchritudinem
1728 597 1992 668 siderum
2021 597 2286 676 penitus
2333 599 2816 678 perspexissem,
2881 599 3150 662 insuavis
3199 601 3314 660 illa

584 689 725 751 mihi
777 689 931 749 foret
982 685 1341 761 admiratio,
1412 685 1527 747 nisi
1576 695 1637 748 te
1688 687 1972 760 lectorem
2020 699 2310 766 amquam,
2371 695 2672 750 attentum
2731 698 2794 750 et
2839 689 3155 767 cupidum,
3211 687 3310 748 cni

585 797 907 850 narrarem,
948 775 1296 839 haberem.“
1372 775 1541 836 Haec
1572 774 1672 836 ubi
1703 775 2074 854 cognoveriS‚
2124 776 2174 836 si
2224 793 2448 855 aequus
2496 795 2584 848 es,
2631 777 2963 838 abstinebis
3011 798 3049 837 a
3095 795 3308 856 repre-

583 865 1009 948 hensionibu8‚
1070 882 1217 944 quas
1275 883 1389 924 non
1448 863 1575 924 sine
1636 882 1818 927 causa
1875 863 2238 942 praesagio:
2305 865 2395 925 sin
2459 873 2658 926 autem
2716 884 2823 926 suo
2887 865 3123 945 quidem
3175 866 3310 926 loeo

586 953 869 1034 relinquis
917 953 1076 1014 ista:
1140 952 1354 1014 metuis
1404 961 1637 1024 tamen,
1696 960 1761 1012 ut
1806 959 1976 1012 certa
2022 953 2172 1024 sint,
2231 962 2414 1032 atque
2461 961 2529 1014 ut
2575 973 2686 1032 ego
2733 954 3092 1034 triumphum
3141 955 3308 1015 ceci-

584 1044 767 1106 nerim
818 1051 957 1104 ante
1005 1041 1354 1102 victoriam:
1406 1059 1561 1117 ergo
1596 1041 1691 1102 vel
1741 1041 1986 1102 tandem
2035 1041 2310 1119 pagellas
2358 1040 2524 1120 ipsas
2570 1043 2824 1116 accede,
2873 1051 2939 1104 et
2984 1062 3140 1115 rem,
3189 1061 3312 1123 qua

585 1133 657 1195 de
707 1131 936 1212 pridem
984 1129 1235 1208 agimuS,
1286 1147 1601 1207 cognosce.
1679 1128 1814 1193 Non
1867 1129 2128 1207 reperies
2176 1149 2363 1193 novos
2409 1139 2475 1190 et
2520 1131 2854 1210 incognitos
2891 1132 3192 1210 planetas,
3243 1139 3314 1191 ut

584 1221 762 1298 paulo
811 1229 995 1279 antea
1051 1217 1479 1298 interpositos,
1534 1235 1650 1277 non
1712 1237 1785 1276 ea
1845 1217 1983 1280 mihi
2043 1218 2332 1296 probatur
2377 1219 2674 1292 audacia;
2723 1221 2834 1281 sed
2882 1220 3020 1281 illos
3067 1230 3312 1280 veteres

585 1328 793 1386 parum
845 1306 1165 1368 admodum
1212 1305 1478 1376 luxatas,
1527 1305 1845 1383 interjectu
1895 1324 2036 1368 vero
2075 1305 2514 1370 rectilineorum
2563 1326 2876 1388 corporum
2923 1307 3314 1388 quantumvis

582 1398 841 1458 absurdo
890 1396 978 1456 ita
1023 1395 1305 1470 munitoS‚
1356 1400 1423 1454 ut
1469 1411 1662 1471 porro,
1712 1395 1926 1472 quibus
1971 1394 2140 1456 uncis
2183 1396 2414 1459 coelum
2445 1415 2559 1476 quo
2601 1391 2796 1460 minus
2843 1403 3000 1469 ruat,
3047 1415 3312 1476 suspen-

584 1486 778 1562 datur.
831 1485 1141 1564 quaerenti
1192 1483 1415 1544 rustico
1464 1483 1825 1560 respondere
1873 1484 2094 1562 possis.
2191 1484 2370 1546 Vale.

1210 1677 1297 1737 IN
1349 1675 2016 1738 PRAEFATIONEM
2064 1677 2182 1739 AD
2231 1676 2689 1740 LECTOREM

1634 1797 1866 1849 Nor-As
1907 1797 2258 1852 AucroRIS.

745 1903 807 1976 a)
852 1906 973 1960 Etsi
1032 1905 1213 1960 omnia
1254 1905 1501 1959 omnibus
1544 1907 1872 1971 cohaerent,
1937 1926 2192 1962 numerus
2257 1917 2440 1964 tamen
2499 1927 2602 1964 sex
2663 1909 3040 1980 primariorum
3097 1908 3316 1963 orbium

586 1990 803 2060 proprie
847 1989 1127 2040 desumtus
1170 1993 1259 2039 est
1298 2004 1372 2039 ex
1416 1987 1652 2056 quinque
1695 1989 2015 2058 corporibus
2059 1989 2224 2042 solis:
2269 1990 2584 2058 proportio,
2629 1991 2844 2058 potiore
2887 1989 3101 2060 quidem
3145 1997 3314 2059 parte

591 2087 626 2123 a
667 2067 985 2138 corporibus
1030 2066 1265 2136 quinque
1309 2067 1685 2136 geometricis,
1743 2069 1837 2120 sed
1882 2083 2024 2138 quae
2069 2075 2253 2122 tamen
2295 2069 2441 2123 circa
2482 2070 2702 2124 minima
2742 2070 3014 2123 concessit
3055 2069 3314 2132 motibus,

528 2179 539 2184 —
594 2159 655 2203 ut
696 2164 902 2201 causae
944 2146 1097 2200 finali
1142 2146 1195 2199 in
1238 2146 1414 2199 ideam
1458 2147 1638 2216 operis
1679 2155 1941 2216 receptae
1980 2147 2170 2202 statim
2211 2148 2384 2203 init-io.
2467 2151 2544 2203 Et
2590 2147 2692 2202 hoc
2739 2148 2952 2220 quidem
2993 2147 3314 2220 intelligen-

591 2233 713 2283 dum
752 2235 840 2280 est
870 2229 937 2279 de
978 2226 1213 2279 motibus
1250 2226 1515 2296 cujusque
1548 2227 1815 2296 planetae
1865 2227 2175 2282 tardissimo
2215 2245 2347 2292 uno,
2399 2229 2578 2282 altero
2623 2229 2990 2294 velocissimo,
3049 2231 3116 2282 de
3155 2227 3314 2281 moti·

594 2311 722 2371 bus,
778 2289 1207 2362 souicet‘oausa
1261 2321 1395 2358 suae
1450 2307 1812 2376 proprietatis
1861 2307 2238 2362 consideratis.
2323 2310 2508 2362 Motus
2555 2325 2686 2362 vero
2735 2309 3019 2379 periodici,
3079 2308 3184 2361 hoc
3227 2315 3314 2361 est
3389 2351 3406 2358 -

593 2403 844 2442 numerus
894 2385 1099 2443 dierum
1147 2386 1202 2440 in
1252 2385 1681 2456 uniuscujusque
1724 2388 1994 2457 planetae
2041 2386 2300 2442 circuitus
2347 2389 2654 2452 derivatus,
2715 2397 2828 2443 tam
2875 2405 2912 2443 a
2955 2388 3316 2458 proportione

591 2467 817 2530 orbium,
880 2482 1039 2538 quam
1078 2467 1150 2518 ab
1189 2465 1693 2532 eccentricitatibus
1740 2465 1906 2537 (quae
1954 2485 2027 2520 ex
2065 2468 2376 2524 Harmoniis
2399 2475 2548 2524 ,sunt
2590 2467 2966 2534 constitutae)
3017 2468 3240 2538 longius
3281 2483 3320 2520 a

594 2550 626 2601 5
668 2547 985 2616 corporibus
1026 2553 1393 2600 secesserunt.

752 2624 810 2692 b)
852 2627 1042 2680 Habes
1081 2625 1235 2678 illam
1275 2626 1705 2696 disputationem
1744 2626 2084 2681 cumulatam
2123 2626 2176 2680 in
2211 2627 2493 2698 Epitomes
2532 2627 2920 2682 Astronomiae
2957 2627 3054 2682 lib.
3091 2629 3132 2682 1.

753 2703 804 2770 c)
848 2705 1065 2759 Inserta
1113 2711 1200 2758 est
1246 2705 1384 2758 haec
1431 2704 1732 2775 disputatio
1764 2705 2181 2760 Commentariis
2219 2707 2352 2760 meis
2401 2709 2468 2760 de
2509 2714 2661 2761 motu
2699 2708 2922 2774 Martis,
2981 2705 3316 2778 praesertim

594 2790 645 2842 in
683 2784 1116 2840 introductione:
1168 2785 1444 2855 reperitur
1475 2804 1606 2839 vero
1647 2792 1906 2839 accurate
1947 2786 2086 2840 libro
2125 2785 2220 2841 IV.
2255 2786 2555 2857 Epitomes.
2623 2793 2971 2859 Argumenta
3015 2787 3181 2859 plane
3220 2790 3315 2840 de·

594 2866 961 2921 monstrativa
998 2882 1071 2918 ex
1106 2860 1449 2934 penitissima
1482 2866 1851 2919 astronomiae
1889 2866 2298 2921 restauratione
2337 2867 2666 2922 concinnata
2703 2876 2848 2922 sunt.

756 2944 813 3009 d)
858 2944 1330 3015 cosmographiae
1366 2945 1579 3015 quidem
1613 2944 1778 2999 titulo
1818 2946 2027 3000 nullum
2066 2964 2136 2999 ex
2187 2946 2282 3012 illo
2322 2954 2568 3018 tempore
2605 2948 2800 3001 librum
2840 2948 3008 3002 edidi:
3069 2955 3131 3001 at
3168 2948 3316 3001 simi·

597 3028 769 3080 litudo
806 3026 921 3079 ista
954 3025 1135 3078 relata
1174 3031 1263 3077 est
1296 3042 1333 3079 a
1374 3042 1457 3078 me
1506 3026 1560 3077 in
1597 3025 1880 3093 Epitomes
1921 3026 2017 3079 lib.
2057 3027 2104 3089 1,
2158 3026 2252 3079 ubi
2301 3030 2367 3081 de
2411 3027 2589 3081 mundi
2635 3028 2820 3098 figura
2852 3030 3092 3089 extima,
3148 3028 3315 3098 inque

597 3108 794 3160 librum
834 3106 929 3160 IV.
972 3104 1237 3172 ejusdem,
1290 3106 1380 3158 ubi
1420 3108 1488 3157 de
1525 3105 1703 3158 tribus
1730 3105 2003 3174 primariis
2051 3108 2231 3159 mundi
2265 3107 2520 3161 membris
2555 3108 2792 3177 disputo.
2877 3110 2994 3163 Nec
3029 3124 3130 3177 pro
3167 3106 3316 3161 simi-

596 3186 825 3243 litudine
846 3185 997 3239 inani
1018 3191 1107 3237 est
1124 3185 1400 3248 habenda,
1441 3186 1535 3239 sed
1557 3185 1701 3237 inter
1720 3198 1919 3239 causas
1945 3189 2304 3249 accensenda,
2345 3194 2410 3240 ut
2437 3188 2620 3241 mundi
2650 3189 2826 3241 forma
2853 3194 2914 3242 et
2947 3188 3312 3257 archetypus.

756 3262 810 3329 e)
850 3266 971 3319 Non
1014 3263 1105 3335 qui
1152 3264 1297 3317 circa
1338 3265 1531 3318 Jovem
1578 3272 1850 3327 curreret,
1901 3274 1966 3319 ut
2003 3266 2184 3320 sidera
2231 3266 2473 3321 Galilaei
2517 3268 2794 3330 Medicea;
2829 3263 2902 3334 ³⁰)
2957 3286 3028 3322 ne
3075 3268 3315 3329 fallaris,

598 3345 875 3415 nunquam
921 3346 987 3397 de
1027 3344 1091 3397 iis
1131 3344 1405 3415 cogitavi3
1454 3346 1549 3397 sed
1589 3343 1678 3413 qui
1720 3350 1784 3399 ut
1818 3344 1925 3415 ipsi
1962 3343 2209 3414 primarii
2244 3348 2534 3417 planetae,
2582 3348 2764 3403 Solem
2812 3348 2866 3403 in
2905 3356 3096 3403 centro
3131 3353 3314 3419 syste-

598 3424 757 3479 matis
795 3424 1033 3495 positum
1069 3424 1336 3477 curriculo
1373 3440 1471 3477 suo
1512 3424 1781 3494 cingeret.

756 3501 807 3573 f)
844 3504 928 3557 En
956 3503 1075 3573 jam
1097 3510 1227 3557 tunc
1256 3502 1494 3572 rejectos
1528 3521 1565 3557 a
1590 3522 1675 3557 me
1704 3521 1956 3557 numeros
1985 3516 2356 3570 numeranteS,
2395 3514 2459 3561 ut
2487 3508 2798 3578 appellant.
2879 3508 3118 3563 Eosdem
3145 3506 3316 3560 etiam

598 3582 838 3653 abjicere
879 3598 913 3637 a
952 3583 1316 3637 fundamentis
1356 3582 1683 3637 harmonicis
1723 3584 1870 3637 inter
1903 3584 2210 3655 praecipua
2245 3586 2416 3640 habui
2457 3587 2511 3640 in
2541 3588 2644 3641 1'110
2685 3604 2870 3657 opere.

756 3660 824 3735 g)
863 3663 1122 3717 Senarius
1160 3662 1560 3717 tamen'habet
1605 3664 1809 3733 aliquid
1850 3665 2193 3719 abstractum
2233 3682 2269 3719 a
2310 3667 2609 3729 creaturiS,
2669 3669 2810 3737 quod
2847 3666 3062 3721 scilicet
3107 3665 3314 3737 primus

596 3753 683 3798 est
720 3743 867 3797 inter
902 3742 1211 3812 perfectos:
1266 3743 1574 3813 perfectum
1614 3750 1799 3796 autem
1839 3744 1892 3797 id
1929 3744 2194 3809 habetur,
2256 3746 2302 3799 si
2340 3752 2427 3800 tot
2473 3754 2601 3801 sunt
2652 3748 2707 3801 in
2744 3748 2998 3818 partibus
3054 3746 3316 3819 aliquotis

602 3825 863 3887 unitates,
900 3830 1035 3893 quot
1074 3823 1127 3876 in
1168 3830 1304 3876 toto.
1388 3827 1477 3877 An
1514 3823 1657 3875 haec
1695 3823 1869 3893 igitur
1905 3824 2219 3895 proprietas
2257 3826 2513 3881 conciliet
2541 3844 2762 3881 numero
2792 3826 3100 3882 numeranti
3137 3826 3316 3897 digni·

596 3912 767 3961 tatem
810 3904 1089 3973 aliquam?
1174 3902 1564 3957 Consideretur
1600 3910 1660 3955 et
1696 3904 1876 3973 qualis
1915 3904 2056 3957 haec
2093 3905 2169 3958 sit
2203 3904 2464 3976 dignitas,
2506 3914 2566 3960 et
2593 3910 2859 3977 quomodo
2897 3913 3181 3976 competat
3215 3920 3318 3959 nu—

594 4001 762 4039 mero.
846 3982 1085 4038 Primum
1138 3983 1285 4037 haec
1334 3982 1578 4053 dig-nitas
1625 3982 1844 4037 videtur
1897 4000 2020 4038 esse
2068 3986 2244 4040 nulla.
2325 3986 2466 4040 Nam
2523 3986 2570 4040 si
2624 3988 2870 4058 dignitas
2907 3996 3061 4041 esset
3106 3985 3315 4056 aliqua,

594 4065 812 4119 videtur
850 4062 1169 4117 harmonica
1203 4061 1495 4133 disciplina
1522 4062 1891 4117 testimonium
1925 4065 2248 4133 praebitura
2285 4064 2455 4121 fuisse
2487 4066 2735 4121 omnibns
2764 4068 3003 4123 numeris
3033 4064 3315 4136 perfectis.

594 4149 674 4198 At
709 4144 812 4197 illa
848 4142 1059 4197 nullum
1096 4142 1295 4213 recipit
1326 4148 1554 4212 praeter
1590 4144 1884 4197 senarium.
1967 4144 2187 4214 Reliqui
2225 4144 2368 4201 enim
2404 4148 2638 4215 perfecti
2675 4154 2806 4203 sunt
2843 4147 3136 4218 primorum
3173 4146 3317 4201 mul-

597 4224 845 4293 tiplices,
906 4228 970 4276 ut
1023 4228 1188 4292 patet·
1238 4241 1311 4277 ex
1362 4221 1604 4277 Euclidis
1662 4222 1803 4277 libro
1843 4222 1941 4277 IX.
1996 4240 2152 4295 prop.
2211 4225 2425 4281 ultima.
2511 4228 2692 4290 Quare
2747 4229 2869 4297 (per
2909 4230 3024 4283 Ax.
3073 4227 3128 4283 3.
3187 4225 3316 4281 libri

595 4304 699 4357 mei
746 4304 841 4358 111.
892 4302 1283 4367 HarmoniceS‚
1351 4307 1410 4355 et
1462 4319 1564 4371 per
1613 4303 1777 4371 Prop.
1831 4302 1885 4357 8.
1925 4302 2052 4356 libri
2108 4305 2228 4369 IV„
2296 4322 2439 4376 quae
2501 4307 2751 4363 nituntur
2807 4325 3006 4377 propp.
3059 4307 3152 4361 45.
3212 4306 3313 4363 46.

597 4384 690 4438 47.
748 4382 872 4436 libri
930 4376 1000 4452 Ι.)
1049 4398 1233 4435 omnes
1284 4381 1519 4451 perfecti
1566 4380 1643 4434 sic
1688 4381 1816 4435 dicti
1877 4382 2081 4436 numeri
2141 4391 2369 4452 praeter
2411 4386 2684 4441 senarium
2739 4388 2978 4441 exulant
3035 4404 3068 4440 a
3129 4385 3316 4440 termi-

596 4465 679 4517 nis
718 4461 1136 4517 concordantias
1178 4460 1670 4523 constituentibus;
1712 4468 2022 4515 attestante
2061 4463 2228 4517 etiam
2268 4481 2434 4518 sensu
2472 4468 2719 4521 auditus:
2755 4467 2917 4537 idque
2946 4473 3176 4538 propter
3201 4464 3314 4535 pri-

596 4560 740 4607 mos,
798 4550 863 4597 ut
894 4541 1269 4612 septenarium
1322 4548 1461 4603 etc.,
1520 4557 1555 4593 a
1602 4534 1796 4611 quibus
1849 4541 2182 4597 derivantur.
2265 4545 2390 4598 Etsi
2445 4544 2589 4599 enim
2635 4547 2904 4602 sectiones
2961 4546 3316 4601 harmonicae

598 4624 737 4677 libro
775 4624 869 4677 111.
910 4638 1067 4692 prop.
1120 4622 1207 4675 19.
1263 4628 1622 4675 numerantur
1673 4627 1912 4690 septem,
1971 4621 2062 4691 qui
2119 4638 2372 4678 numerus
2420 4625 2625 4694 primus
2665 4632 2785 4681 est:
2845 4632 2907 4680 at
2947 4626 3086 4680 nulli
3123 4642 3316 4679 earum

599 4706 698 4757 dat
722 4702 827 4757 hoc
856 4701 1203 4771 septenarius
1234 4702 1340 4755 iste
1357 4742 1369 4765 ,
1419 4706 1483 4754 ut
1510 4699 1585 4753 sit
1610 4700 1960 4761 harmonica:
2010 4704 2103 4755 sed
2131 4704 2284 4773 prius
2313 4705 2600 4774 quaelibet
2641 4723 2746 4777 per
2773 4724 2833 4760 se
2861 4712 2951 4760 est
2977 4706 3315 4777 harmonica,

597 4788 799 4853 postea
824 4783 1036 4836 demum
1064 4782 1265 4839 accidit
1290 4780 1399 4835 illis
1418 4780 1541 4849 ⁴iam
1568 4780 1882 4835 constitutis
1911 4780 2196 4847 universis,
2245 4792 2311 4837 ut
2337 4784 2450 4838 sint
2474 4800 2700 4840 numero
2727 4793 2966 4857 septem:
3011 4788 3108 4840 sed
3134 4803 3317 4856 neque

596 4864 743 4921 haec
768 4861 895 4931 ipsa
921 4862 1174 4927 conditio,
1224 4878 1335 4933 qua
1362 4860 1694 4917 definiuntur
1739 4860 1949 4917 numeri
1975 4863 2228 4931 perfecti,
2274 4863 2333 4919 in
2352 4881 2414 4919 se
2455 4864 2582 4935 ipsa
2613 4866 2988 4933 considerata,
3019 4865 3316 4938 dignitatis
