3634 5575
603 348 738 417 410
1739 351 1942 402 Literna
1978 349 2183 416 Keplerl

607 531 750 594 ago,
807 519 877 574 ut
931 510 1253 574 veritatem
1311 527 1423 589 ego
1483 509 1680 590 (cujus
1743 519 2013 572 assertor
2068 529 2197 571 sum
2252 517 2525 590 promtus
2579 529 2847 590 semper,
2908 529 3025 586 non
3082 527 3341 590 semper

609 595 892 682 idoneus)
951 601 1031 663 ad
1093 617 1286 662 meum
1349 599 1723 662 commodum
1781 599 2053 678 dirigam.
2152 599 2217 660 ln
2276 598 2549 660 omnibus
2602 599 3012 679 prognosticis
3065 595 3125 659 id
3180 617 3332 678 ag0,

608 698 676 753 ut
720 692 794 752 de
831 691 1088 770 promtis
1137 687 1478 756 sententiis.
1527 707 1678 768 quae
1727 688 1871 749 mihi
1928 705 2106 750 verae
2152 687 2456 761 videntur,
2509 694 2753 765 gustum
2800 687 3057 768 aliquem
3094 687 3335 766 jucun-

607 780 822 842 ditatis
869 786 934 841 et
979 776 1320 857 majestatis
1367 785 1618 839 naturae
1683 777 2007 856 praebeam
2052 775 2175 838 illis
2220 795 2407 855 supra
2452 774 2715 838 definitis
2760 779 2911 839 meis
2961 777 3329 839 lectoribus:

611 870 662 931 si
723 871 878 930 forte
925 883 1034 948 per
1078 868 1192 928 hoc
1240 866 1576 928 excitentur
1625 867 1701 926 ad
1748 885 1845 927 me
1894 873 2065 927 tanto
2114 865 2328 946 maj0ri
2376 883 2506 927 cum
2540 865 2771 928 'salario
2802 866 3099 936 alendum,
3146 864 3332 944 cujus

585 958 774 1044 ¹nulla
821 957 1014 1018 adhuc
1063 954 1335 1017 accessio
1383 955 1550 1016 facta
1597 956 1816 1035 (neque
1866 955 2004 1016 dum
2050 955 2355 1034 impensae
2403 954 2545 1016 mihi
2586 955 2953 1028 restitutae).
3046 955 3221 1016 Haec
3269 953 3331 1014 si

602 1047 998 1125 probaveris,
1039 1047 1172 1126 jam
1215 1062 1394 1123 porro
1439 1043 1586 1105 mihi
1631 1062 1748 1105 non
1782 1043 2185 1118 succensebis,
2238 1045 2412 1125 quod,
2464 1051 2736 1106 assertor
2766 1043 3133 1124 astrologiae.
3186 1062 3329 1105 cum

605 1135 714 1196 sim
761 1133 963 1197 verbis
1010 1142 1075 1196 et
1119 1151 1330 1213 opere,
1391 1133 1669 1195 studeam
1716 1142 1917 1195 tamen
1976 1134 2130 1194 hanc
2179 1133 2396 1197 animis
2452 1133 2757 1195 hominum
2804 1133 3328 1195 existimationem

605 1223 981 1303 implantare,
1032 1241 1150 1283 non
1197 1241 1332 1284 esse
1379 1240 1472 1284 me
1520 1239 1811 1300 nugacem
1861 1223 2251 1303 astrologum.
2344 1223 2415 1284 Id
2472 1209 2627 1284 hoc
2645 1243 2800 1285 anno
2858 1224 3001 1298 feci,
3070 1221 3329 1302 rejectis

609 1313 870 1391 quartis,
921 1311 1394 1374 revolutionibus
1441 1312 1682 1384 annuis,
1734 1329 1848 1391 quo
1894 1313 2131 1374 nomine
2182 1313 2363 1376 etiam
2409 1313 2815 1376 revolutiones
2862 1322 3207 1375 menstruae
3262 1319 3329 1373 et

604 1409 950 1480 quartarum
997 1400 1228 1462 censeri
1273 1401 1432 1462 volo,
1525 1401 1847 1482 Nunquam
1876 1403 1997 1465 illis
2028 1403 2340 1484 quicquam
2369 1403 2573 1478 tribui,
2620 1405 2708 1464 uti
2738 1401 3083 1465 meminisse
3110 1410 3324 1482 potes.

606 1489 882 1552 Sufficiet
935 1489 1146 1570 cuique
1204 1488 1323 1551 diei
1382 1497 1664 1570 aspectus
1723 1511 1886 1554 suus.
1974 1494 2412 1558 Revolutiones
2470 1492 2771 1555 hominnm
2831 1501 2895 1554 et
2938 1491 3171 1554 urbium
3218 1489 3328 1552 hic

613 1581 864 1659 excipio.
968 1578 1155 1640 Aliud
1209 1585 1309 1639 est
1364 1579 1574 1654 home,
1651 1580 1813 1643 aliud
1870 1589 2300 1664 tempestatum
2365 1583 2575 1644 serieS.
2674 1581 2874 1645 Unum
2928 1579 3071 1643 mihi
3115 1581 3329 1660 possit

614 1669 827 1748 objici,
879 1667 1182 1729 conditum
1229 1685 1362 1729 esse
1409 1667 1689 1730 mundum
1737 1667 1796 1731 in
1846 1679 2011 1733 certo
2057 1681 2279 1751 puncto
2325 1671 2553 1734 zodiaci
2606 1669 2748 1734 Sole
2794 1677 3110 1732 versante:
3163 1689 3325 1730 ean-

612 1759 749 1819 dem
798 1775 941 1836 ergo
987 1755 1281 1817 rationem
1328 1775 1463 1819 esse
1511 1758 1740 1821 reditus
1779 1757 1942 1822 Solis
1992 1761 2069 1822 ad
2115 1761 2176 1822 id
2220 1766 2524 1840 punctum,
2574 1779 2724 1840 quae
2766 1768 2862 1821 est
2886 1758 3119 1821 reditus
3152 1757 3328 1820 Solis

609 1847 688 1908 ad
734 1851 1018 1925 punctum
1063 1844 1426 1908 nativitatis.
1517 1847 1900 1929 Responde0‚
1953 1867 2095 1932 ergo
2128 1847 2439 1912 differatur
2473 1849 2778 1927 negotium
2808 1867 2879 1910 eo
2917 1865 3123 1928 usque,
3176 1847 3330 1907 dum

610 1945 774 1999 recte
821 1953 931 1996 nos
979 1935 1236 1997 doceant
1283 1936 1648 2016 chronologi,
1691 1956 1804 2017 quo
1838 1939 1974 2000 anni
2005 1948 2275 2019 tempore
2306 1937 2385 2000 sit
2421 1938 2698 1999 conditus
2726 1937 3001 1999 munduS.
3078 1933 3328 2006 Quam-

607 2025 702 2088 vis
750 2025 868 2088 etsi
915 2024 977 2086 id
1021 2031 1357 2099 teneamuS,
1407 2047 1443 2086 a
1488 2026 1702 2089 baculo
1749 2035 1951 2089 tamen
2001 2029 2078 2090 ad
2109 2027 2391 2107 angulum
2430 2047 2545 2106 non
2577 2027 2845 2108 sequitur
2873 2031 3328 2105 argumentum.

609 2116 678 2177 In
725 2115 922 2177 reditu
970 2112 1206 2194 quidem
1255 2111 1418 2176 Solis
1475 2117 1684 2177 eadem
1731 2124 1834 2177 est
1873 2116 2057 2189 ratio,
2116 2123 2181 2177 at
2228 2134 2344 2177 non
2392 2116 2452 2177 in
2501 2115 2806 2196 subjecto,
2868 2115 3023 2194 quod
3069 2113 3331 2176 revolu-

609 2203 872 2266 tionibus
919 2201 1272 2264 variandum
1317 2205 1686 2283 proponitur.
1779 2201 2077 2267 Similiter
2124 2225 2367 2268 causam
2398 2205 2605 2277 habes,
2656 2223 2759 2266 cur
2788 2203 3049 2264 animam
3082 2203 3323 2263 Terrae

608 2291 865 2354 tribuam
921 2291 980 2354 in
1029 2289 1394 2353 Germanico
1452 2293 1676 2374 scripto
1731 2291 2104 2358 brevissimis
2158 2295 2381 2355 verbis.
2476 2293 2633 2355 Nam
2691 2311 2788 2354 res
2835 2293 2971 2371 ipsa
3025 2291 3149 2352 scio
3208 2289 3333 2350 tibi

609 2400 724 2443 non
773 2379 1133 2460 displicebit.
1225 2381 1645 2443 Fundamenta
1701 2383 2016 2445 universae
2075 2384 2385 2445 doctrinae
2430 2376 2948 2460 ‘meteorologicae
3010 2379 3330 2459 proposui.

608 2469 765 2534 Illud
812 2469 1091 2531 existimo
1139 2469 1252 2530 tibi
1288 2469 1612 2550 jucundum
1660 2471 1841 2533 etiam
1891 2472 2047 2534 fore:
2098 2473 2251 2552 quod
2300 2491 2426 2533 rem
2475 2469 2913 2552 quotidianam,
2965 2467 3329 2531 admiratio-

607 2559 700 2620 nis
755 2566 960 2620 tamen
1019 2558 1315 2620 maximae
1380 2561 1589 2638 (quam
1647 2561 1938 2642 astrologi
1986 2559 2544 2640 superstitionibus,
2608 2557 2948 2641 philosophi
3006 2557 3335 2618 calumniis

609 2648 886 2722 obruunt,
937 2656 1005 2708 ut
1051 2647 1342 2708 hactenus
1391 2668 1428 2707 a
1472 2649 1707 2710 nemine
1755 2651 2130 2732 investigata
2176 2649 2288 2721 sit)
2336 2649 2395 2710 in
2444 2649 2635 2711 lucem
2680 2649 2851 2720 siste,
2902 2647 3173 2728 quodque
3208 2647 3333 2706 hoc

607 2745 788 2817 pacto
839 2735 1272 2817 quodammodo
1331 2735 1722 2818 philosophos
1784 2757 1990 2802 omnes
2050 2739 2331 2801 cohortor
2387 2737 2463 2799 ad
2508 2737 3038 2816 investigationem
3094 2753 3331 2797 causa-

607 2846 765 2902 rum,
824 2844 928 2887 cur
962 2824 1245 2904 planetae
1299 2844 1408 2905 per
1464 2835 1748 2905 aspectus
1807 2834 2041 2889 tantum
2098 2835 2445 2909 operentur,
2513 2846 2628 2888 non
2686 2827 2837 2887 item
2880 2826 3019 2899 (aut
3062 2843 3178 2886 non
3232 2825 3333 2885 ita

609 2914 878 2988 fortiter)
925 2932 1034 2993 per
1081 2932 1177 2974 se:
1227 2932 1438 2993 nempe
1485 2924 1554 2976 ut
1602 2916 1874 2994 exemplo
1923 2925 2089 2993 utar,
2154 2935 2259 2979 cur
2304 2924 2444 2978 ante
2494 2915 2795 2979 octiduum
2843 2932 2973 2975 cum
3022 2914 3333 2975 distarent

606 3000 648 3081 Β
697 3012 761 3064 et
807 3010 858 3072 d
904 3021 991 3081 gr.
1043 2998 1147 3075 50,
1197 3022 1313 3064 non
1363 3004 1583 3063 fuerint
1627 3004 1867 3083 pluviae
1918 3012 1982 3067 et
2025 3006 2278 3067 nebulae
2328 3014 2389 3065 et
2436 3006 2623 3078 nives,
2683 3003 2859 3065 hodie
2908 3022 3037 3064 cum
3086 3001 3332 3063 distant

608 3110 696 3172 gr.
751 3088 856 3165 60,
905 3089 1028 3151 sint
1073 3090 1254 3151 illae?
1303 3111 1432 3152 cum
1481 3099 1683 3153 tamen
1731 3095 2084 3156 tantundem
2134 3094 2281 3156 lucis
2320 3094 2595 3174 utrinque
2624 3092 2910 3166 habeant,
2962 3090 3327 3172 eosdemque

611 3182 735 3243 fere
783 3188 950 3241 ortus
997 3186 1062 3240 et
1108 3199 1360 3242 occasus
1405 3187 1707 3243 tueantur.
1804 3182 2063 3259 Quarto,
2116 3185 2323 3244 eadem
2354 3183 2663 3244 excusatio
2701 3181 2967 3260 pertinet
3012 3181 3195 3243 etiam
3244 3181 3327 3241 ad

609 3268 1001 3349 appendicem
1058 3268 1132 3328 de
1181 3268 1408 3347 eclipsi.
1519 3272 1784 3350 Magna
1850 3289 1997 3333 sum
2061 3292 2233 3333 usus
2303 3272 2811 3345 immodestia,
2882 3270 2942 3329 si
3010 3269 3325 3348 prodeat

605 3357 741 3419 hoc
801 3356 1358 3437 prognosticum
1428 3358 1494 3419 in
1565 3357 2049 3423 Germaniam.
2158 3360 2535 3423 Audacter
2593 3359 2993 3440 polliceor,
3062 3365 3319 3419 osten-

607 3447 778 3509 dere
825 3464 928 3506 me
971 3463 1196 3524 posse
1242 3452 1644 3510 tractatum
1681 3449 2049 3527 integrum
2097 3450 2179 3511 de
2228 3469 2338 3524 ea,
2390 3450 2630 3530 qualis
2676 3465 2847 3510 vero
2895 3446 3323 3509 tractatus?

603 3535 870 3599 Nullus
917 3534 1178 3611 adhuc,
1227 3536 1294 3597 si
1341 3554 1584 3599 verum
1633 3537 1895 3599 fatear.
1991 3536 2113 3599 Sed
2162 3544 2360 3599 tamen
2412 3538 2462 3599 si
2512 3538 2645 3617 quis
2691 3543 2955 3616 peteret,
3003 3534 3321 3596 Maestlini

605 3624 819 3687 literae
865 3642 974 3703 pro
1023 3642 1118 3688 mc
1167 3624 1572 3704 loquerentur,
1621 3624 1717 3689 ubi
1766 3626 2024 3689 maxime
2072 3646 2319 3689 necesse
2367 3633 2553 3689 esset.
2646 3625 2806 3688 Nam
2858 3624 3069 3687 statim
3112 3640 3321 3685 meuse

605 3712 830 3776 Martio
897 3712 1092 3775 adhuc
1151 3712 1370 3792 scripsi
1427 3714 1506 3775 ad
1551 3710 1592 3777 3
1638 3714 1927 3795 paginas,
1996 3714 2341 3797 petentibus
2398 3714 2489 3777 ita
2544 3714 2900 3795 quibusdam
2945 3712 3319 3785 Abbatibus,

605 3801 714 3863 sed
759 3800 1133 3880 populariter
1203 3801 1332 3863 sine
1391 3808 1672 3881 computo
1725 3802 1945 3865 seriem
1994 3805 2250 3883 explicui
2308 3812 2490 3867 natae
2536 3804 2832 3883 paulatim
2881 3802 3035 3863 artis
3080 3820 3157 3861 ex
3202 3800 3321 3861 ob-

605 3889 1081 3957 servationibus,
1150 3890 1602 3971 hypothesibus,
1651 3890 1914 3965 tabulis,
1984 3892 2464 3972 ephemeridibus
2521 3910 2706 3973 usque
2769 3891 2845 3951 ad
2890 3890 3318 3970 prognostica:

607 3978 814 4040 addidi
865 3977 1334 4056 descriptionem
1381 3999 1552 4041 meae
1601 3978 2078 4055 observationiS,
2128 3983 2328 4043 omnia
2376 3982 2451 4043 ad
2499 4000 2696 4043 meum
2741 3979 3117 4041 commodum
3162 3977 3320 4039 mei-

607 4086 718 4149 que
767 4065 949 4128 officii
1008 4066 1418 4129 fundationem
1479 4068 1686 4131 direxi.
1778 4070 1973 4132 Nemo
2038 4078 2241 4132 tamen
2301 4070 2360 4131 id
2428 4070 2585 4149 quod
2651 4068 2863 4147 scripsi
2925 4064 3094 4128 vidit.
3192 4066 3323 4127 Sed

605 4156 800 4236 major
857 4154 1143 4217 fortassis
1201 4156 1458 4219 audacia
1515 4156 1957 4239 interponentis
2017 4179 2151 4220 sese
2219 4156 2375 4220 inter
2430 4158 2739 4238 opiniones
2796 4154 3109 4217 artificum.
3203 4154 3323 4215 Hic

607 4244 763 4307 enim
809 4260 926 4305 non
971 4249 1244 4315 tantum,
1295 4246 1450 4327 quod
1496 4246 1618 4308 ista
1652 4248 1981 4309 vernacula
2025 4248 2233 4327 lingua
2278 4246 2566 4322 scribam,
2616 4246 2725 4308 sed
2772 4244 2975 4319 etiam,
3028 4243 3185 4324 quod
3230 4243 3325 4304 ita

605 4334 887 4406 seutiam,
935 4330 1272 4395 miraberis.
1364 4335 1624 4396 Feceras
1671 4343 1736 4397 tu
1784 4336 2148 4397 mentionem
2194 4334 2390 4397 obiter
2428 4332 2840 4398 diminuendae
2881 4330 3326 4415 ἔκκεντροτητος

605 4420 866 4497 Solaris,
935 4440 1054 4501 qua
1114 4430 1178 4484 et
1220 4426 1774 4503 προσθαφαιρεσεις
1824 4424 2311 4487 diminuerentur.
2406 4426 2478 4487 Id
2534 4442 2645 4504 ego
2702 4424 2788 4486 uti
2837 4422 3035 4484 obiter
3075 4421 3319 4500 arripui,

605 4512 693 4574 sic
740 4510 926 4574 etiam
973 4508 1170 4575 obiter
1197 4510 1562 4584 confirmavi,
1612 4512 1864 4574 dicendo
1912 4532 1988 4575 ex
2033 4513 2442 4595 magnitudine
2483 4512 2738 4576 aestatis
2768 4530 2884 4573 non
2918 4529 3097 4593 posse
3128 4506 3323 4571 statui

605 4602 680 4662 de
729 4597 1204 4675 eccentricitate,
1252 4606 1502 4679 propter
1549 4602 1890 4681 analogiam
1939 4604 2310 4680 superiorum
2368 4604 2745 4693 planetarum
2794 4601 2853 4661 in
2903 4596 3323 4680 aequantibus,

607 4708 760 4769 quae
807 4686 1012 4768 utique
1061 4689 1247 4751 etiam
1293 4686 1499 4751 Solem
1547 4696 1784 4764 teneat,
1836 4688 1887 4750 si
1934 4690 2201 4753 rationes
2246 4674 2695 4770 philosophicas
2744 4708 3086 4769 sequamur.
3178 4688 3319 4748 Ve-

605 4796 736 4840 rum
785 4779 922 4840 dum
968 4778 1121 4841 bene
1149 4778 1475 4859 perpendo,
1525 4778 1762 4840 invenio
1811 4779 1891 4840 ad
1929 4778 2265 4859 juvandum
2292 4778 2585 4843 calculum
2620 4776 2953 4841 vernalium
2981 4784 3043 4838 et
3072 4784 3317 4839 autum-
