3634 5575
1429 425 1742 492 Anti-alogiae
1781 427 2099 480 certioribus..
2986 411 3137 494 432.-

405 579 663 660 gendain
709 581 1145 645 multitudinem
1193 583 1448 661 omnino¹
1479 591 1609 658 arte
1658 602 1807 664 opus
1854 593 1979 657 est,
2028 591 2093 646 et
2139 583 2477 664 cognitione
2508 605 2711 649 eorum
2758 605 2909 666 quae
2948 605 3115 649 com-

403 667 661 732 muniter
709 671 939 734 animos
985 672 1341 752 percellunt.
1436 673 1647 752 Itaque
1713 672 1903 736 sicubi
1950 690 2163 752 pacem
2220 681 2283 736 et
2338 673 2597 753 quietem
2658 695 2794 736 esse
2841 683 3119 755 praestat

404 764 468 818 et
513 757 732 822 seditio
781 759 966 824 metui
1011 768 1236 840 potest,
1285 769 1614 824 conventus
1659 762 1939 841 Augusto
1988 771 2053 822 et
2097 761 2441 842 Septembri
2486 783 2563 826 ne
2611 765 2784 838 fiant,
2834 771 2940 825 aut
2985 764 3113 825 dis-

402 846 690 926 sipentur,
741 849 856 911 imo
905 869 1126 911 causae
1174 850 1402 913 animos
1451 859 1887 930 exasperantes
1934 858 2167 913 mature
2213 852 2537 927 tollantur3
2596 863 2701 914 aut
2754 854 2998 932 objecta
3052 868 3121 912 re

403 951 562 996 nova
623 938 1028 1017 cogitationes
1094 939 1392 1001 hominum
1459 940 1812 1001 alterentur.
1908 938 2016 1001 Sin
2083 940 2283 1002 audax
2337 940 2581 1019 aliquod
2636 941 2867 1002 facinus
2917 940 3113 1001 susci-

401 1023 702 1102 piendum,
749 1028 908 1106 quod
953 1025 1126 1090 illato
1173 1035 1402 1090 terrore
1449 1028 1876 1090 conficiendum
1925 1027 2021 1098 sit,
2071 1029 2385 1107 Augustus
2434 1038 2786 1110 occupetur3
2834 1029 2928 1091 sin
2977 1029 3113 1090 ani-

402 1129 531 1174 mus
579 1115 761 1176 etiam
809 1116 886 1176 ad
933 1116 1201 1178 laborem
1249 1117 1572 1192 durandus,
1623 1115 1987 1196 September
2032 1125 2186 1178 esto.
2270 1118 2360 1179 At
2406 1118 2459 1178 si
2502 1117 2697 1180 hostis
2746 1118 2837 1178 his
2885 1118 3113 1179 mensi-

400 1201 511 1262 bus
559 1203 782 1283 aliquid
829 1205 1070 1279 audeat,
1121 1206 1450 1269 animorum
1495 1205 1971 1268 consternationi
2018 1205 2509 1268 convenientibus
2554 1206 2835 1269 remediis
2876 1207 3113 1268 obviam

401 1297 592 1353 eatur.
685 1292 842 1354 Esse
909 1295 1063 1356 enim
1129 1295 1279 1356 haec
1342 1294 1524 1356 etiam
1587 1295 1648 1356 in
1711 1301 2021 1373 potestate
2054 1299 2308 1371 'nostr-a,
2377 1297 2671 1375 quomodo
2706 1295 2955 1370 cadant,
3004 1311 3113 1355 nec

401 1377 678 1446 absolute
722 1383 1105 1457 necessaria,
1173 1383 1644 1446 luculentissimo
1703 1384 1981 1463 exemplo
2044 1384 2141 1445 vel
2186 1384 2563 1464 praeteritus
2622 1402 2812 1448 annus
2868 1391 2965 1446 est
3010 1391 3109 1445 te-

399 1476 619 1531 status.
1651 1501 1662 1510 ·
3123 1493 3129 1500 ·

523 1567 530 1574 ’
1462 1559 1613 1622 The
1636 1560 1738 1621 sis
1783 1559 2045 1622 LXXII.

574 1643 808 1707 Deinde
865 1665 1148 1725 magnum
1213 1648 1503 1711 exercitui
1567 1648 1935 1728 praesidium
1999 1653 2097 1708 est
2160 1645 2217 1708 in
2276 1647 2491 1709 fiducia
2555 1657 2617 1710 et
2664 1648 3109 1711 existimatione

405 1731 820 1813 imperatoris;
867 1735 1058 1796 omnis
1108 1737 1262 1798 enim
1311 1737 1567 1800 victoria
1611 1737 1671 1799 in
1719 1737 1901 1800 animi
1945 1738 2175 1817 impetu
2220 1737 2519 1798 consistit.
2582 1739 2671 1798 At
2718 1738 2770 1799 si
2816 1738 2891 1798 ob
2920 1755 3109 1816 gene-

397 1841 536 1884 seos
583 1822 1044 1886 afflictationem
1092 1825 1211 1886 dux
1257 1825 1317 1887 in
1367 1825 1673 1888 contemtu
1719 1821 2029 1888 versatur:
2095 1824 2422 1905 periculum
2468 1845 2576 1906 per
2624 1825 3109 1905 imaginationem

397 1910 456 1974 iu
521 1912 851 1973 exercitum
918 1921 980 1974 et
1037 1914 1337 1976 fortunam
1391 1914 1535 1976 belli
1601 1915 1917 1976 redundat.
2013 1913 2165 1978 Cum
2210 1913 2415 1994 itaque
2470 1915 2576 1976 illa
2615 1919 2675 1992 0‘
2706 1915 2754 1989 Q
2786 1924 2837 1986 ὅ
2880 1915 3109 1976 Polono

397 1997 456 2061 in
505 2007 702 2062 ortum
749 2001 1007 2076 incidat,
1060 2010 1123 2063 et
1169 2001 1332 2066 Solis
1397 2003 1640 2084 eclipsis
1686 2003 1746 2065 in
1792 2003 2109 2066 Moscovia
2168 2009 2229 2064 et
2274 2003 2526 2064 Polonia
2583 2005 2845 2066 maxima
2910 2002 3107 2078 fuerit,

398 2096 463 2151 et
507 2088 728 2152 bellum
766 2089 898 2168 jam
945 2090 1047 2152 sit'
1081 2090 1193 2162 ibi,
1257 2097 1406 2171 puto
1464 2093 1697 2155 cladem
1752 2091 1841 2154 illi
1886 2091 2251 2172 significari·
2318 2090 2417 2171 qui
2482 2092 2533 2153 si
2598 2093 2751 2154 hanc
2816 2110 3109 2172 geneseos

397 2177 870 2240 stimulationem
916 2179 975 2241 in
1024 2179 1436 2243 fortitudinem
1484 2188 1714 2256 vertat,
1761 2181 1997 2244 cladem
2045 2181 2173 2260 ipse
2221 2179 2477 2242 inferet.
2544 2180 2635 2242 sin
2693 2201 2815 2262 pax
2878 2181 3109 2242 interea

395 2267 566 2328 firma
611 2267 935 2344 coalescat,
983 2270 1162 2348 plane
1211 2269 1435 2332 nullum
1485 2277 1582 2332 est
1624 2269 1951 2352 periculum
1998 2289 2073 2330 ex
2120 2268 2249 2330 solo
2298 2269 2487 2331 coelo.

1457 2359 1720 2422 Thesis
1765 2358 2057 2420 LXXIII.

572 2442 777 2505 Tertio
843 2451 906 2504 et
961 2452 1228 2507 nostram
1292 2448 1554 2526 patriam
1619 2447 1824 2526 signat
1896 2447 2003 2509 illa
2066 2447 2195 2527 jam
2272 2445 2437 2507 dicta
2510 2445 2877 2524 conjunctio,
2954 2465 3109 2526 quae

396 2549 528 2592 cum
576 2531 662 2593 sit
705 2532 1178 2611 spaciosissima,
1218 2534 1347 2614 jam
1395 2555 1512 2598 non
1559 2537 1821 2604 coelum,
1888 2537 1995 2597 sed
2061 2553 2281 2597 causae
2330 2533 2683 2596 sublunares
2729 2543 2930 2596 certas
2978 2535 3108 2612 ejus

392 2627 601 2699 partes
651 2619 913 2700 signant.
1009 2621 1167 2684 Nam
1235 2624 1351 2686 etsi
1399 2623 1508 2688 Sol
1573 2625 1853 2688 universa
1908 2632 2223 2687 contuetur
2287 2631 2348 2684 et
2404 2621 2666 2696 calfacit,
2728 2643 2841 2683 non
2892 2623 3106 2702 ubique

397 2717 597 2771 tamen
646 2710 814 2771 olera
859 2711 1155 2790 producit,
1207 2731 1315 2774 nec
1362 2714 1478 2776 nisi
1525 2714 1625 2778 ubi
1671 2713 1971 2776 seminata
2018 2721 2179 2774 sunt.
2236 2712 2529 2774 Attamen
2580 2712 2654 2773 ob
2704 2713 2926 2773 Terrae
2973 2730 3105 2773 mo-

395 2806 557 2873 tum,
629 2806 692 2860 et
753 2818 1040 2877 geneses,
1111 2810 1173 2863 et
1232 2802 1480 2883 eclipsin
1530 2802 1722 2878 Solis,
1787 2822 1940 2883 quae
1990 2802 2172 2865 Gallo
2220 2809 2285 2864 et
2328 2801 2656 2881 Hispaniae
2707 2802 2898 2863 locum
2945 2800 3109 2862 Solis

393 2887 669 2967 attingit,
718 2888 1106 2967 peculiariter
1152 2891 1372 2971 aliquid
1423 2893 1496 2953 de
1544 2892 1796 2965 Suevia,
1848 2890 2160 2963 Helvetia,
2228 2890 2501 2952 Insubria
2547 2898 2611 2952 et
2656 2890 2853 2951 vicina
2901 2887 3109 2952 Gallia

391 2974 863 3055 expectabimus·
1728 3047 1752 3061 f

1497 3068 1641 3130 The
1658 3068 1760 3130 sis
1807 3066 2100 3130 LXXIV.

571 3148 866 3214 Sextilem
913 3152 1097 3228 illum,
1148 3160 1216 3216 ut
1261 3163 1326 3217 et
1371 3158 1432 3233 ό
1457 3156 1518 3232 ‘ll
1549 3165 1600 3227 (ς
1645 3156 1782 3218 ideo
1831 3156 2066 3232 addidi,
2128 3156 2267 3237 quia
2312 3172 2567 3235 geneses
2615 3156 2909 3233 quasdam
2954 3157 3108 3217 πολι-

393 3258 646 3311 τευεσας
691 3242 975 3303 attinent.
1083 3242 1278 3306 Erunt
1341 3245 1548 3325 itaque
1615 3264 1905 3325 operosae
1969 3246 2079 3305 boc
2138 3264 2323 3318 anno;
2392 3239 2645 3304 feliciter
2706 3265 2781 3305 an
2842 3244 3105 3306 infauste

393 3329 564 3407 (post
607 3330 832 3404 Deum)
880 3349 1066 3410 penes
1113 3332 1376 3411 ipsarum
1423 3334 1734 3395 arbitrium
1803 3341 1918 3396 est.
2012 3333 2305 3395 Fervidus
2370 3341 2573 3393 tamen
2629 3333 2880 3411 planeta
2936 3332 3107 3395 Mars

391 3426 694 3493 naturam,
757 3418 810 3479 si
857 3439 972 3482 nou
1019 3420 1339 3484 admodum
1388 3423 1561 3485 fortis
1610 3430 1732 3497 est,
1783 3423 2079 3485 afflictare
2124 3421 2349 3501 possit,
2418 3438 2549 3480 cum
2598 3420 2697 3482 diu
2745 3423 2803 3483 in
2852 3422 3125 3501 Virgine.

391 3506 757 3582 obambulet,
809 3516 873 3570 et
915 3528 1120 3571 mense
1159 3510 1386 3572 Martio
1434 3510 1563 3573 Soli
1611 3510 1885 3590 objectus
1935 3510 2201 3572 natalem
2248 3509 2516 3570 infestet.

1221 3662 1224 3665 ,
1464 3600 1724 3661 Thesis
1770 3600 2032 3661 LXXV.

569 3680 711 3746 Scio
735 3685 929 3748 solere
978 3686 1321 3789 astrologos
1345 3707 1419 3749 ex
1439 3688 1856 3767 conjunctione
1876 3688 2049 3750 Jovis
2070 3692 2135 3747 et
2164 3684 2404 3761 Martis,
2456 3704 2614 3765 quae
2649 3684 2705 3746 in
2746 3682 3105 3749 17⁰Librae

391 3770 620 3847 incidit,
669 3783 927 3836 mortem
973 3775 1220 3856 egregio
1269 3776 1448 3839 alicui
1494 3777 1638 3839 belli
1686 3776 1821 3839 duci
1866 3774 2231 3856 praedicere,
2280 3774 2637 3876 praesertim
2678 3774 2731 3835 si
2761 3774 2893 3856 quis
2922 3795 3102 3855 prae-

260 3864 271 3871 ’
387 3858 623 3943 cipuum
673 3862 932 3941 aliquem
979 3864 1175 3927 locum
1220 3883 1551 3945 geneseos
1541 3866 1644 3929 ibi
1690 3866 1937 3927 habeat.
2031 3864 2101 3927 Id
2156 3882 2227 3923 ne
2295 3864 2354 3924 in
2403 3863 2760 3925 calumniam
2809 3865 3102 3939 trahatur,

391 3949 563 4031 quasi
609 3952 840 4014 coelum
886 3952 1191 4015 conditum
1239 3954 1477 4017 dicatur
1521 3956 1598 4017 ad
1646 3954 2075 4016 interimendos
2132 3952 2437 4026 homineS,
2508 3952 2686 4013 aliter
2752 3960 2886 4015 est
2905 3954 3102 4033 expli-

389 4040 666 4102 candum.
765 4036 997 4103 Sensus
1045 4044 1202 4104 enim
1248 4062 1462 4105 revera
1507 4044 1602 4105 hic
1651 4052 1778 4106 est:
1831 4044 1989 4124 quod
2036 4048 2105 4103 ut
2152 4048 2436 4120 aspectus
2482 4042 2577 4103 hic
2624 4060 2733 4121 per
2771 4062 2837 4103 se
2892 4042 3104 4121 igneus

391 4135 452 4188 et
499 4130 794 4191 clarorum
839 4130 1218 4209 planetarum
1265 4138 1400 4205 est,
1447 4132 1538 4194 ita
1585 4132 1958 4212 experientia
2003 4138 2297 4203 testatur,
2366 4138 2431 4191 et
2475 4130 2809 4192 illustribus
2860 4130 3104 4192 familiis

321 4291 330 4295 -
390 4236 524 4279 esse
573 4218 954 4295 familiarem.
1047 4220 1138 4282 At
1185 4240 1316 4282 cum
1363 4221 1554 4283 omnis
1602 4221 1728 4283 fere
1775 4220 2042 4301 corporis
2097 4220 2207 4280 vel·
2244 4219 2424 4281 animi
2480 4219 2801 4281 commotio
2858 4227 2965 4281 aut
3028 4219 3104 4281 ad

388 4325 610 4369 novum
655 4316 884 4371 statum
929 4309 1231 4371 traductio
1281 4317 1421 4371 tunc
1467 4310 1611 4385 fiat,
1679 4328 1810 4371 cum
1867 4308 2076 4389 genesi
2141 4307 2371 4368 coelum
2426 4308 2752 4388 respondet
2810 4307 2998 4389 (quod
3043 4309 3101 4371 in

386 4398 679 4479 partubus
725 4397 1048 4478 praecipue
1097 4399 1417 4480 apparet),
1459 4400 1527 4460 fit
1575 4406 1642 4461 ut
1684 4399 2033 4479 plerumque
2064 4396 2248 4477 aliqui
2294 4395 2563 4458 illustres
2594 4396 2705 4457 sub
2744 4396 2852 4459 hos
2884 4416 3102 4477 aspec-

388 4495 488 4548 tus
535 4493 600 4548 et
646 4484 872 4549 similes
920 4506 1056 4547 sese
1104 4494 1546 4563 commoveant,
1616 4505 1749 4549 cum
1804 4486 1865 4547 in
1914 4493 2091 4547 tanta
2135 4484 2513 4547 multitudine
2562 4484 2743 4564 aliqui
2792 4486 2903 4547 sub
2952 4486 3103 4547 tali-

388 4575 500 4637 bus
546 4583 612 4659 et
653 4576 786 4638 nati
834 4575 974 4638 sint.
1067 4576 1184 4638 Illa
1229 4594 1372 4639 vero
1420 4577 1741 4639 commotio
1788 4572 1875 4636 uti
1925 4573 2079 4636 male
2138 4572 2452 4651 dispositis
2509 4573 2795 4652 subjectis
2852 4573 2911 4635 in
2958 4593 3099 4653 per-

387 4664 604 4726 niciem
640 4664 822 4739 cedit,
871 4664 962 4727 ita
1006 4664 1314 4741 firmiores,
1364 4664 1462 4727 vel
1509 4665 1737 4727 aetatis
1783 4664 1881 4725 vel
1909 4662 2275 4725 valetudinis
2313 4658 2566 4736 ratione,
2610 4661 2686 4721 ad
2716 4682 2812 4724 res
2850 4682 3121 4743 magnas,

387 4752 626 4816 evehit.
677 4772 924 4835 quarum
969 4759 1284 4835 utrumque
1332 4754 1392 4816 in
1441 4753 1698 4816 diversis
1745 4752 1931 4815 etiam
1976 4754 2091 4816 hoc
2138 4770 2323 4827 anno,
2390 4752 2498 4813 sed
2554 4750 2720 4814 nulla
2763 4752 2943 4833 plane
2990 4771 3101 4813 ne-

387 4841 697 4918 cessitate,
743 4840 872 4904 fieri
915 4848 1143 4922 potest.
