3634 5575
1509 370 1833 427 Prooemium.
1854 381 1864 391 '
2936 364 3023 435 23

323 529 459 579 enim
493 544 710 595 unquam
747 531 984 597 cogitare,
1021 532 1201 583 nedum
1238 538 1434 584 tentare
1470 547 1618 586 ausus
1655 532 1747 585 init
1762 570 1776 593 ,
1813 548 1869 584 se
1906 530 2225 597 sphaerarum
2259 531 2425 583 mundi
2463 541 2745 586 numerum,
2784 528 3044 589 ordinent..

319 600 718 667 magnitudinem
735 638 750 660 ,
795 608 980 652 motum
997 639 1012 661 ,
1066 605 1166 654 sive
1202 605 1474 655 secundum
1507 607 1749 667 usitatas,
1798 606 1900 657 sive
1938 604 2061 653 alias
2098 618 2413 667 quascunque
2460 603 2771 666 hypotheses·
2804 616 2838 652 a
2880 602 3024 667 priori

324 672 506 721 docere
523 707 538 729 ,
576 674 1053 725 rationem-reddere
1069 712 1083 736 ,
1123 675 1345 740 adeoque
1383 679 1524 741 quasi
1563 693 1622 727 ex
1659 690 1844 727 arcano
1880 676 1979 726 Dei
2015 676 2249 726 creatoris
2284 674 2485 725 consilio
2524 675 2805 739 depromere
2842 671 3024 737 posse?

321 742 437 793 Hoc
473 750 640 794 autem
675 744 729 795 K
745 743 1060 809 epplerus
1098 753 1150 798 et
1187 762 1449 813 aggressus
1485 746 1579 806 est,
1619 754 1672 799 et
1705 749 1914 799 feliciter
1946 748 2209 812 praestitit.
2280 746 2391 809 Ipse
2429 748 2558 796 enim
2592 746 2776 809 primus
2812 748 2905 797 est.
2942 744 3025 807 qni

324 814 688 873 animadvertit,
726 817 854 881 quod
892 816 1160 868 distantiae
1193 819 1508 883 planetarum
1546 834 1579 870 a
1611 834 1666 869 se
1701 827 1890 875 mutuo,
1927 834 2049 884 quas
2088 818 2447 867 astronomicae
2484 815 2927 869 demonstrationes
2964 828 3025 864 ex

327 884 743 937 observationibus
768 888 1128 951 patefecerunt,
1165 906 1264 939 non
1295 890 1490 953 quidem
1520 892 1570 940 in
1607 892 1802 942 usitatis
1838 888 2186 954 hypothesibus
2224 886 2300 949 (in
2337 890 2407 937 eis
2446 891 2575 939 enim
2610 885 2731 936 nihil
2766 886 2871 937 tale
2908 900 3018 949 spe-

327 956 426 1006 rari
458 954 663 1021 potest),
701 958 788 1009 sed
825 960 1093 1010 secundum
1132 960 1470 1024 Copernicum‚
1507 968 1654 1012 tanta
1690 961 1952 1012 intervalla
1985 961 2229 1021 habeant,
2268 965 2457 1024 quanta
2490 960 2543 1009 in
2578 959 2789 1023 quinque
2825 957 3022 1023 regula-

325 1028 456 1078 ribus
493 1030 772 1093 corporibus
807 1034 1120 1095 geometricis
1157 1034 1286 1082 inter
1321 1032 1558 1096 sphaeras
1594 1034 1857 1096 inscriptas
1904 1040 1957 1083 et
2003 1032 2394 1095 circumscriptas
2428 1030 2707 1081 intervenit.
2770 1027 2889 1079 -Nec
2928 1034 3023 1085 est,

329 1106 388 1149 ut
422 1100 527 1165 quis
562 1100 868 1153 absurditate
901 1101 1273 1167 hypothesium,
1321 1104 1383 1155 de
1419 1120 1518 1169 qua
1554 1105 1855 1169 Copernicus
1892 1120 1925 1155 a
1959 1104 2125 1153 multis
2162 1109 2455 1160 accusatur,
2505 1100 2809 1158 offendatur,
2858 1100 3023 1151 existi-

327 1185 498 1229 mans,
537 1172 664 1235 quod
702 1188 762 1223 ex
797 1173 922 1226 falso
959 1190 1151 1247 quoque
1187 1190 1354 1225 verum
1389 1178 1526 1240 sequi
1561 1178 1716 1240 possit
1751 1182 1849 1226 etc.
1923 1176 2055 1227 Nam
2092 1177 2187 1225 etsi
2221 1174 2272 1224 id
2308 1174 2422 1231 fiat,
2458 1188 2548 1238 per
2586 1172 2817 1223 accidens
2853 1177 3024 1221 tamen

326 1248 384 1293 et
411 1256 524 1293 raro
559 1250 754 1295 tantum
789 1245 862 1303 fit,
901 1250 954 1296 et
978 1248 1030 1297 in
1053 1260 1312 1312 progressu
1337 1247 1806 1299 demonstrationum
1834 1254 2003 1299 cetera
2034 1257 2136 1297 non
2171 1246 2315 1296 aliter
2350 1259 2497 1309 quam
2524 1244 2703 1309 paleae
2738 1242 3020 1295 cohaerent.

327 1314 396 1363 At
426 1313 510 1363 hic
534 1315 701 1365 omnia
733 1318 988 1381 aptissimo
1023 1318 1192 1369 ordine
1227 1318 1674 1384 perfectissimeque
1701 1334 1926 1369 connexu
1950 1318 2185 1383 colligata
2208 1323 2339 1373 sunt,
2376 1322 2433 1366 ut
2467 1331 2531 1366 ne
2567 1316 2822 1365 minimum
2858 1318 3025 1364 eorum

327 1384 430 1434 tolli
447 1419 462 1441 ,
498 1385 576 1435 vel
611 1389 864 1451 transponi
879 1423 894 1445 ,
950 1389 1027 1439 vel
1061 1390 1232 1439 leviter
1275 1390 1456 1440 mutari
1502 1391 1686 1455 absque
1723 1392 2007 1441 confusione
2046 1394 2097 1441 et
2133 1390 2383 1439 eversione
2418 1390 2569 1459 totius
2603 1386 2817 1437 universi
2852 1386 3023 1449 possit.

324 1452 433 1506 Hoc
472 1470 588 1521 ergo
626 1458 719 1507 ceu'
755 1459 1076 1510 fundamento
1113 1474 1148 1510 a
1179 1461 1326 1525 priori
1362 1461 1496 1521 dato,
1536 1462 1735 1511 dubium
1767 1477 1871 1511 non
1908 1467 1985 1510 est
1998 1497 2012 1517 ,
2063 1461 2177 1524 quin
2190 1496 2204 1517 ,
2255 1461 2337 1523 qui
2372 1459 2736 1509 observationes
2772 1456 3025 1523 colligunt,

323 1528 424 1577 von·
480 1528 558 1577 sui
607 1528 672 1579 ad
723 1531 1056 1581 reformandos
1112 1540 1272 1581 motus
1318 1546 1574 1597 corporum
1621 1532 1909 1584 coelestium
1958 1532 2295 1595 adjumentum
2344 1532 2613 1581 maximnm
2660 1530 2771 1579 sint-
2792 1526 3025 1579 habituri.

321 1598 440 1650 Jam
477 1600 608 1650 enim
637 1614 758 1658 non,
795 1608 854 1651 ut
890 1610 1042 1653 antea
1066 1602 1400 1675 Ptolemaeus,
1439 1606 1521 1669 qui
1553 1606 1606 1655 in
1642 1603 1991 1668 hypothesibus
2027 1603 2223 1653 usitatis
2258 1601 2381 1653 nihil
2416 1601 2519 1651 tale
2554 1606 2810 1665 praestare
2845 1598 3022 1665 potuit,

322 1684 434 1731 nec,
473 1676 532 1721 ut
557 1670 871 1735 Copernicus,
911 1673 988 1723 cui
1011 1672 1106 1724 hoc
1129 1689 1228 1723 non
1254 1676 1482 1733 suboluit‚
1519 1676 1685 1739 facere
1723 1676 1981 1739 oportebit,
2018 1679 2074 1723 ut
2108 1673 2426 1737 sphaerarum
2452 1672 2779 1723 dimensiones
2803 1684 2835 1720 a
2858 1675 3021 1737 poste-

323 1742 465 1799 riori,
514 1740 610 1793 hoc
647 1750 724 1793 est
759 1758 820 1793 ex
855 1741 1274 1796 observationibus
1312 1744 1542 1812 (quarum
1576 1748 1763 1797 multae
1801 1747 1925 1796 satis
1971 1759 2196 1803 crassae,
2248 1760 2311 1795 ne
2344 1744 2521 1816 ‚dicam
2558 1744 2736 1805 dubiae
2771 1738 2911 1804 sunt)
2946 1742 3022 1789 in-

327 1814 656 1879 vestigentur:
695 1814 936 1879 siqnidem
971 1830 1062 1866 eae
1101 1830 1135 1867 a
1167 1818 1316 1882 priori
1352 1819 1584 1883 cognitae
1621 1818 2037 1867 observationibus
2074 1816 2459 1873 adhibebuntur,
2496 1815 2628 1865 unde
2663 1812 2881 1864 calculus
2916 1826 3019 1861 mo-

327 1889 464 1935 tuum
499 1884 654 1935 multo
689 1886 878 1937 felicius
915 1892 1180 1938 extruetur.
1251 1888 1332 1939 De
1363 1891 1587 1952 jncunda
1623 1896 1676 1940 et
1718 1890 2005 1956 gratissima
2048 1888 2411 1952 speculatione,
2458 1901 2587 1952 quae
2630 1885 2769 1937 inde·
2792 1885 3023 1941 oboritur,

327 1956 394 2005 nil
427 1955 511 2008 hic
547 1957 812 2009 dicendum
845 1964 980 2021 puto.
1035 1959 1106 2023 Ut
1141 1964 1310 2011 autem
1345 1976 1448 2011 rem
1483 1961 1642 2026 ipsam
1677 1962 2009 2024 maximopere
2046 1959 2487 2011 commendandam
2522 1962 2657 2022 puto,
2696 1958 2771 2009 ita
2802 1957 2855 2006 in
2892 1960 3022 2010 trac-

328 2028 514 2077 tatione
551 2028 772 2079 nonnihil
811 2029 1032 2081 desidero
1049 2043 1061 2079 :
1077 2088 1082 2093 ,
1099 2032 1331 2084 videlicet
1365 2036 1472 2095 eius
1503 2034 1708 2085 nimiam
1743 2033 2095 2083 obscuritatem
2130 2038 2182 2082 et
2215 2030 2603 2096 perplexitatem.
2660 2026 2885 2092 'Scripsit
2920 2024 3022 2076 Do·

327 2100 486 2149 minus
507 2098 755 2163 Keplerus
779 2100 912 2151 hunc
933 2099 1168 2159 libellum,
1181 2104 1288 2168 ,qui
1310 2105 1478 2161 multis
1503 2105 1921 2161 meditationibus,
1958 2110 2017 2154 ut
2050 2105 2121 2152 vir
2156 2102 2466 2153 doctissimus
2502 2106 2554 2150 et
2588 2099 3021 2165 ingeniosissimus,

331 2176 485 2220 totum
520 2172 773 2236 negotium
802 2172 896 2221 sibi
920 2172 1132 2235 reddidit
1155 2175 1492 2239 notissimum:
1529 2178 1741 2227 inde·ex
1777 2191 1865 2226 suo
1900 2176 2099 2240 ingenio
2137 2174 2198 2225 de
2235 2174 2345 2223 aliis
2376 2172 2572 2236 judicat
2604 2171 2843 2227 similiter,
2862 2169 3022 2234 ’quasi

327 2242 558 2305 scriptum
591 2241 684 2293 hoc
720 2257 864 2293 suum
898 2244 1198 2297 solummodo
1232 2248 1286 2297 in
1323 2262 1490 2297 eorum
1526 2234 1703 2299 manus
1737 2253 2081 2311 perventurum
2116 2247 2195 2306 sit,
2234 2244 2408 2310 quibus
2432 2258 2603 2295 omnes
2638 2244 2793 2293 etiam
2830 2242 3021 2291 abstru-

330 2313 550 2365 sissimae
575 2309 834 2379 Copernici
863 2316 1306 2369 demonstrationes
1342 2319 1628 2370 notissimae
1663 2320 1788 2369 sint:
1830 2318 1969 2374 item,
2004 2318 2175 2383 quibus
2213 2331 2383 2367 omues
2418 2324 2692 2379 corporum·
2707 2312 3021 2379 regularium,

331 2384 459 2441 cubi,
490 2385 774 2449 pyramidis,
813 2387 1124 2447 dodeosedri,
1161 2390 1423 2447 icosaedri,
1462 2398 1514 2441 et
1536 2390 1758 2441 octaedri
1781 2390 2107 2453 proprietates
2130 2394 2184 2438 et
2220 2387 2549 2437 dimensiones
2586 2400 2646 2437 ex
2682 2383 3024 2449 posterioribus

329 2454 541 2506 Euclidis
564 2456 699 2507 libris
723 2460 824 2507 sint
845 2461 1303 2525 perspectissimae;
1335 2460 1546 2525 ideoque
1574 2460 1831 2526 Copernici
1854 2461 2154 2510 sententiam
2180 2460 2241 2509 de
2266 2456 2434 2508 ordine
2460 2456 2794 2521 sphaerarum,
2829 2468 3021 2505 earum-

329 2542 424 2593 que
462 2526 783 2579 dimensiones
800 2564 814 2586 ,
853 2531 972 2579 item
1008 2530 1070 2581 de
1107 2532 1385 2595 corporibus
1421 2532 1725 2597 regularibus
1762 2532 2172 2597 disquisitionem,
2225 2529 2359 2579 velut
2392 2544 2471 2578 res
2508 2528 2731 2581 omnibus
2768 2526 2934 2577 obvias
2972 2531 3025 2574 et

325 2603 490 2655 notas,
523 2598 598 2649 vel
637 2602 820 2651 omittit
834 2637 849 2659 ,
886 2601 962 2651 vel
999 2604 1144 2653 nimis
1181 2605 1376 2653 concise
1411 2605 1565 2667 ponit.
1640 2602 1829 2653 Veruui
1860 2617 1939 2653 res
1974 2603 2123 2667 longe
2159 2602 2303 2651 aliter
2336 2599 2505 2651 habet.
2578 2597 2713 2648 Nam
2746 2598 2829 2663 qui
2865 2597 3018 2661 κήρ-

325 2676 432 2719 tum
465 2668 558 2721 hoc
592 2671 767 2721 lecturi
801 2677 946 2729 sunt,
999 2680 1057 2723 ut
1091 2688 1200 2724 sese
1237 2674 1456 2724 novitate
1493 2676 1764 2733 oblectent,
1805 2688 1973 2727 eorum
2007 2688 2108 2722 uon
2141 2673 2293 2736 pauci
2330 2670 2437 2723 aliis
2474 2670 2649 2721 studiis
2665 2702 2680 2728 ,
2734 2676 2822 2721 aut
2858 2668 3023 2719 arduis

329 2741 542 2808 negotiis
574 2742 744 2802 dedin‘,
781 2748 976 2796 tantum
1014 2746 1099 2794 otii
1137 2747 1228 2798 sibi
1262 2752 1455 2796 sumere
1489 2760 1590 2796 non
1625 2752 1859 2814 possunt,
1896 2750 1955 2796 ut
1970 2780 1985 2804 ,
2023 2742 2116 2795 etsi
2153 2749 2206 2796 et
2242 2742 2537 2810 Copernicus
2574 2747 2627 2794 et
2661 2740 2889 2793 Euclides
2924 2740 3025 2792 sint

328 2812 393 2862 ad
432 2827 620 2870 manus,
659 2829 736 2876 ea,
776 2830 903 2879 quae
939 2816 1056 2866 inde
1089 2819 1342 2882 praescitu
1375 2819 1660 2868 necessaria
1694 2824 1840 2874 sunt,
1880 2817 1944 2867 ad
1980 2815 2185 2866 solidum
2220 2815 2461 2879 inquirere
2497 2815 2659 2864 sciant
2696 2819 2784 2863 aut
2819 2813 3029 2878 possint„

329 2883 464 2944 Quin
499 2886 648 2935 etism
684 2887 750 2942 ii,
785 2888 869 2950 qui
907 2885 1161 2950 Copernici
1198 2885 1388 2952 scripta‘
1418 2895 1541 2938 nota
1574 2887 1760 2940 habent
1774 2925 1788 2946 ,
1828 2895 1882 2938 et
1914 2889 1995 2952 qui
2030 2890 2082 2936 in
2118 2886 2365 2937 Euclideis
2401 2884 2808 2950 propositionibus
2843 2884 3024 2934 versati

324 2961 460 3014 sunt,
495 2969 594 3005 non
627 2963 799 3008 tamen
831 2961 946 3008 mox‘
979 2961 1034 3008 in
1067 2967 1261 3024 promtu
1296 2960 1484 3012 habent
1520 2975 1598 3021 ea,
1639 2961 1704 3012 ad
1739 2974 1868 3025 quae
1903 2959 1985 3010 hic
2021 2957 2269 3008 alluditur.

469 3024 634 3088 Quare
669 3031 776 3080 sine
811 3030 974 3080 fructu
1009 3031 1102 3080 hoc
1137 3034 1370 3095 scriptum
1409 3031 1476 3082 ad
1509 3031 1705 3089 multos,
1741 3030 1861 3082 licet
1882 3030 2245 3086 mathematum
2267 3029 2589 3087 amantissimi
2628 3028 2729 3078 sint
2764 3024 2850 3089 (de
2886 3027 3022 3078 soilis

325 3112 425 3148 non
460 3095 674 3164 loquor),
711 3101 978 3164 perveniet.
1052 3103 1288 3153 Existimo
1324 3104 1475 3168 igitur
1490 3139 1504 3160 ,
1542 3105 1584 3152 si
1619 3102 1684 3151 D.
1723 3103 2001 3166 Kepplerus
2037 3108 2295 3152 moneatur
2310 3136 2323 3159 ,
2373 3105 2431 3149 ut
2465 3099 2558 3149 hoc
2596 3112 2738 3150 suum
2772 3097 3023 3149 laudabile

325 3175 380 3218 et
413 3169 574 3232 nobile
609 3172 860 3222 inventum
895 3172 1043 3236 paulo
1080 3173 1338 3224 dilucidius
1376 3180 1428 3224 et
1461 3173 1742 3237 popularius
1777 3179 2034 3237 proponat,
2072 3173 2203 3238 quod
2236 3172 2403 3221 forsan
2439 3169 2547 3222 fieri
2582 3175 2766 3234 posset,
2803 3171 2845 3218 si
2878 3183 3021 3233 prae·

325 3240 546 3291 mitteret
580 3237 838 3308 (scriptum
875 3245 1006 3294 enim
1039 3247 1197 3308 ipsum
1235 3253 1312 3296 est
1345 3235 1661 3312 daswoelov)
1707 3247 1957 3296 narrative
1993 3244 2345 3309 expositionem
2378 3242 2649 3307 planiorem
2683 3240 3023 3304 hypothesium

327 3310 616 3375 Gopernici:
649 3315 694 3364 si
729 3315 908 3366 recitet
943 3315 1262 3378 sphaerarum
1281 3318 1518 3366 ‘ordinem
1555 3310 1623 3366 et'
1642 3317 1995 3366 dimensionem
2010 3352 2025 3372 ,
2064 3321 2209 3380 atque
2245 3315 2435 3365 indicet
2464 3313 2579 3364 loca
2592 3349 2606 3370 ,
2644 3312 2817 3378 quibus
2852 3325 3023 3362 earum

323 3383 560 3434 dimensio
599 3397 631 3434 a
665 3384 935 3450 Copernico
971 3389 1182 3439 traditur
1196 3423 1210 3446 ,
1259 3388 1476 3438 adhibito
1513 3389 1658 3440 simul
1693 3389 1947 3438 schemate
1986 3393 2036 3436 et
2070 3387 2314 3444 numeris;
2362 3387 2480 3450 quia
2514 3387 2619 3434 sine
2655 3382 2909 3433 schemate
2942 3398 3021 3432 res

322 3455 540 3518 profecto
568 3455 910 3508 obscurissima
934 3464 1038 3515 est;
1077 3466 1242 3522 posset
1279 3465 1445 3510 autem
1480 3459 1684 3510 schema
1719 3459 1812 3508 vile
1850 3463 1902 3509 et
1937 3457 2289 3522 qualecunque*
2312 3455 2433 3516 fieri,
2470 3455 2616 3521 quale
2652 3459 2728 3504 est
2762 3455 2813 3503 in
2839 3440 3019 3518 Copor-

320 3527 464 3584 nico,
516 3527 645 3591 quod
676 3534 730 3578 et
763 3529 922 3592 ipsum
957 3531 1079 3580 satis
1114 3531 1236 3581 rude
1274 3535 1376 3585 est,
1431 3532 1622 3581 intento
1670 3537 1840 3580 tamen
1890 3532 1994 3594 ejus
2042 3529 2313 3578 satisfacit.-
2376 3527 2570 3578 Deinde
2607 3528 2649 3576 si
2682 3527 3023 3590 praemitteret

323 3595 589 3662 aliqualem
627 3599 995 3664 explicationem
1031 3603 1420 3666 praecipuarum·
1439 3603 1794 3666 proprietatum
1840 3595 2099 3665 (quantum
2136 3599 2203 3650 ad
2236 3613 2468 3664 praesens
2504 3599 2781 3648 institutum
2816 3611 3021 3648 necesse

321 3664 422 3730 est)
459 3669 752 3734 regularium
789 3685 1058 3736 corporum,
1097 3688 1206 3723 cum
1245 3674 1707 3724 commonstratione
1745 3671 1922 3722 calculi
1954 3671 2245 3721 numerandi
2278 3671 2668 3720 semidiametros
2704 3668 3019 3732 sphaerarum

323 3739 795 3806 circumscriptarum
833 3749 885 3793 et
919 3745 1278 3810 inscriptamm.
1355 3743 1463 3794 Hoc
1500 3745 1630 3794 enim
1667 3743 1760 3793 nisi
1795 3743 1911 3800 fiat,
1949 3757 2027 3792 res
2061 3743 2279 3808 profecto
2317 3743 2447 3791 omni
2484 3741 2594 3790 luce
2631 3740 2806 3789 orbata
2842 3745 2932 3790 est.

463 3809 730 3864 Praeterea
764 3815 816 3864 in
854 3817 1028 3866 ceteris
1055 3817 1207 3866 etiam
1230 3817 1404 3879 majori
1425 3815 1764 3881 perspicuitati
1789 3814 2022 3884 studeret.
2078 3811 2259 3864 Lector
2295 3813 2425 3864 enim
2462 3817 2682 3862 attentus
2720 3811 3018 3861 obscuritate

322 3888 376 3932 et
407 3883 730 3946 perplexitate
765 3900 863 3934 non
901 3885 1221 3938 offendendus
1259 3894 1359 3945 est,
1405 3888 1494 3938 sed
1527 3887 1879 3955 perspicuitate
1928 3892 1978 3936 et
2012 3886 2165 3951 plana
2202 3889 2348 3950 atque
2386 3891 2559 3948 aperta
2594 3885 2896 3932 tractatione
2930 3895 3015 3932 ex-

321 3954 551 4004 citandus
589 3961 642 4006 et
672 3957 951 4008 invitandus
988 3965 1079 4008 est.
1152 3959 1264 4009 Hae
1311 3959 1441 4009 enim
1486 3965 1604 4010 sunt
1647 3957 1856 4009 deliciae
1902 3963 1953 4008 et
2000 3957 2228 4007 lautitiae
2244 3993 2258 4014 ,
2316 3970 2437 4022 quas
2483 3955 2547 4005 D.
2586 3953 2863 4018 Kepplerus
2912 3954 3017 4018 ipse

319 4027 468 4076 unice
503 4029 776 4092 propositas
813 4035 970 4093 optat,
1005 4029 1178 4094 quibus
1215 4045 1313 4080 non
1349 4036 1458 4081 tota
1491 4044 1690 4089 mensa,
1729 4045 1843 4081 cum
1879 4029 2100 4078 omnibus
2136 4029 2187 4076 in
2223 4030 2501 4078 universum
2536 4023 2731 4076 ferculis
2768 4031 3017 4082 contecta,
3038 4097 3050 4110 “

323 4095 574 4220 lanugine
609 4171 651 4219 si
686 4169 874 4228 fecerit,
911 4185 1010 4221 non
1048 4172 1230 4234 dubito,
1269 4173 1385 4238 quin
1422 4174 1526 4237 ipse
1565 4171 1758 4224 abunde
1783 4171 1883 4221 voti
1912 4173 1988 4222 sui
2014 4183 2210 4235 compos
2232 4169 2441 4228 futurus,
2476 4129 2753 4232 multusque
2788 4167 2855 4218 ad
2886 4178 3014 4217 rem-

315 4239 568 4304 publicam
601 4242 1004 4293 mathematicam
1040 4243 1227 4294 fructus
1261 4245 1503 4294 rediturus
1541 4245 1621 4294 sit.
1665 4265 1735 4276 —

329 4309 752 4434 159011ζῦΞέ
753 4313 1053 4436 &adligari-‘⁴
1094 4315 1366 4365 transmisit
1389 4315 1604 4380 Keplero
1627 4313 1916 4365 Matthaeus
1950 4311 2319 4364 Hafenret’fe
2330 4327 2429 4362 rus
2456 4306 2529 4374 ²⁰)
2568 4309 2646 4364 die
2672 4307 2703 4359 6
2742 4305 2859 4373 (16)
2884 4307 3019 4360 Junii

463 4418 760 4509 ’Venerando
798 4463 849 4507 et
885 4422 1161 4508 doctissime
1197 4458 1285 4516 vir,
1324 4457 1516 4508 domiue
1551 4458 1706 4508 frater
1741 4457 1960 4508 colende.
2018 4457 2091 4506 Ex
2120 4455 2317 4508 decreto
2343 4453 2623 4519 amplissimi
2651 4455 2851 4502 senatus
2882 4465 3015 4503 com-

322 4527 494 4576 missus
531 4533 609 4577 est
639 4527 780 4578 labor
815 4535 928 4578 tuus
966 4529 1242 4580 doctissimo
1279 4531 1464 4594 pariter
1499 4537 1552 4579 et
1594 4529 1969 4594 profundissimo
2014 4525 2364 4577 mathematico
2400 4525 2553 4575 Mich.
2590 4521 2882 4581 Maestlino,
2934 4526 3016 4588 qui

318 4597 417 4647 hoc
449 4605 500 4648 te
535 4597 876 4649 honestissimo
914 4597 1164 4651 decoravit
1197 4602 1492 4652 testimonio.
1531 4601 1658 4666 quod
1693 4605 1826 4649 totus
1862 4599 2075 4648 inclutus
2112 4603 2313 4648 senatus
2350 4598 2649 4647 unanimiter
2680 4595 2770 4644 tibi
2806 4608 3045 4660 congra·,

319 4669 510 4718 tulatus
524 4704 537 4723 .
592 4676 740 4735 atque
787 4675 1105 4738 augmentum
1152 4671 1388 4722 donorum
1435 4677 1628 4720 tuorum
1667 4685 1727 4721 ex
1763 4671 1925 4719 animo
1972 4675 2324 4733 comprecatur.
2400 4667 2563 4729 Quam
2609 4665 2894 4717 admirabile
2940 4673 3018 4717 est

320 4745 490 4790 autem
525 4741 619 4791 hoc
653 4757 831 4793 novum
865 4743 1115 4792 inventum
1141 4751 1297 4800 tuum,
1337 4750 1441 4793 tam
1466 4741 1587 4792 utile
1614 4757 1722 4792 esse
1750 4741 1972 4790 omuibus
1998 4741 2259 4790 lectoribus
2288 4739 2419 4790 idem
2454 4737 2777 4802 amplissimus
2813 4743 3015 4789 “natus

321 4817 539 4876 exoptat.
594 4810 746 4862 Jubet
778 4815 945 4879 itaque
982 4819 1038 4862 ut
1072 4816 1341 4865 secundum
1379 4813 1737 4864 admonitiones
1773 4809 2025 4862 Maestlini
2062 4817 2112 4861 et
2136 4809 2393 4874 Copernici
2426 4810 2721 4874 hypotheses
2758 4815 2811 4860 et
2844 4823 3013 4874 corpo—

317 4897 428 4936 rum
464 4883 760 4950 regularium
797 4883 1124 4940 dimensiones
1162 4889 1302 4960 quasi
1333 4885 1656 4958 praefationis
1691 4885 1798 4938 loco
1848 4883 2169 4948 praemittas,
2222 4887 2278 4934 et
2324 4881 2441 4941 alibi
2484 4882 2847 4957 quibuscunque
2892 4881 3013 4934 locis

3532 4510 3540 4519 ι

3584 4433 3593 4772 -ρ--ϋᾼμᾸ-,-
3590 4293 3593 4416 ,,-,Ᾰ-,
3590 4253 3592 4270 -
