3634 5575
561 358 686 426 176
858 429 867 433 -
1577 357 1804 423 Myrtoi-il
1840 359 2243 426 cosmographici

555 519 894 584 coincidet-e
941 525 1006 581 et
1047 517 1161 580 niti
1207 517 1418 582 eodem
1467 517 1877 596 fundamento,
1926 517 2083 600 quod
2130 525 2337 582 tamen
2382 535 2499 600 quo
2524 527 2711 599 pacto
2738 519 2864 597 liat,
2913 519 3291 600 investigare

556 609 850 672 hactenus
895 625 1196 688 nunquam
1239 606 1430 686 potui.
1459 603 1508 681 i)
2481 605 2496 615 “

1453 781 1544 846 ΙΝ
1589 778 1870 844 CAPUT
1914 779 2397 846 VICESIMUM

1491 939 1496 946 .
1611 903 1843 955 sons
1878 903 2238 956 Aucroms..

721 1009 784 1083 a)
831 1015 989 1068 Haec
1017 1021 1105 1066 est
1131 1012 1360 1082 propria
1384 1012 1624 1066 materia
1651 1012 1778 1066 libri
1807 1013 1898 1066 lv.
1930 1013 2242 1082 Epitomes;
2294 1017 2633 1067 transsumta
2672 1013 2798 1067 inde
2826 1013 2882 1067 in
2910 1014 3007 1068 lib.
3034 1015 3103 1066 V.
3134 1013 3290 1067 Har·

563 1093 906 1149 monicorum.
981 1093 1120 1147 Nam
1148 1092 1297 1146 illius
1328 1091 1453 1145 libri
1483 1107 1606 1161 cap.
1640 1092 1694 1145 3.
1725 1091 1868 1144 haec
1894 1093 2020 1161 ipsa
2048 1095 2303 1163 quaestio
2333 1094 2619 1155 enodatur,
2666 1101 2726 1147 et
2752 1093 2899 1147 inter
2926 1093 3291 1147 fundamenta

562 1174 872 1238 assumitur,
923 1172 1118 1244 quibus
1147 1174 1572 1236 demonstratur,
1620 1179 1800 1225 motus
1830 1173 2179 1240 planetarum
2208 1180 2488 1227 extremos
2516 1172 2785 1227 contineri
2833 1173 3289 1244 proportionibus

561 1253 905 1308 harmonicis.
985 1252 1110 1307 Etsi
1137 1269 1270 1306 vero
1311 1253 1366 1306 in
1395 1252 1500 1305 hoc
1527 1251 1712 1320 capite
1742 1254 1978 1305 nondum
2016 1259 2305 1307 assecutus
2348 1269 2465 1306 sum
2513 1254 2656 1323 quod
2696 1257 3047 1324 quaerebam,
3098 1255 3291 1324 plera-

563 1349 668 1404 que
696 1340 886 1386 tamen
914 1332 1170 1386 adhibita
1195 1331 1484 1401 principia,
1529 1347 1673 1402 quae
1701 1331 1835 1384 mihi
1872 1331 1995 1400 jam
2040 1338 2157 1386 tum
2194 1339 2433 1387 naturae
2468 1347 2652 1386 rerum
2676 1334 3011 1388 videbantur
3054 1344 3289 1388 consen-

563 1421 748 1477 tanea,
797 1413 1106 1466 certissima
1151 1417 1212 1464 et
1245 1412 1380 1465 totis
1422 1411 1509 1465 his
1539 1411 1614 1466 25
1643 1411 1801 1464 annis
1830 1411 2123 1466 utilissima
2170 1429 2288 1467 sum
2317 1417 2621 1482 expertus:
2670 1415 2999 1482 praesertim
3044 1413 3100 1468 in
3128 1413 3291 1468 Com·
3394 1406 3403 1416 ’

565 1491 848 1548 mentariis
889 1494 957 1546 de
997 1491 1238 1546 motibus
1279 1491 1497 1554 Martis,
1541 1497 1706 1560 parte
1745 1492 1843 1545 IV.

720 1569 786 1639 b)
832 1573 982 1634 Quas
1023 1571 1209 1626 nullas
1251 1587 1375 1638 esse
1415 1570 1652 1640 probavi
1691 1571 1750 1624 in
1791 1571 2091 1625 comment.
2136 1571 2354 1626 Martis.

723 1648 776 1717 c)
818 1651 876 1706 Si
916 1668 1018 1721 pro
1059 1668 1194 1706 voce
1237 1651 1468 1705 anima
1505 1667 1694 1704 vocem
1735 1651 1865 1704 vim
1920 1651 2253 1714 substituas..
2318 1651 2493 1706 habes
2549 1652 2881 1723 ipsissimum
2942 1649 3291 1720 principium,

566 1751 642 1788 ex
685 1748 790 1802 quo
829 1731 1069 1802 physica
1109 1729 1366 1784 coelestis
1409 1731 1464 1784 in
1507 1729 1803 1784 Comment.
1847 1731 2047 1785 Martis
2103 1736 2193 1782 est
2232 1729 2565 1797 constituta,
2616 1739 2676 1786 et
2729 1733 2825 1787 lib.
2868 1731 2961 1786 IV.
3002 1730 3294 1801 Epitomes

565 1815 718 1866 Astr.
760 1811 1006 1866 exculta.
1093 1809 1236 1864 Olim
1290 1809 1432 1863 enim
1474 1825 1697 1864 causam
1737 1817 2044 1864 moventem
2100 1810 2361 1879 planetas
2405 1813 2661 1866 absolute
2715 1812 2950 1866 animam
3005 1827 3127 1864 esse
3171 1827 3292 1864 cre-

567 1893 794 1955 debam,
857 1891 1059 1962 quippe
1111 1890 1350 1943 imbutus
1408 1889 1759 1960 dogmatibus
1813 1891 1865 1944 J.
1912 1891 1970 1944 C.
2026 1889 2324 1960 scaligeri,
2388 1893 2455 1944 de
2508 1893 2826 1946 motricibus
2876 1889 3291 1961 intelligentiis.

565 1975 645 2025 At
684 1986 804 2024 cum
845 1972 1270 2044 perpenderem,
1313 1971 1460 2022 hanc
1500 1984 1724 2023 causam
1766 1970 2047 2024 motricem
2090 1969 2369 2035 debilitari
2411 1987 2533 2026 cum
2574 1973 2871 2036 distantia,
2915 1971 3097 2024 lumen
3142 1969 3292 2023 Solis

568 2051 736 2106 etiam
777 2049 1059 2106 attenuari
1103 2066 1224 2102 cum
1265 2049 1534 2102 distantia.
1578 2064 1613 2102 a
1651 2049 1811 2105 Sole:
1872 2049 1999 2102 hinc
2040 2048 2281 2103 conclusi
2321 2049 2429 2103 vim
2472 2051 2614 2105 hanc
2654 2069 2779 2106 esse
2822 2067 3143 2120 corporeum
3182 2047 3289 2102 ali—

569 2131 712 2201 quid,
756 2129 803 2184 si
843 2149 952 2185 non
993 2129 1215 2200 proprie
1257 2130 1458 2183 saltem
1501 2126 1827 2198 aequivoce;
1873 2129 2015 2183 siout
2054 2130 2239 2183 lumen
2280 2129 2505 2185 dicimus
2535 2148 2657 2185 esse
2702 2131 2907 2203 aliquid
2947 2145 3290 2200 corporeum,

569 2211 620 2264 id
663 2217 770 2274 est,
813 2211 1050 2280 speciem
1094 2226 1132 2263 a
1170 2226 1400 2280 corpore
1442 2210 1748 2279 delapsam,
1790 2211 1887 2263 sed
1929 2209 2376 2263 immateriatam.

729 2287 785 2354 d)
828 2289 1092 2344 Nimirum
1132 2289 1310 2342 locum
1353 2288 1565 2344 invenit
1604 2288 1662 2342 in
1707 2290 2005 2344 Comment.
2047 2288 2245 2342 Martis
2298 2305 2443 2343 anno
2492 2289 2643 2344 1609
2686 2289 2879 2346 editis:
2940 2290 3063 2344 inde
3104 2296 3291 2344 trans·

569 2375 754 2424 sumta
793 2376 882 2424 est
921 2385 1132 2424 summa
1173 2369 1254 2423 rei
1296 2375 1358 2422 et
1397 2369 1641 2439 repetita
1681 2368 1736 2423 in
1776 2369 1929 2439 Epit.
1972 2373 2196 2423 Astron.
2241 2369 2336 2424 lib.
2379 2369 2475 2423 IV.

727 2445 782 2514 e)
826 2451 984 2504 Haec
1023 2449 1206 2504 omnia
1246 2449 1362 2504 sine
1404 2449 1525 2502 ulla
1563 2449 1871 2504 mutatione
1913 2450 2107 2504 valent
2146 2449 2313 2502 etiam
2356 2448 2410 2502 in
2454 2447 2753 2504 comment.
2797 2451 3012 2505 Martis.

727 2523 784 2598 f)
825 2530 933 2584 Hic
977 2545 1131 2584 error
1176 2529 1384 2598 incipit.
1459 2529 1580 2582 Hoc
1607 2529 1750 2582 enim
1777 2545 1887 2583 non
1916 2535 2005 2582 est
2030 2529 2171 2582 idem
2214 2528 2271 2581 in
2299 2529 2648 2593 contrarium,
2698 2547 2819 2584 cum
2850 2548 2915 2584 eo
2955 2531 3095 2602 quod
3122 2543 3292 2600 prae-

567 2609 820 2673 mittitur,
866 2609 986 2664 scil.
1033 2609 1448 2680 elongationem
1493 2625 1530 2662 a
1569 2607 1699 2663 Sole
1746 2607 1829 2663 bis
1874 2611 2059 2663 facere
2108 2609 2178 2661 ad
2225 2611 2536 2678 augendam
2592 2610 2892 2678 periodum.
2973 2608 3062 2665 Sic
3103 2617 3295 2663 autem

567 2689 731 2743 debui
760 2689 1042 2760 colligere,
1087 2694 1146 2742 et
1175 2694 1368 2741 contra
1394 2688 1803 2757 proportionem
1834 2689 2181 2758 periodorum
2209 2689 2431 2758 duplam
2474 2707 2599 2742 esse
2641 2685 3023 2764 ἀποςηματων
3060 2705 3293 2758 propor-

567 2769 749 2834 tionis,
795 2787 905 2824 non
935 2771 1075 2840 quod
1104 2769 1210 2823 hoc
1234 2784 1422 2822 verum
1453 2783 1576 2822 esse
1606 2774 1843 2833 teneam,
1888 2774 1977 2822 est
2014 2768 2157 2821 enim
2200 2767 2321 2837 ejus
2368 2771 2745 2824 tantummodo
2788 2769 3177 2841 sesquialtera,
3228 2775 3297 2823 ut

569 2850 879 2904 audiemus:
929 2852 1025 2904 sed
1075 2848 1206 2919 quia
1249 2866 1324 2901 ex
1351 2848 1458 2902 hac
1503 2849 1990 2919 argumentatione
2037 2849 2142 2901 hoc
2178 2849 2429 2920 legitime
2458 2851 2825 2920 sequebatur:
2872 2850 3028 2904 vides
3068 2850 3154 2904 uti
3198 2850 3293 2903 hic

567 2930 799 2984 medium
846 2928 1375 2983 arithmeticum
1425 2928 1499 2981 sit
1543 2935 1796 2993 sumtum,
1846 2945 1948 2998 per
1988 2928 2413 2984 dimidiationem
2446 2930 2808 2997 differentiae,
2856 2946 2978 2985 cum
3006 2930 3295 2985 debuisset

566 3010 800 3063 medium
846 3008 1358 3079 geometricum
1405 3008 1559 3061 sumi.

727 3086 790 3160 g)
829 3088 1062 3159 Propius
1077 3077 1225 3142 'sane
1271 3104 1374 3157 per
1399 3089 1570 3141 talem
1599 3085 1984 3141 mediationem
2014 3086 2446 3153 arithmeticam,
2505 3104 2669 3160 quam
2722 3106 2825 3159 per
2877 3090 3292 3161 geometricam,

567 3170 816 3240 quamvis
861 3168 1203 3239 geometrica
1249 3168 1498 3239 legitime
1541 3167 1976 3221 concludebatur
2014 3186 2089 3223 ex
2132 3168 2389 3223 assumtis
2422 3168 2733 3240 principiis;
2786 3171 2917 3241 quia
2944 3188 3065 3224 cum
3092 3186 3295 3225 revera

566 3250 647 3319 sit
682 3249 968 3320 proportio
1015 3248 1386 3318 proportionis
1433 3264 1558 3301 non·
1589 3248 1776 3317 dupla,
1832 3249 1927 3300 sed
1957 3253 2172 3301 tantum
2210 3248 2579 3319 sesquialtera
2626 3250 2685 3319 (2
2716 3270 2729 3303 ε
2764 3250 2800 3304 3
2822 3292 2835 3313 ,
2866 3252 2922 3305 h.
2952 3268 3001 3303 e.
3034 3249 3295 3320 quadrati

570 3331 641 3383 ad
669 3326 918 3395 cubum):
963 3329 1164 3383 accidit
1207 3328 1314 3393 hic,
1363 3336 1427 3381 ut
1469 3327 1703 3381 medium
1751 3326 2158 3381 arithmeticum
2202 3329 2676 3398 appropinquaret
2716 3330 2893 3383 medio
2920 3328 3295 3400 proportionis

566 3408 982 3479 sesquialterae,
1025 3409 1152 3481 plus
1182 3425 1349 3479 quam
1377 3408 1608 3461 medium
1635 3408 2047 3477 geometricum,
2097 3424 2194 3461 seu
2221 3408 2593 3478 proportionis
2622 3410 2853 3479 duplae,
2902 3408 3034 3479 quia
3060 3409 3297 3462 medium

569 3489 975 3543 arithmeticum
1023 3506 1240 3559 semper
1266 3487 1491 3559 propius
1539 3493 1628 3540 est
1655 3485 1851 3555 majori
1891 3487 2139 3550 termino,
2186 3502 2348 3556 quam
2392 3488 2626 3545 medium
2667 3490 3088 3559 geometricum:
3136 3496 3201 3543 ut
3238 3488 3297 3541 in

569 3570 824 3640 exemplo
855 3570 910 3625 6.
941 3570 997 3625 9.
1035 3570 1123 3623 12.
1157 3575 1218 3621 et
1246 3570 1299 3623 6.
1331 3569 1386 3623 8.
1426 3568 1515 3621 12.
1545 3566 1636 3621 hic
1665 3566 1898 3620 medium
1927 3567 2329 3621 arithmeticum
2374 3568 2411 3620 9
2438 3569 2617 3639 majus
2657 3575 2746 3622 est
2770 3569 3110 3640 geometrico
3140 3568 3196 3625 8.

725 3647 787 3716 h)
837 3649 992 3704 Citra
1033 3649 1254 3703 dubium
1293 3647 1489 3717 praxis
1536 3648 1650 3701 ista
1693 3664 1803 3700 non
1852 3646 1957 3700 fuit
1985 3654 2244 3701 assecuta
2278 3647 2639 3704 theorematis
2666 3664 2908 3719 scopum,
2954 3656 3023 3703 ut
3058 3648 3183 3718 jam
3208 3655 3301 3701 est

569 3729 944 3799 explicatum:
989 3728 1222 3783 medium
1263 3727 1404 3781 enim
1453 3726 1862 3781 arithmeticum
1904 3744 2014 3781 non
2060 3734 2150 3781 est
2194 3728 2334 3780 idem
2382 3744 2501 3781 cum
2547 3728 2901 3800 geometrico.

729 3806 776 3879 i)
825 3809 968 3872 Quia
1013 3809 1264 3864 nimirum
1308 3806 1628 3861 incedebam
1673 3806 1839 3877 vagis
1866 3806 2153 3878 gressibus
2200 3806 2619 3877 flexiloquorum
2644 3811 2952 3875 verborum,
3005 3825 3116 3863 non
3161 3808 3297 3880 lege

569 3888 939 3945 arithmetica.
1022 3888 1161 3941 Vide
1207 3886 1298 3941 hic
1329 3885 1452 3955 ‚iam
1494 3893 1786 3956 utrumque
1834 3903 2186 3957 processum:
2233 3886 2385 3956 prior
2428 3888 2511 3941 sic
2554 3895 2707 3944 erat:

1632 3965 1899 4020 Periodus
1937 3966 2139 4021 Martis
2187 3966 2323 4023 687.

1632 4045 1899 4100 Periodus
1939 4047 2145 4101 Terrae
2193 4046 2307 4102 365
2324 4040 2403 4106 Ἰ..

2274 4144 2609 4199 Differentia
2664 4135 2868 4205 321⁸l..

2275 4223 2571 4279 Dimidium
2648 4218 2859 4307 ΕΙ..

1636 4322 1878 4375 Medium
1908 4322 2315 4377 arithmeticum
2346 4318 2549 4383 5267..

1035 4426 1040 4431 ·
1123 4400 1238 4455 526
1276 4395 1334 4461 Ἰ.
1376 4402 1474 4455 dat
1511 4400 1832 4457 distantiam
1870 4402 2067 4456 Martis
2113 4404 2297 4469 1000,
2356 4402 2482 4474 quid
2526 4394 2753 4462 365¹l02

1396 4481 1682 4551 Sequitur,
1732 4481 2005 4535 distantia
2052 4482 2291 4538 Telluris
2336 4484 2471 4537 694.

736 4561 1022 4616 Posterior
1061 4561 1142 4615 sic
1187 4567 1341 4615 erat:
1385 4560 1577 4615 Posito
1625 4562 1953 4616 distantiam
1999 4562 2236 4617 Telluris
2284 4579 2407 4617 esse
2453 4563 2588 4618 694.
2672 4562 2812 4617 Dico
2855 4560 2958 4615 sic:
3014 4560 3307 4615 Distantia

574 4640 772 4695 Martis
807 4642 957 4696 1000
985 4642 1087 4696 dat
1112 4641 1395 4713 periodum
1425 4640 1558 4705 687,
1591 4642 1718 4711 quid
1747 4641 2019 4695 distantia
2039 4642 2243 4696 Terrae
2274 4643 2431 4697 694?
2472 4642 2724 4714 sequitur
2748 4649 3015 4712 tanquam
3041 4642 3302 4712 periodus

578 4720 782 4774 Terrae
812 4721 946 4777 47⁷.
1002 4722 1187 4793 Pergo
1216 4720 1393 4792 igitur
1417 4736 1522 4791 per
1549 4738 1799 4775 eversam
1831 4723 2259 4792 proportionem.

737 4800 889 4854 Vera
913 4803 1171 4873 periodus
1201 4796 1388 4861 3657.
1444 4802 1541 4854 dat
1581 4801 1786 4855 falsam
1817 4800 1953 4866 47⁷,
2001 4808 2268 4874 tanquam
2310 4818 2385 4855 ex
2412 4800 2614 4866 Marte,
2660 4800 2787 4873 quid
2820 4802 2991 4866 1000,
3037 4808 3305 4873 tanquam

573 4879 658 4937 vis
687 4880 926 4937 Martis?
975 4882 1222 4957 sequitur
1254 4882 1424 4948 1306,
1474 4887 1741 4954 tanquam
1783 4880 1869 4936 vis
1912 4882 2171 4939 Telluris.
2252 4883 2535 4938 Excessus
2582 4882 2759 4955 igitur
2800 4880 3023 4941 virtutis
3063 4882 3305 4938 Telluris
