3634 5575
542 340 677 421 298
1404 356 1607 409 Literna
1642 342 1852 421 'Kopion-1
1887 292 2188 425 mammeae
2221 362 2425 409 mutua·

540 510 839 575 Henricus
888 512 1043 575 diem
1100 514 1261 579 inter
1314 512 1418 580 23.
1468 522 1533 578 et
1578 514 1687 580 24.
1734 516 1878 580 Jan.
1929 514 2024 579 St.
2076 516 2181 590 V„
2227 517 2408 597 paulo
2453 522 2596 597 post
2640 516 2699 577 h.
2755 510 2836 577 12
2881 520 3254 575 nocturnam.

542 596 667 661 Sed
698 602 771 663 de
802 608 926 663 tuo.
1010 602 1096 665 M.
1132 602 1206 667 C.
1239 601 1492 675 28⁰2,
1523 606 1669 665 Asc.
1700 602 1828 667 27⁰
1845 610 1934 679 ,ἃ
1983 612 2033 675 6
2063 613 2204 666 ante
2245 605 2586 683 septimam,
2620 605 2773 665 forte
2805 602 2990 663 etiam
3019 600 3076 662 in
3110 601 3254 673 v11,

540 696 613 749 ut
650 688 830 766 paulo
878 692 1169 753 maturius
1214 692 1518 755 acciderit.
1615 690 2020 754 constellatio
2069 693 2444 755 validissima
2489 702 2604 753 est.
2697 692 2892 753 Aiunt
2953 696 3254 751 cometam

542 776 731 838 videri
770 776 903 855 jam
950 797 1058 858 per
1085 775 1127 841 3
1155 780 1547 859 septimanas.
1626 781 1693 842 Id
1743 781 1793 841 si
1827 788 1942 853 est,
1991 800 2104 843 non
2153 798 2368 859 nempe
2397 780 2538 848 vidi,
2587 799 2704 840 non
2735 776 2961 851 dubito,
3005 777 3140 855 quin
3171 776 3252 837 ab

540 862 660 924 illis
709 861 748 926 3
787 866 1071 943 planetis,
1122 866 1425 929 stantibus
1469 866 1549 943 Ἃ,
1600 876 1650 939 6
1695 868 1755 929 in
1801 869 2152 949 propinque,
2203 868 2355 944 Aa,
2385 865 2426 937 Β
2467 868 2762 941 diuturno,
2812 858 2962 942 05,
3018 872 3070 933 6
3115 866 3252 942 pla-

540 952 659 1013 tico
694 952 806 1026 (?).
900 950 1046 1015 Sum
1076 954 1233 1016 enim
1277 954 1337 1016 in
1388 976 1462 1017 ea
1500 956 1795 1035 opinione,
1847 956 1964 1019 etsi
2009 964 2247 1019 cometa
2292 957 2506 1037 aliquis
2535 956 2634 1017 vel
2662 956 2799 1034 ipsa
2826 954 3014 1015 Terra
3061 952 3256 1029 major

542 1039 640 1113 sit,
692 1049 755 1101 et
802 1040 1137 1104 altissimus
1172 1043 1379 1114 etiam,
1430 1044 1746 1105 dummodo
1778 1054 2001 1117 currat,
2049 1045 2274 1107 Terrae
2313 1044 2584 1106 sobolem
2622 1062 2778 1105 esse.
2857 1040 2980 1103 Cur
2992 1041 3028 1101 ?·
3093 1038 3256 1108 Quia

541 1144 797 1206 semper,
848 1128 1313 1209 quotiescunque
1360 1140 1505 1193 sunt
1530 1142 1821 1207 cometae,
1868 1134 2207 1212 praecessit
2247 1132 2426 1212 paulo
2466 1141 2608 1193 ante
2655 1130 2860 1192 valida
2904 1125 2966 1206 Β,
3013 1128 3071 1203 ‘24
3103 1146 3252 1189 con-

540 1215 833 1294 figuratio,
886 1226 993 1277 aut
1040 1218 1471 1299 aequipollens,
1521 1227 1588 1281 ut
1632 1240 1767 1282 cum
1814 1230 1867 1291 6
1896 1230 1990 1282 est
2019 1220 2432 1287 stationarius,
2483 1228 2608 1281 tum
2657 1218 2814 1279 enim
2861 1217 3023 1277 vires
3068 1215 3254 1277 habet

539 1310 607 1363 ut
652 1302 939 1382 superior,
991 1324 1053 1366 re
1100 1325 1245 1369 vera
1291 1308 1520 1369 tardus.
1617 1306 2022 1385 configuratio
2071 1318 2304 1383 autem,
2355 1316 2422 1370 nt
2469 1306 2664 1381 nosti,
2715 1313 2778 1367 et
2825 1312 3109 1383 aspectus
3155 1312 3254 1363 est
3375 1328 3388 1337 ·

540 1391 603 1453 in
648 1390 855 1463 Terra,
904 1411 1018 1453 non
1068 1394 1129 1455 in
1176 1396 1343 1457 coelo
1392 1394 1557 1457 alibi.
1650 1396 1809 1456 Vide
1871 1406 2073 1459 autem
2130 1396 2551 1476 cognationem
2596 1394 2950 1455 thematum.
3044 1390 3252 1453 Habes

540 1486 607 1539 tu
654 1476 901 1557 όΘζῖ,
953 1481 1141 1543 habet
1181 1490 1243 1542 et
1288 1483 1409 1556 ille,
1460 1490 1707 1562 uterque
1758 1486 1802 1559 Q
1848 1484 2268 1561 posteriorem,
2319 1484 2508 1545 habes
2553 1489 2618 1543 tu
2665 1478 2897 1558 ΔΒ),
2956 1479 3142 1540 habet
3189 1489 3256 1539 et

510 1566 640 1627 ‘ille
692 1567 814 1628 fere
864 1564 1079 1645 acb),
1129 1569 1316 1632 habes
1364 1578 1429 1631 tu
1476 1572 1600 1631 fere
1643 1568 1908 1649 ΔΕΘ,
1958 1571 2142 1632 habet
2190 1578 2253 1633 et
2279 1571 2400 1633 ille.
2479 1570 2595 1633 Ubi
2623 1570 2734 1631 tibi
2779 1566 2850 1645 ij,
2903 1567 3018 1646 ipsi
3061 1558 3162 1643 Θ,
3189 1568 3251 1643 Q,

536 1652 637 1715 ubi
686 1654 797 1715 tibi
844 1656 921 1728 ),
974 1655 1089 1733 ipsi
1136 1656 1234 1731 Q,
1284 1658 1383 1719 ubi
1434 1658 1682 1733 tibiQ,
1745 1659 1860 1738 ipsi
1909 1664 1990 1729 ἶς’.
2089 1657 2246 1721 Sunt
2290 1658 2462 1719 vobis
2513 1658 2562 1731 ῼ
2611 1657 2948 1736 oppositae.
3041 1654 3252 1715 Habes

539 1750 607 1806 tu
650 1741 731 1815 Ql,
778 1750 831 1811 6
875 1742 1123 1817 vicinos,
1174 1752 1239 1807 et
1282 1745 1405 1807 ille.
1498 1745 1617 1808 Ubi
1663 1747 1776 1808 tibi
1824 1747 1911 1820 21„
1961 1748 2086 1809 fere
2135 1747 2222 1809 illi
2269 1755 2339 1817 6.
2435 1746 2670 1807 Deinde
2717 1743 2980 1815 memini,
3026 1742 3248 1820 pleris-

536 1848 651 1909 que
699 1836 933 1891 tuorum
980 1849 1116 1891 esse
1163 1832 1387 1911 aliquid
1434 1833 1495 1893 in
1542 1834 1803 1912 septima
1849 1835 2010 1897 mali.
2085 1835 2218 1896 Hoc
2265 1834 2450 1895 etiam
2498 1833 2595 1894 hic
2641 1840 2769 1894 este
2818 1833 2988 1893 Mars
3037 1848 3250 1909 nempe

419 1937 441 1945 ⁶
536 1934 719 1995 prope
768 1916 1107 1994 septimam.
1200 1918 1296 1981 Ex
1344 1940 1413 1980 eo
1461 1929 1555 1982 est
1603 1922 1888 1995 nonnihil,
1939 1924 2095 2001 quod
2140 1924 2302 1985 illius
2339 1920 2502 1984 vitae
2533 1928 2815 1982 metuam.
2888 1920 3048 1981 Nam
3079 1918 3255 1979 Luna

534 2005 735 2083 plena,
786 2013 849 2065 et
893 2004 997 2065 via
1044 2008 1243 2068 lactea
1290 2010 1623 2073 ascendens
1670 2018 1735 2070 et
1779 2011 1950 2071 Mars
1997 2011 2054 2071 in
2104 2011 2234 2090 ejus
2281 2010 2578 2089 opposito,
2627 2019 2692 2069 et
2739 2006 2844 2070 Sol
2892 2014 3020 2067 tam
3065 2024 3248 2085 prae-

534 2093 660 2155 cise
706 2092 767 2153 in
819 2092 1121 2173 triangulo
1169 2094 1445 2170 Saturni,
1504 2097 1782 2159 videntur
1829 2099 2073 2161 cerebro
2117 2106 2182 2159 et
2229 2099 2416 2160 oculis
2463 2096 2713 2157 nocituri
2763 2104 2828 2157 et
2871 2094 3252 2175 epilepticum

534 2180 893 2260 significare.
987 2183 1245 2245 Faciunt
1290 2174 1472 2244 etiam
1518 2186 1876 2263 praecipitio
1924 2186 2243 2247 obnoxium
2292 2194 2396 2247 aut
2444 2184 2704 2260 gibbum.
2799 2183 2922 2244 Sed
2970 2182 3248 2260 triangu-

534 2270 629 2329 lus
676 2268 839 2331 Solis
886 2270 1085 2330 omnia
1132 2270 1392 2350 mitigat.
1486 2272 1622 2336 Erit
1666 2292 1926 2351 parcus,
1978 2282 2198 2347 tenax,
2249 2292 2325 2334 ex
2372 2275 2415 2346 Q
2461 2282 2526 2332 et
2573 2268 2652 2348 Θ
2703 2272 2760 2331 in
2809 2267 2970 2345 ΔΒ,
3021 2270 3250 2348 egregii

533 2356 759 2435 ingenii
822 2364 887 2416 et
939 2358 1217 2436 profundi
1280 2367 1459 2440 atque
1538 2360 1860 2435 laboriosi,
1925 2370 2173 2439 propter
2229 2362 2480 2423 eundem
2543 2366 2870 2438 aspectum.
2967 2356 3248 2435 Optimus

534 2444 784 2514 artifex,
840 2444 935 2505 .ob
981 2454 1033 2515 6
1080 2446 1137 2507 in
1186 2448 1265 2519 Π
1322 2455 1385 2508 et
1430 2448 1683 2510 confinio
1734 2449 1980 2511 solstitii
2029 2449 2088 2511 in
2137 2450 2278 2510 Vn.
2372 2446 2800 2510 contentiosus
2847 2446 3250 2507 et·factiosus

534 2533 611 2594 eb
658 2532 737 2595 id.
836 2534 1019 2594 Tales
1080 2544 1221 2595 sunt
1272 2536 1621 2616 plerumque
1686 2536 2149 2598 bombardarum
2201 2528 2484 2598 studiosi.
2581 2534 2702 2596 Sed
2750 2534 3096 2595 victurusne
3143 2533 3244 2606 sit,

538 2620 769 2693 dubito,
818 2628 1066 2699 propter
1110 2622 1171 2682 id
1218 2621 1429 2701 ipsum.
1521 2624 1589 2685 Si
1638 2632 1840 2685 tamen
1889 2624 2077 2699 vivat,
2129 2642 2380 2703 magnus
2429 2623 2648 2683 evadet
2695 2642 2858 2684 vere.
2933 2622 3140 2681 Habet
3185 2640 3243 2681 n.

534 2708 898 2787 triangulum
930 2706 1216 2786 ΒᾞΘζξ,
1266 2711 1363 2790 qui
1404 2720 1545 2773 sunt
1592 2712 1911 2774 fortissimi
1959 2720 2264 2792 aspectuS.
2360 2714 2572 2792 Itaque
2619 2710 2776 2784 vide,
2826 2710 2964 2790 quid
3013 2710 3246 2769 futurus

530 2795 866 2858 December
910 2797 995 2858 sit
1042 2798 1355 2870 allaturus,
1406 2819 1541 2863 cum
1588 2811 1730 2880 post
1776 2801 2282 2862 humectationem
2331 2821 2368 2861 a
2395 2800 2454 2874 ‘il
2501 2807 2854 2862 transeunte
2901 2817 3010 2877 per
3053 2795 3115 2870 7,
3165 2794 3246 2874 Θ

530 2893 593 2945 et
629 2892 679 2955 6
728 2885 1031 2946 ferventes
1060 2887 1405 2950 succedunt.
1502 2887 1568 2950 Si
1600 2889 1854 2951 nebulae
1901 2899 2094 2962 erunt,
2145 2897 2210 2949 ut
2257 2889 2456 2961 credo,
2507 2888 2607 2948 vix
2651 2887 2851 2948 infans
2903 2887 2980 2946 ab
3009 2885 3244 2963 epilep-

530 2973 624 3034 sia
690 2972 841 3033 liber
908 2972 1061 3046 erit;
1144 2982 1285 3034 sunt
1338 2993 1398 3034 n.
1459 2976 1606 3036 haec
1664 2979 1946 3056 analoga.
2041 2977 2202 3037 Sane
2266 2977 2440 3037 ‚Iovis
2497 2976 2651 3036 situs
2716 2993 2830 3035 non
2893 2973 3083 3034 bonus
3131 2981 3245 3045 est,

530 3077 646 3120 nou
695 3059 931 3139 quidem
975 3070 1224 3140 propter
1250 3065 1317 3134 Π
1362 3070 1619 3140 tangens
1675 3084 1846 3126 suum
1893 3084 2131 3126 casum:
2201 3083 2338 3126 nam
2397 3065 2664 3126 illustres
2715 3081 2844 3122 cum
2901 3061 3034 3140 ipso
3091 3061 3246 3121 fixae

528 3154 698 3220 sunt,
758 3146 915 3208 unde
962 3157 1207 3228 propter
1252 3150 1367 3211 hoc
1414 3159 1630 3229 potens
1676 3159 1805 3225 est;
1873 3153 1982 3214 sed
2029 3160 2389 3230 propterea,
2440 3151 2581 3230 quia
2626 3150 2854 3211 decidit
2899 3149 2977 3209 ab
3024 3148 3244 3226 angulo

527 3242 593 3296 et
635 3233 989 3312 opprimitur
1035 3257 1071 3296 a
1116 3233 1157 3312 B
1206 3238 1331 3298 alto
1386 3238 1687 3316 triangulo
1746 3239 1946 3310 brevi,
2013 3241 2168 3318 quod
2226 3239 2594 3318 aequipollet
2663 3237 2982 3316 quadratu.
3074 3236 3246 3296 Haec

528 3330 593 3384 et
637 3321 975 3400 hujusmodi
1024 3323 1183 3384 bona
1228 3332 1293 3384 et
1320 3326 1578 3387 naturali
1628 3327 1862 3388 ratione
1894 3327 2185 3400 dicuntur,
2237 3327 2352 3388 etsi
2401 3346 2515 3387 non
2562 3325 2622 3386 in
2673 3324 2873 3405 specie
2923 3323 3244 3403 quidquam

530 3409 770 3472 dicitur.
864 3410 1053 3472 Aliud
1098 3413 1431 3490 exemplum
1478 3415 1592 3474 mei
1642 3415 1828 3475 filioli.
1925 3415 2042 3475 Est
2105 3415 2162 3475 in
2219 3434 2357 3475 mea
2413 3423 2478 3475 et
2520 3414 2710 3492 ipsius
2758 3412 3078 3474 nativitate
3127 3411 3244 3471 tri-

528 3499 785 3577 angulas
830 3498 1007 3559 Jovis
1050 3507 1115 3560 et
1160 3497 1425 3575 Saturni,
1470 3499 1627 3562 Jove
1672 3502 2108 3581 posterioribus
2155 3502 2212 3562 in
2244 3502 2550 3581 gradibus.
2645 3501 2764 3564 Ubi
2811 3500 2952 3560 mihi
2983 3519 3106 3560 asc.
3159 3498 3244 3558 illi

528 3585 719 3659 Mars,
768 3587 869 3648 nbi
916 3586 1059 3649 mihi
1104 3588 1297 3658 Luna,
1358 3588 1443 3650 illi
1490 3587 1758 3669 Jupiter,
1809 3590 1910 3652 ubi
1957 3589 2099 3651 mihi
2148 3589 2346 3661 Mars,
2412 3589 2497 3650 illi
2543 3586 2616 3665 ὃς
2693 3588 2794 3650 ubi
2841 3589 2986 3649 mihi
3029 3588 3115 3648 M.
3169 3584 3242 3648 C.

526 3675 643 3754 ipsi
692 3676 753 3752 Q.
846 3673 981 3752 Ego
1028 3675 1221 3736 habeo
1268 3669 1475 3753 [l6Q
1522 3679 1644 3738 fere
1692 3679 2008 3755 partilem,
2082 3677 2185 3737 ille
2251 3677 2436 3738 habet
2491 3679 2700 3753 A6Q
2757 3677 2879 3738 fere
2939 3676 3238 3754 partilem.

410 3775 419 3784 ·
524 3762 715 3822 Plura
760 3762 977 3841 requiri
1042 3773 1297 3840 possunt
1351 3765 1708 3842 hujusmodi.
1804 3767 2018 3844 Itaque
2063 3766 2240 3826 Luna
2297 3765 2354 3825 in
2421 3765 2714 3844 quadrato
2761 3763 3033 3836 Saturni,
3103 3770 3244 3843 post

528 3851 683 3923 86,
734 3849 946 3910 Venus
992 3849 1148 3911 inter
1192 3842 1335 3919 [l6
1380 3858 1443 3911 et
1491 3848 1636 3925 85,
1685 3853 2022 3914 Mercurius
2067 3853 2127 3914 in
2178 3852 2339 3913 trino
2389 3859 2439 3922 6
2487 3853 2780 3912 hominem
2813 3851 3020 3912 durum
3049 3851 3242 3928 signi-

526 3937 748 4010 ficant,
796 3956 931 3998 cum
978 3937 1077 4016 qui
1126 3939 1376 4000 affectus
1426 3939 1717 4000 denotant
1760 3941 2044 4018 planetae
2094 3959 2302 4002 omnes
2353 3940 2476 4000 sint
2520 3939 2578 4001 in
2629 3947 2879 4017 aspectu
2928 3940 3240 4000 malorum.

525 4024 737 4087 Metuo
784 4025 967 4086 etiam
1016 4024 1205 4103 ipsius
1253 4026 1441 4087 oculis
1490 4027 1565 4088 ob
1616 4030 1697 4102 ),
1770 4035 1972 4089 metuo
2020 4049 2057 4088 a
2102 4027 2536 4106 praecipitibus
2583 4027 2826 4088 casibus
2873 4029 2948 4086 ob
2999 4033 3240 4088 stantes

524 4121 651 4174 tres
696 4114 997 4193 planetas·
1092 4111 1179 4174 Et
1222 4113 1363 4193 quia
1408 4115 1619 4176 Venus
1667 4122 1730 4177 et
1778 4119 1824 4187 )
1867 4116 2174 4190 laborant,
2243 4115 2378 4176 ideo
2439 4125 2622 4176 natus
2684 4124 2778 4176 est
2841 4124 3239 4176 monstrosus.

524 4201 861 4263 Membrnm
907 4221 964 4261 n.
1014 4200 1203 4275 virile,
1255 4223 1293 4262 a
1340 4202 1389 4274 Q
1440 4212 1503 4264 et
1547 4205 1597 4275 )
1646 4204 2077 4282 significatum,
2127 4212 2224 4264 est
2270 4203 2464 4263 instar
2507 4201 2726 4264 Judaei
2773 4211 3088 4278 retectum,
3137 4220 3238 4263 re-

526 4297 751 4352 tortum
772 4339 788 4366 ‚
838 4298 901 4351 et
944 4288 1103 4349 infra
1151 4297 1437 4369 agnatum
1484 4299 1685 4353 scroto
1708 4339 1725 4364 ,
1774 4299 2010 4353 meatus
2057 4292 2262 4353 urinae
2312 4291 2503 4366 alius,
2553 4309 2730 4370 quam
2777 4292 2998 4352 ceteris
3044 4291 3237 4353 homi-

524 4378 721 4440 nibus.
818 4378 1037 4438 Totum
1082 4377 1483 4456 compositum
1544 4379 1731 4441 habet
1796 4381 2052 4441 formam
2117 4378 2440 4440 testudinis
2488 4386 2696 4440 coctae
2751 4378 2811 4439 in
2861 4379 3236 4450 domuncula,

522 4483 679 4544 qnae
726 4475 869 4528 sunt
914 4464 1119 4526 uxoris
1166 4484 1335 4527 meae
1383 4466 1660 4529 deliciae.
1754 4466 1880 4528 Sed
1927 4468 2102 4546 plura
2155 4467 2272 4546 ipsi
2316 4466 2696 4528 incommoda
2749 4466 2911 4529 circa
2954 4467 3064 4528 illa
3107 4469 3244 4529 loca

524 4551 822 4615 evenient.
918 4553 969 4625 Q
1018 4553 1077 4614 in
1122 4545 1265 4623 U&
1312 4553 1709 4634 impetuosum
1757 4563 1822 4616 et
1867 4554 2218 4617 indomitum
2281 4553 2611 4632 significat,
2671 4557 2714 4628 Q
2759 4554 2818 4615 in
2849 4559 2990 4625 [36
3035 4556 3240 4634 agilli-

526 4659 707 4714 mum,
754 4641 1129 4704 celerrimum
1158 4649 1223 4701 et
1250 4641 1641 4721 ingeniosum.
1735 4642 1854 4704 Est
1899 4663 1956 4704 n.
2008 4645 2052 4718 Q
2097 4643 2154 4703 in
2206 4641 2426 4705 illustri
2455 4642 2916 4704 constellatione
2943 4661 3040 4704 ω
3085 4653 3150 4706 et
3180 4643 3238 4705 in

526 4727 705 4788 domo
762 4738 1003 4808 quarta.
1094 4729 1273 4792 Facit
1332 4738 1399 4791 et
1458 4730 1846 4792 temerarium
1893 4739 1958 4791 et
2019 4730 2391 4810 populariter
2455 4731 2668 4791 bonum
2730 4739 2910 4810 atque
2977 4732 3237 4794 facilem.
