3634 5575
486 295 619 362 280
974 312 977 317 ·
1390 290 1454 342 Ῑιι
1491 289 1632 356 Apol.
1673 288 1832 353 Tych.
1881 293 2056 339 contra
2089 285 2270 339 Ursum

645 455 821 518 Nunc,
866 469 985 508 cum
1025 452 1095 507 lis
1134 458 1194 505 te
1236 450 1380 507 inter
1418 457 1482 506 et
1506 450 1824 523 Tyohonem
1865 468 1974 507 non
2001 439 2271 520 personas
2301 447 2562 514 attineat,
2605 447 2790 503 sedin
2817 447 3208 517 philosophiae

485 538 605 592 foro
628 540 902 596 versetur,
944 550 1047 585 nec
1076 533 1149 585 ab
1176 549 1244 585 eo
1284 532 1463 601 possit
1504 530 1725 585 excludi
1752 531 1920 594 ullus,
1964 530 2057 601 qui
2085 528 2369 583 scientiam
2403 529 2764 585 humanarum
2791 527 3206 597 divinarumque

484 608 667 671 rerum
710 620 888 676 amat,
934 612 1066 682 quia
1106 610 1465 681 philosophia
1509 626 1788 664 commune
1830 610 2056 680 generis
2085 608 2311 667 humani
2353 611 2557 663 bonum
2584 614 2696 663 est:
2741 626 2843 661 nec
2881 622 3053 678 aegre
3082 606 3206 669 tibi,

483 694 689 750 homini
730 692 1079 763 philosopho,
1120 708 1231 761 ego
1274 692 1479 753 facere,
1524 709 1626 744 nec
1667 696 1731 744 tu
1769 690 1901 743 mihi
1944 708 2052 743 non
2097 689 2386 760 ignoscere
2429 689 2668 757 poteris,
2713 688 2756 741 si
2799 687 3054 757 partibus
3097 687 3208 757 'ry-

484 774 672 829 chonis
715 772 987 840 susceptis
1039 777 1097 823 te
1150 770 1369 839 publice
1413 771 1728 841 loquentem
1791 768 2012 840 publice
2056 785 2272 840 quoque
2316 768 2466 821 intra
2506 765 2897 839 philosophiae
2939 766 3206 820 terminos

488 856 763 924 alloquar.
846 852 988 905 Nam
1034 866 1153 903 cum
1197 866 1267 903 ea
1321 854 1514 903 aetate
1558 850 1685 913 sim,
1741 855 1807 903 ut
1861 851 1927 902 de
1969 850 2210 902 veritate
2259 864 2441 903 rerum
2490 846 2830 903 naturalium
2871 846 3207 899 certissimus

478 935 602 1005 jam
642 949 786 987 nunc
827 947 949 984 esse
990 944 1275 1000 nequeam,
1320 945 1391 983 ea
1430 946 1563 983 vero
1604 928 1970 999 propensione
2012 927 2227 991 mentis,
2269 934 2334 981 ut
2375 929 2448 981 ad
2486 927 2858 999 indagandam
2899 942 3023 980 eam
3063 926 3208 979 veri-

456 1019 665 1073 ,tatem
714 1011 854 1065 nihil
902 1009 1034 1062 mihi
1088 1026 1197 1062 non
1248 1012 1571 1063 tentandum
1622 1026 1745 1063 esse
1800 1014 2017 1079 putem;
2077 1025 2254 1078 neque
2297 1008 2574 1077 Tychonis
2627 1008 2852 1063 labores
2894 1011 2954 1061 et
2993 1006 3212 1075 placita

492 1099 841 1147 contemnere
882 1088 1056 1159 potui,
1102 1103 1247 1158 quae
1287 1089 1478 1160 magni
1518 1089 1575 1142 in
1614 1094 1739 1142 tota
1776 1087 2134 1158 philosophia
2171 1088 2432 1141 momenti
2472 1104 2597 1141 esse
2638 1087 2985 1149 videbantur,
3027 1103 3208 1155 neque

486 1190 629 1243 quae
671 1176 734 1224 tu
776 1175 971 1222 contra
1008 1185 1109 1238 pro
1149 1168 1545 1223 Aristotelicae
1588 1174 1774 1222 sectae
1822 1168 2158 1222 auctoritate
2195 1167 2536 1237 proferebas,
2581 1166 2893 1237 negligere.
2981 1166 3074 1219 Ex
3101 1166 3206 1218 hoc

486 1252 630 1306 enim
670 1248 1070 1304 contrariorum
1111 1246 1257 1302 inter
1298 1264 1357 1301 se
1400 1248 1651 1301 conflictu
1706 1247 1980 1301 scintillae
2035 1248 2220 1300 solent
2279 1246 2404 1299 elici
2447 1248 2516 1300 ad
2558 1246 2861 1300 excitanda
2899 1244 3210 1299 clarissima

496 1332 601 1386 illa
640 1329 899 1383 veritatis
960 1327 1227 1381 incendia.
1314 1329 1469 1389 Quae
1513 1344 1641 1381 vero
1682 1327 1814 1381 mihi
1867 1326 2231 1396 pensiculatis
2281 1326 2569 1396 utriusque
2625 1326 2802 1397 partis
2865 1324 3207 1395 argumentis

485 1412 836 1470 viderentur,
867 1409 936 1460 ad
980 1413 1037 1459 te
1079 1405 1257 1475 ipsum
1298 1408 1642 1476 perscribere
1684 1407 1861 1470 volui,
1921 1406 2074 1477 quia,
2129 1405 2235 1458 etsi
2278 1406 2404 1476 quid
2463 1404 2646 1476 inique
2697 1404 2754 1459 in
2795 1408 2898 1458 tua
2937 1406 3206 1475 dogmata

488 1490 679 1553 statui,
724 1489 779 1541 id
820 1494 877 1540 te
920 1486 1041 1555 ipso
1084 1502 1241 1538 nemo
1282 1488 1485 1540 rectius
1529 1488 1719 1547 diluet,
1762 1492 1822 1539 et
1863 1486 2206 1539 indicandum
2248 1485 2350 1539 tibi
2393 1492 2534 1549 erat,
2579 1503 2687 1539 non
2727 1485 2851 1538 ideo
2892 1484 3067 1547 nobiS,
3113 1484 3204 1554 qui

485 1567 761 1641 Tychonis
812 1565 1304 1635 philosophemata
1344 1583 1759 1635 receperamus,
1818 1566 1909 1619 vel
1953 1582 2245 1619 excussam
2285 1566 2377 1618 vel
2418 1566 2560 1619 omni
2609 1565 2826 1619 ratione
2882 1564 3208 1618 destitutam

484 1666 644 1711 esse,
690 1648 831 1717 quod
892 1646 1132 1699 futurum
1175 1646 1425 1709 dixeras,
1484 1646 1773 1716 pristinam
1824 1646 1974 1699 illam
2018 1644 2353 1714 opinionem,
2407 1645 2538 1716 quia
2587 1662 2624 1700 a
2673 1651 2730 1698 te
2772 1644 2927 1699 illam
2978 1644 3206 1697 arietari

486 1728 735 1781 vidimus.
817 1726 895 1778 Ut
944 1730 1127 1777 autem
1168 1725 1403 1793 publicis
1446 1725 1596 1795 typis
1649 1726 1701 1778 id
1752 1727 1936 1789 fieret,
1999 1725 2274 1793 Tychonis
2318 1724 2546 1779 arbitrio
2601 1725 2944 1779 commissum
2983 1724 3113 1787 fuit,
3171 1739 3210 1775 a

489 1826 595 1879 quo
636 1804 772 1861 facti
813 1804 1083 1867 rationes,
1142 1806 1223 1858 uti
1266 1822 1428 1874 spero
1468 1824 1577 1859 non
1619 1807 1919 1868 absurdas,
1983 1803 2192 1859 audies·
2275 1808 2362 1858 Ac
2401 1822 2538 1859 sane
2579 1804 2708 1875 quia
2753 1811 2816 1859 tu
2855 1803 3055 1857 librum
3096 1805 3208 1873 Ty·

490 1887 696 1949 ebonis,
743 1900 901 1955 quem
945 1884 1257 1939 accuratius
1302 1892 1360 1938 te
1403 1886 1610 1956 legisse
1652 1902 1856 1955 negas,
1912 1883 2260 1938 nihilominus
2321 1886 2567 1939 omnibus
2611 1883 2818 1957 ingenii
2859 1883 3065 1937 viribus
3109 1901 3206 1953 op·

488 1982 737 2037 pugnas,
801 1970 861 2017 et
902 1979 1043 2033 quae
1098 1971 1293 2019 contra
1342 1965 1523 2018 dicere
1578 1964 1838 2033 potuisti,
1901 1964 2188 2018 Germanis
2231 1965 2462 2029 nostris,
2516 1970 2581 2019 ιιι
2621 1963 2904 2035 intelligo,
2963 1964 3208 2035 legenda

490 2044 890 2101 communicas:
934 2059 1138 2112 operae
1179 2046 1420 2113 pretium
1460 2044 1592 2107 erit,
1640 2044 1687 2097 si
1726 2062 1800 2097 ex
1841 2043 2220 2113 publicatione
2261 2060 2504 2098 mearum
2547 2045 2928 2115 pagellarum,
2973 2044 3064 2114 qui
3105 2052 3205 2097 tua

487 2124 763 2180 incautius
806 2123 1093 2194 legerunt.
1155 2124 1505 2194 intelligant,
1568 2124 1797 2177 multum
1843 2124 1942 2177 tibi
2003 2126 2070 2176 ad
2113 2122 2405 2177 veritatem
2459 2124 2899 2195 perspiciendam
2955 2123 3206 2177 nocuisse

488 2221 741 2260 securam
782 2202 933 2257 illam
976 2202 1031 2255 in
1072 2202 1349 2273 Tychonis
1390 2204 1583 2258 libello
1625 2204 1864 2274 legendo
1906 2203 2327 2276 negligentiam.

650 2285 767 2338 Nec
806 2289 863 2336 te
906 2282 1181 2351 Tychonis
1222 2286 1656 2359 πολυῤῥητορια,
1697 2300 1806 2354 qua
1845 2286 1912 2336 de
1955 2284 2236 2353 querelam
2277 2281 2540 2347 instituis,
2585 2287 2836 2337 excusat.
2918 2282 3044 2335 Non
3084 2299 3210 2335 con-

489 2365 731 2420 sistimus
775 2364 845 2416 ad
888 2361 1135 2417 tribunal
1174 2363 1374 2417 morosi
1408 2362 1640 2432 judicis,
1700 2362 1793 2433 qui
1835 2363 2019 2417 taedio
2075 2380 2150 2415 ex
2210 2361 2604 2431 multiplicibus
2649 2362 2887 2432 querelis
2941 2368 3208 2432 concepto

483 2452 585 2499 aut
625 2458 891 2511 respuere
932 2458 1031 2495 nos
1074 2443 1253 2511 possit
1315 2449 1415 2496 aut
1456 2443 1604 2496 intra
1640 2444 1933 2496 verborum
1975 2459 2255 2497 numerum
2297 2458 2518 2512 cogere.
2601 2443 2848 2513 Magnae
2891 2449 3023 2496 sunt
3061 2458 3209 2495 men·

483 2526 555 2580 tis
600 2530 823 2577 nostrae
866 2522 1151 2585 tenebrae,
1197 2528 1500 2577 contumax
1540 2522 1836 2576 memoriae
1879 2522 2124 2583 durities,
2174 2538 2316 2591 quae
2336 2527 2402 2575 ut
2443 2522 2760 2591 exemplum
2807 2520 2996 2591 capiat
3023 2538 3212 2575 eorum

484 2618 629 2676 quae
673 2604 969 2663 docentur,
1029 2602 1217 2656 multis
1259 2602 1459 2655 ictibus
1503 2618 1639 2671 opus
1694 2610 1803 2656 est.
1885 2604 1999 2655 Res
2055 2601 2181 2671 ipsa
2220 2618 2450 2672 mag-na,
2507 2601 2786 2671 pretiosa,
2847 2601 3207 2664 honorabilia

482 2682 715 2743 nobilis,
759 2681 973 2744 divina,
1032 2682 1242 2735 veritas
1285 2699 1481 2752 nempe
1524 2686 1583 2735 et
1624 2682 1887 2745 scientia;
1941 2698 2081 2751 quae
2125 2680 2387 2751 temporis
2421 2680 2702 2749 jacturam
2743 2680 2939 2743 facile,
2998 2681 3044 2734 si
3084 2698 3208 2749 per·

481 2762 769 2833 vestIgata
808 2759 993 2823 fuerit,
1038 2768 1373 2831 compensat.
1456 2762 1573 2816 Nec
1614 2762 1830 2826 dubito,
1877 2778 1987 2832 qua
2029 2778 2088 2815 es
2131 2759 2338 2832 ingenii
2383 2761 2756 2830 praestantia,
2808 2760 2855 2814 si
2898 2765 3114 2816 tantam
3155 2760 3210 2816 in

489 2841 847 2913 Tyohoniano
878 2841 1018 2894 libro
1048 2842 1430 2912 prolixitatem
1475 2858 1741 2911 superare
1782 2843 2089 2911 potuisses,
2137 2847 2350 2910 quanta
2389 2843 2481 2894 vel
2522 2841 2835 2896 felicissimo
2877 2841 3099 2911 ingenio
3139 2843 3209 2895 ad

484 2939 555 2976 ea
596 2937 737 2992 quae
780 2919 1035 2974 dicuntur
1076 2921 1446 2991 intelligenda
1485 2938 1622 2989 opus
1666 2927 1778 2985 est,
1843 2921 1970 2992 quin
2012 2923 2234 2975 tandem
2274 2920 2527 2975 veritatis
2587 2921 2830 2991 aliquam
2871 2921 3210 2991 suscepisses

484 3001 727 3071 effigiem
769 2999 1075 3069 mentisque
1123 3003 1386 3055 tenebras
1429 3001 1769 3070 dispulisses.
1853 3006 1936 3055 Ac
1994 3001 2123 3055 mihi
2185 3018 2346 3065 sane,
2407 3008 2473 3054 ut
2511 3018 2700 3055 verum
2743 3001 2942 3064 dicam,
3003 3000 3210 3056 minore

484 3079 683 3135 mentis
726 3078 1033 3133 intentione
1090 3087 1445 3151 temporeque
1503 3081 1755 3135 constitit
1794 3081 1966 3135 totius
2010 3081 2286 3151 Tychonis
2346 3079 2473 3134 libri
2529 3088 2590 3135 et
2630 3081 2932 3152 apologiae
2986 3082 3214 3150 prolixa

486 3159 667 3222 lectio,
720 3173 883 3228 quam
926 3159 1313 3230 Capnuraniae
1356 3165 1521 3224 tuae,
1586 3160 1771 3214 nescio
1814 3179 1890 3214 ex
1932 3178 2038 3232 quo
2083 3167 2288 3232 arguto
2339 3160 2554 3231 pulpito
2599 3161 2652 3214 in
2694 3161 2841 3215 hanc
2881 3159 3208 3230 disputatio-

486 3255 611 3294 nem
651 3256 758 3293 non
801 3240 942 3291 bene
985 3241 1254 3294 arcessita
1294 3241 1548 3295 concisio.
1632 3242 1747 3294 Res
1788 3241 1940 3311 ipsas
1981 3240 2080 3294 vix
2121 3241 2395 3312 capimus,
2438 3247 2498 3294 et
2538 3247 2601 3294 tu
2641 3242 2932 3294 verborum
2971 3240 3206 3312 gryphis

486 3319 711 3387 insuper
753 3318 981 3388 ingenia
1024 3321 1269 3374 cruciare
1302 3319 1512 3388 jubes?

644 3397 751 3452 Sed
795 3400 865 3451 ad
904 3416 1021 3453 rem
1059 3400 1359 3454 veniamus.
1442 3399 1717 3469 Principio
1771 3400 2021 3454 candoris
2082 3399 2185 3453 tibi
2236 3400 2457 3454 laudem
2520 3397 2731 3464 tribuo,
2791 3399 2882 3476 qui
2945 3414 3203 3453 summam

484 3477 707 3533 intimae
751 3485 883 3531 tuae
925 3479 1244 3533 intentionis
1306 3479 1362 3533 in
1402 3480 1582 3533 fronte
1642 3479 1815 3548 ponis.
1903 3483 2222 3534 Auctoritas
2263 3497 2378 3534 una
2419 3486 2506 3533 tot
2547 3485 2796 3534 'aetatum
2853 3478 2954 3533 tibi
2995 3481 3204 3542 obstat,

484 3557 613 3613 huic
654 3575 841 3612 omnes
882 3559 1089 3630 ingenii
1130 3559 1294 3624 vires,
1337 3559 1466 3613 huic
1506 3565 1683 3614 totum
1723 3560 1869 3613 hunc
1908 3561 2158 3614 laborem
2186 3559 2471 3614 devovisti.
2553 3559 2631 3613 Et
2658 3559 2944 3631 quisquam
2971 3558 3204 3622 dubitet,

488 3655 559 3692 an
599 3639 1022 3704 mathematicas
1064 3639 1575 3703 demonstrationes,
1620 3655 1758 3709 quas
1800 3639 2081 3709 proponis,
2125 3639 2244 3708 ipse
2274 3640 2593 3709 perspicias,
2639 3639 2794 3707 cujus
2837 3656 2994 3693 omne
3021 3640 3206 3692 lumen

420 3745 426 3752 ’
484 3716 651 3772 animi
691 3717 797 3770 hoc
837 3709 1187 3788 antiquitatis
1230 3721 1448 3788 pallore
1491 3720 1755 3786 imbutum
1798 3725 1926 3772 est?
2008 3723 2096 3772 An
2142 3719 2314 3789 igitur
2372 3719 2503 3772 mihi
2545 3719 2920 3782 succensebis,
2986 3718 3033 3771 si
3075 3734 3208 3788 quq-

481 3797 589 3852 ties
633 3798 917 3866 pulverem
958 3799 1355 3868 geometricum
1396 3799 1661 3869 attinges,
1705 3799 1842 3851 illud
1883 3799 1968 3854 tui
2007 3798 2205 3862 divini,
2251 3817 2371 3852 cum
2413 3801 2599 3853 oculos
2644 3799 2842 3868 aperit,
2886 3797 3206 3851 Aristotelis

482 3877 585 3930 tibi
634 3893 930 3945 reponam,
994 3884 1053 3930 et
1094 3879 1238 3932 inter
1279 3895 1375 3931 eos
1416 3884 1473 3932 te
1514 3879 1785 3942 referam,
1830 3881 1896 3932 de
1940 3878 2134 3950 quibus
2179 3879 2457 3949 queritur,
2503 3882 2645 3949 quod
2687 3897 2820 3934 non
2862 3884 3209 3949 quaerant

479 3955 800 4010 rationes
856 3963 927 4011 et
986 3974 1245 4012 causas
1307 3960 1389 4012 ad
1432 3975 1515 4012 ea
1585 3975 1760 4029 quae
1823 3965 2186 4029 apparent
2239 3961 2605 4014 reddenda
2662 3966 2731 4012 et
2783 3958 3210 4013 efficienda:

481 4037 600 4089 sed
641 4037 723 4089 ad
772 4031 1348 4108 praeconfceptas
1412 4055 1573 4092 suas
1636 4041 1972 4108 quasdam
2033 4039 2404 4108 opiniones
2459 4036 2532 4093 et
2587 4039 3206 4101 ratiocinationes,

481 4115 663 4186 qualis
706 4122 797 4169 est
848 4124 950 4172 tua
1008 4120 1077 4172 de
1118 4119 1453 4189 antiquitate
1507 4119 1826 4188 persuasio,
1890 4119 2056 4188 ipsa
2108 4121 2614 4189 phaenomena,
2675 4125 2856 4173 ιιι-ιιι
2899 4136 3001 4180 ea,
3066 4135 3206 4188 quae

480 4195 858 4251 mathematici
922 4197 979 4250 in
1039 4205 1285 4252 cometae
1346 4204 1497 4252 motu
1556 4199 2066 4267 deprehenderunt,
2129 4200 2508 4253 violenter
2569 4201 3082 4253 accommodent
3139 4203 3210 4252 et

481 4275 887 4333 conciliare
948 4283 1328 4331 conentur?
1414 4278 1555 4340 Quid
1616 4279 1740 4330 ais?
1825 4282 1912 4331 An
1970 4279 2269 4333 etiamnum
2311 4281 2541 4333 mundus
2603 4280 2705 4333 tibi
2770 4285 3030 4332 aeternus
3084 4283 3205 4331 est?

482 4354 587 4410 Sol·
618 4355 767 4408 infra
810 4349 858 4420 Ω
900 4363 963 4410 et
1010 4347 1053 4412 ἕ
1096 4363 1217 4410 est?
1299 4357 1631 4426 Principium
1674 4374 1964 4411 nervorum
2005 4358 2060 4411 in
2103 4361 2263 4412 corde
2306 4365 2426 4412 est?
2511 4359 2651 4421 Quia
2698 4359 2749 4411 id
2794 4358 2952 4411 scivit
2991 4357 3207 4412 Aristo-

482 4435 643 4498 teles,
688 4436 891 4505 vulg-us
936 4437 1298 4505 approbavit.
1357 4455 1469 4490 nox
1511 4437 1624 4490 ista
1663 4445 1970 4505 temporum
2013 4444 2098 4492 tot
2137 4439 2328 4492 secula
2368 4441 2544 4510 longa
2585 4438 2982 4493 consolidavit?
3067 4437 3205 4499 Quid

482 4513 657 4583 igitur
696 4515 818 4567 Deo
860 4516 1079 4586 gratias
1124 4517 1340 4587 agimus
1384 4516 1657 4586 quotidie,
1713 4516 1803 4586 qui
1849 4516 2108 4586 dispulsis
2172 4518 2280 4571 illis
2335 4518 2580 4572 tenebris
2640 4535 2759 4572 cum
2820 4519 2872 4572 in
2934 4517 3206 4590 religione

484 4599 601 4647 tum
642 4593 699 4646 in
739 4595 953 4649 artibus
997 4604 1057 4651 et
1097 4596 1273 4651 literis
1318 4596 1673 4650 clarissimam
1717 4595 2046 4667 cognitionis
2091 4613 2344 4652 auroram
2364 4598 2695 4652 reduxerit?
2777 4601 2866 4652 An
2907 4597 3206 4652 etiamnum

483 4678 797 4736 stertimus,
842 4692 961 4729 cum
996 4675 1117 4744 jam
1160 4679 1371 4732 clarum
1411 4693 1569 4731 mane
1612 4680 1887 4731 fenestras
1931 4676 2142 4733 intrat?
2201 4682 2288 4732 An
2321 4679 2440 4733 heri
2483 4695 2667 4732 omnes
2698 4685 2934 4732 naturae
2979 4679 3205 4733 thesau-

481 4769 574 4808 ros
618 4754 887 4809 exhausit
923 4757 1290 4821 Aristoteles,
1333 4765 1398 4811 ut
1440 4757 1598 4810 hodie
1640 4757 1777 4810 nihil
1821 4759 2099 4827 supersit?
2181 4762 2270 4811 An
2313 4759 2412 4811 tibi
2457 4760 2648 4812 durum
2690 4758 2933 4820 videtur.
2975 4764 3040 4811 ut
3081 4773 3205 4810 cae-

484 4831 745 4888 cutivisse
790 4833 844 4888 in
887 4836 1075 4890 multis
1116 4844 1333 4892 veteres
1379 4837 1655 4892 dicamus?
1740 4836 1913 4904 Cujus
1975 4855 2112 4908 ergo
2155 4844 2285 4906 sunt
2323 4838 2436 4892 ista
2477 4839 2674 4890 verba:
2738 4853 2959 4908 „pauca
3007 4836 3204 4890 mentis
