3634 5575
563 369 684 444 ¹74
1265 345 1272 351 ’
1593 380 1817 444 umas
1854 346 2255 448 comatum

557 538 788 602 numeri
829 538 1136 611 indicant,
1185 548 1470 620 quantum
1515 537 1744 601 dierum
1789 557 1969 622 quam
2012 540 2283 619 proxime
2332 538 2626 602 debeatur
2668 541 2936 604 inferiori
2974 544 3289 621 planetae,

561 628 776 689 eadem
819 625 1206 706 proportione
1255 627 1332 688 ad
1379 627 1606 704 orbem,
1654 647 1772 707 qua
1819 628 2007 690 utitur
2051 628 2172 702 ille,
2222 627 2323 708 qui
2353 629 2535 690 estin
2566 630 2768 709 capite
2798 625 3291 704 columellae.”)

557 715 751 778 Vides
797 715 999 795 igitur,
1045 733 1254 777 veram
1299 715 1610 794 periodum
1655 734 1895 795 semper
1941 717 2229 779 minorem
2278 735 2438 790 esse,
2486 735 2666 799 quam
2696 725 2795 780 est
2838 718 2964 794 illa,
3014 736 3167 799 quae
3196 718 3292 780 illi

559 805 911 866 attribuitur
957 803 1034 863 ad
1083 803 1534 866 similitudinem
1583 804 1930 883 superioris.

715 891 965 952 Interim
1011 899 1214 953 tamen
1262 900 1528 953 motuum
1574 891 1849 954 binorum
1897 893 1974 954 ad
2019 893 2303 967 invicem,
2364 912 2485 954 non
2533 895 2770 974 quidem
2817 895 3059 970 eadem,
3110 895 3291 958 simi-

559 980 638 1041 lis
686 986 891 1042 tamen
939 999 1178 1061 semper
1223 987 1319 1041 est
1363 981 1689 1060 proportio,
1741 1000 1893 1061 quae
1940 982 2097 1042 inter
2144 981 2490 1044 distantias.

880 1121 1030 1183 dies.
1130 1138 1220 1181 sc.

579 1298 744 1362 Nam
904 1295 1080 1364 4332
1129 1294 1210 1359 37
1419 1303 1586 1360 totns
1622 1295 1809 1370 1000,
1852 1298 1969 1360 erit
2056 1306 2107 1368 ὁ
2153 1294 2289 1360 ’159
2373 1297 2601 1360 .media
2648 1297 2944 1361 distantia
3042 1307 3097 1370 ό
3149 1296 3289 1366 290

562 1386 616 1448 si
661 1403 768 1465 pro
949 1382 1078 1450 686
1128 1381 1212 1448 59
1269 1392 1320 1454 ὀ
1367 1401 1372 1404 ·
1417 1385 1476 1445 in
1509 1405 1582 1446 ea
1624 1385 1965 1465 quantitate
2057 1389 2106 1463 ὅ
2159 1383 2290 1450 532
2342 1403 2351 1419 ’
2398 1387 2484 1450 εἰι
2508 1383 2693 1461 1000,
2727 1386 2941 1450 estin·
3046 1390 3093 1464 ὅ
3148 1382 3286 1451 658

866 1204 1079 1272 10759
1134 1205 1214 1270 12
1261 1204 1322 1370 R
1360 1229 1382 1398 ς
1421 1207 1752 1288 accipiatur
1799 1208 1967 1270 sinus
2054 1211 2116 1285 Ἃ
2160 1205 2290 1274 403
2350 1233 2356 1252 -·
2398 1211 2492 1272 Αι
2528 1209 2579 1271 εἰ
2614 1209 2941 1290 superioris
2976 1230 3001 1436 ἱ
3041 1210 3103 1284 2!-
3148 1208 3285 1274 572

559 1475 769 1536 diebus
795 1215 823 1644 ἒ

951 1471 1077 1538 365
1133 1469 1212 1534 15
1267 1475 1316 1547 ὃ
1432 1483 1634 1536 motus
1673 1474 1946 1551 periodi·
2058 1475 2107 1548 Q
2158 1470 2287 1538 615
2402 1474 2636 1536 ferioris
2692 1474 2752 1574 {n
2813 1439 3003 1590 (30-1
3046 1475 3095 1548 ῼ
3148 1473 3283 1540 719

951 1557 1081 1627 224
1129 1557 1215 1624 42
1267 1561 1316 1634 Q
1638 1581 1744 1624 cus
2069 1565 2113 1640 3}
2160 1561 2291 1628 392
2542 1582 2787 1643 permco
3058 1565 3101 1642 ζξ
3150 1561 3289 1628 500

733 1689 850 1750 Hic
895 1687 1032 1748 vide
1077 1684 1221 1746 mihi
1271 1685 1330 1745 in
1377 1685 1636 1747 motibus
1683 1686 1917 1758 mediis,
1964 1695 2067 1748 sat
2112 1694 2278 1748 certo
2326 1687 2603 1766 cognitis,
2665 1687 2844 1767 idque
2888 1688 3063 1770 louge
3110 1688 3283 1768 prius

556 1784 736 1856 atque
784 1779 858 1838 de
905 1783 1072 1837 certa
1111 1772 1533 1834 distantiarum
1575 1773 1806 1835 ratione
1841 1771 2209 1854 Copernicus
2240 1775 2553 1855 cogitaret,
2606 1774 2760 1848 vide,
2809 1776 3071 1856 inquam,
3120 1795 3281 1838 eau-

556 1865 693 1938 dem
741 1864 1154 1927 diversitatem
1177 1909 1192 1936 ,
1244 1880 1394 1941 quae
1461 1862 1619 1930 inter
1662 1861 1829 1941 ipsas
1879 1873 1974 1925 est
2021 1863 2377 1940 distantiaS,
2438 1881 2513 1924 ex
2557 1868 3131 1944 προσθαφαιρεσοσι
3172 1881 3287 1946 per

558 1951 974 2032 Copernicum,
1023 1959 1089 2013 et
1133 1969 1209 2010 ex
1255 1950 1510 2030 quinque
1557 1951 1905 2029 corporibus
1951 1970 2061 2031 per
2104 1972 2199 2013 me
2248 1959 2625 2014 exstructas:
2678 1953 2955 2034 utrinque
3004 1973 3182 2016 secus
3232 1960 3289 2022 0⁸

557 2041 818 2115 minima,
868 2042 1004 2104 inde
1051 2057 1223 2102 secus
1272 2041 1342 2115 ζὲ,
1400 2037 1486 2112 Q,
1545 2038 1822 2114 Terram,
1882 2049 1947 2100 et
1992 2043 2256 2102 maxima
2300 2059 2475 2102 secus
2526 2041 2609 2114 Q:
2668 2041 2951 2121 utrinque
2996 2059 3173 2104 secus
3220 2040 3287 2115 ‘24

559 2138 624 2190 et
661 2131 706 2208 ἕ
762 2129 1032 2210 aequalis
1078 2145 1230 2208 pene
1248 2145 1265 2200 3
1333 2127 1475 2187 item
1543 2135 1606 2187 et
1673 2147 1847 2189 secus
1896 2129 2144 2190 Terram
2206 2137 2270 2190 et
2310 2128 2381 2202 ῼ.
2476 2129 2665 2207 Igitur
2723 2130 2818 2191 vel
2880 2129 3007 2210 jam
3068 2130 3289 2191 statim

561 2219 713 2280 satis
763 2219 1083 2298 explorata
1131 2222 1227 2277 est
1273 2213 1607 2294 Copernico
1657 2216 1730 2276 de
1778 2218 1997 2278 mundo
2048 2219 2237 2280 veteri
2285 2218 2557 2279 victoria.

738 2304 916 2377 Quod
965 2307 1017 2368 si
1065 2313 1266 2367 tamen
1313 2305 1644 2383 praecisius
1693 2305 1875 2366 etiam
1925 2306 2002 2368 ad
2050 2307 2373 2368 veritatem
2402 2307 2693 2368 accedere
2739 2314 2804 2367 et
2829 2307 3286 2387 proportionum

558 2395 989 2475 aequalitatem
1047 2394 1232 2455 ullam
1293 2410 1538 2473 sperare
1585 2394 1872 2467 velimus,
1941 2395 2188 2457 duorum
2245 2396 2500 2458 alterum
2558 2397 2940 2456 statuendum
2986 2404 3115 2457 est:
3174 2403 3289 2457 aut

561 2485 845 2546 motrices
893 2479 1230 2556 animasb),
1284 2500 1398 2560 quo
1446 2491 1587 2543 sunt
1633 2501 1670 2542 a
1707 2480 1851 2544 Sole
1898 2485 2270 2559 remotioreS,
2320 2483 2431 2546 hoc
2478 2502 2615 2545 esse
2661 2483 3113 2546 imbecilliores:
3175 2492 3289 2544 aut

559 2591 738 2634 unam
785 2591 922 2634 esse
980 2570 1290 2633 motricem
1338 2570 1596 2630 animam
1612 2573 1665 2644 ο)
1725 2571 1784 2632 in
1836 2571 2061 2634 orbium
2120 2574 2382 2634 omnium
2428 2580 2671 2644 centm,
2730 2573 2963 2635 scilicet
3008 2573 3066 2634 in
3114 2570 3285 2646 Sole,

558 2679 726 2740 quae,
777 2669 845 2723 nt
890 2661 1198 2740 quodlibet
1243 2677 1458 2738 corpus
1505 2665 1602 2720 est
1646 2659 1929 2733 vicinius,
1976 2662 2065 2722 ita
2109 2661 2521 2723 vehementius
2568 2660 2813 2723 incitet:
2880 2661 2941 2722 in
2986 2661 3279 2723 remotio-

558 2749 722 2812 ribus
769 2759 1020 2831 propter
1067 2749 1513 2827 elongationem
1553 2755 1616 2809 et
1647 2748 2123 2812 attenuationem
2152 2750 2396 2812 virtutis
2428 2749 2863 2831 quodammodo
2902 2749 3281 2828 languescat.

560 2837 733 2900 Sicut
777 2840 964 2919 igitur
1011 2839 1146 2899 fons
1195 2836 1346 2899 lucis
1391 2836 1450 2897 in
1500 2836 1644 2900 Sole
1694 2845 1808 2913 est,
1858 2848 1921 2900 et
1966 2839 2321 2919 principium
2368 2836 2575 2900 circuli
2620 2840 2678 2900 in
2728 2840 2858 2901 loco
2908 2838 3102 2913 Solis,
3152 2838 3283 2900 sci-

563 2928 704 2988 licet
749 2928 810 2988 in
859 2934 1104 2988 centro:
1172 2926 1262 2986 ita
1316 2945 1468 2987 nunc
1524 2926 1688 3000 vita,
1759 2934 1958 2989 motus
2016 2938 2077 2989 et
2136 2928 2339 2989 anima
2391 2928 2595 2990 mundi
2648 2927 2711 2988 in
2772 2928 3027 2989 eundem
3074 2928 3287 2989 Solem

563 3014 814 3076 recidit:
873 3024 942 3077 ut
985 3016 1073 3077 ita
1117 3015 1369 3075 fixarum
1414 3014 1498 3075 sit
1543 3014 1738 3095 quies,
1796 3016 2180 3095 planetarum
2236 3025 2409 3079 actus
2464 3017 2711 3077 secundi
2757 3024 3051 3090 motuum,
3114 3015 3283 3078 Solis

562 3110 736 3164 actus
799 3102 932 3182 ipse
996 3102 1259 3183 primus,
1331 3103 1428 3183 qni
1491 3103 2045 3183 incomparabiliter
2102 3105 2359 3168 nobilior
2418 3111 2516 3166 est
2573 3104 2807 3167 actibus
2874 3104 3153 3167 secundis
3221 3105 3281 3165 in

558 3192 740 3253 rebus
789 3190 1102 3253 omnibus:
1165 3210 1280 3252 uon
1339 3210 1514 3254 secus
1561 3199 1742 3271 atque
1788 3192 1898 3254 Sol
1946 3193 2073 3271 ipse
2122 3202 2185 3255 et
2231 3193 2453 3275 speciei
2498 3192 2971 3274 pulchritudine,
3036 3201 3102 3254 et
3154 3193 3285 3255 vir-

559 3280 710 3342 tutis
757 3280 1048 3353 efficacia,
1110 3288 1176 3341 et
1229 3278 1380 3341 lucis
1427 3280 1744 3359 splendore
1794 3282 2013 3343 ceteris
2061 3283 2335 3344 omnibus
2382 3284 2559 3362 longe
2605 3288 2903 3362 praestat.
2998 3282 3110 3342 Hic
3150 3281 3286 3361 jam

560 3370 738 3448 longe
785 3368 1006 3430 rectius
1053 3368 1113 3429 in
1163 3367 1367 3430 Solem
1415 3377 1763 3447 competunt
1805 3368 1917 3431 illa
1970 3371 2198 3433 nobilia
2253 3371 2560 3451 epitheta,
2630 3370 2755 3433 Cor
2810 3372 3053 3441 mundi,
3119 3370 3276 3445 Rex,

559 3458 895 3537 Imperator
931 3458 1263 3533 stellarum,
1313 3458 1476 3519 Deus
1513 3458 1787 3532 visibilis,
1839 3466 1903 3520 et
1937 3460 2187 3539 reliqua.
2256 3458 2377 3522 Sed
2428 3460 2603 3540 hujus
2650 3459 2941 3521 materiae
2987 3459 3279 3521 nobilitas

560 3546 736 3625 longe
766 3546 927 3607 aliud
973 3554 1210 3627 tempus
1257 3546 1567 3627 locumque
1613 3546 1899 3627 requirit,
1932 3546 1989 3621 ⁴¹)
2037 3557 2101 3610 et
2136 3550 2267 3630 jam
2314 3555 2497 3611 antea
2546 3556 2645 3611 sat
2691 3550 2853 3610 clare
2902 3558 3159 3627 apparet
3206 3566 3285 3610 ex

559 3634 922 3697 Narratione
967 3634 1230 3697 Rhetici.
1277 3638 1282 3647 '

732 3723 873 3785 Jam
920 3731 1120 3786 autem
1178 3726 1251 3786 de
1301 3724 1479 3785 modo
1537 3723 1996 3785 constituendae
2046 3724 2219 3805 hujus
2284 3725 2598 3806 quaesitae
2643 3725 3049 3805 proportionis
3104 3724 3281 3787 nobis

560 3811 946 3891 cogitandum
994 3820 1108 3875 est.
1205 3812 1402 3891 Supra
1448 3812 1640 3873 visum
1696 3820 1817 3887 est,
1878 3813 1929 3872 si
1986 3815 2119 3875 sola
2166 3815 2327 3877 orbis
2377 3815 2707 3894 amplitudo
2756 3816 2988 3875 faceret
3036 3814 3112 3875 ad
3160 3832 3276 3873 au-

563 3900 820 3979 gendum
869 3910 1106 3980 tempus
1152 3908 1515 3981 περιοδικωε
1576 3900 1732 3979 quod
1787 3910 2054 3962 motuum
2111 3912 2177 3964 et
2222 3903 2645 3965 distantiarum
2690 3904 3023 3965 mediarum
3068 3902 3280 3963 eadem

563 3988 901 4049 differentia
965 3989 1169 4051 futura
1231 3992 1469 4052 fuisset.
1561 3986 1738 4059 Quae
1793 4009 2003 4070 nempe
2060 3993 2365 4071 proportio
2414 3989 2501 4056 88
2558 3991 2786 4053 dierum
2840 3991 3277 4072 periodicorum

561 4076 845 4138 Mercurii
905 4076 982 4137 ad
1043 4076 1170 4141 225
1219 4078 1348 4141 dies
1395 4078 1696 4140 Veneris:
1751 4078 1963 4140 eadem
2011 4080 2167 4142 foret
2214 4080 2645 4143 semidiametri
2692 4079 2855 4142 orbis
2903 4076 3281 4142 Mercurialis

561 4166 638 4227 ad
688 4164 1035 4227 Veneriam.
1129 4166 1268 4229 Jam
1314 4186 1457 4228 vero
1515 4166 1866 4229 commiscet
1930 4189 1995 4231 se
2060 4168 2195 4231 huic
2248 4179 2513 4232 motuum
2567 4168 2939 4250 proportioni
2996 4167 3281 4231 debilitas

561 4254 832 4315 motricis
881 4254 1115 4315 animae
1161 4257 1219 4317 in
1270 4254 1595 4317 remotiori.
1690 4255 2147 4335 Dispiciendum
2192 4258 2405 4337 igitur,
2473 4278 2608 4319 cum
2654 4258 2769 4320 hac
2832 4257 3147 4320 debilitate
3214 4263 3283 4317 ut
3338 4314 3351 4321 -

564 4350 978 4422 comparatum
1023 4343 1120 4405 sit.
1211 4344 1517 4407 Ponamus
1564 4344 1776 4423 igitur,
1829 4344 1887 4407 id
1936 4346 2091 4426 qnod
2138 4346 2315 4409 valde
2363 4346 2688 4409 verisimile
2736 4353 2863 4423 est,
2915 4348 3129 4409 eadem
3170 4364 3279 4407 ra-

563 4430 725 4492 tione
773 4440 1002 4495 motum
1049 4452 1090 4493 a
1135 4431 1278 4496 Sole
1327 4433 1682 4513 dispensari,
1735 4452 1853 4514 qua
1899 4434 2111 4496 lucem.
2145 4438 2200 4509 Θ)
2274 4436 2457 4499 Lucis
2504 4444 2709 4497 autem
2756 4456 2833 4499 ex
2878 4442 3084 4497 centro
3128 4452 3278 4514 pro-

562 4528 816 4597 rogatae
865 4519 1206 4583 debilitatio
1253 4542 1373 4602 qua
1415 4523 1804 4602 proportione
1852 4524 1977 4597 fiat,
2029 4523 2248 4586 docent
2292 4525 2499 4605 optici.
2584 4526 2745 4587 Nam
2792 4532 3081 4605 quantum
3129 4523 3279 4586 lucis

565 4615 664 4668 est
707 4608 768 4670 in
813 4628 1004 4688 parvo
1051 4610 1303 4686 circu10,
1367 4612 1721 4673 tantundem
1767 4613 1954 4675 etiam
2000 4612 2151 4675 lucis
2206 4614 2335 4676 sive
2378 4614 2688 4676 radiorum
2732 4613 3031 4675 Solarium
3078 4620 3177 4675 est
3218 4610 3280 4672 in

565 4714 806 4775 magno.
899 4698 1058 4761 Hinc
1103 4720 1236 4763 cum
1283 4700 1366 4763 sit
1411 4700 1471 4761 in
1517 4718 1705 4781 parvo
1755 4702 2057 4782 stipatior,
2102 4702 2163 4764 in
2208 4720 2429 4783 magno
2474 4704 2731 4778 tenuior,
2779 4721 3063 4765 mensura
3105 4701 3280 4780 hujus

567 4786 1006 4849 attenuationis
1053 4808 1130 4851 ex
1173 4790 1310 4870 ipsa
1347 4788 1699 4851 circulorum
1727 4790 2114 4871 proportione
2138 4792 2407 4871 petenda
2442 4791 2575 4868 erit,
2622 4792 2801 4873 idque
2849 4800 2975 4853 tam
3020 4792 3081 4853 in
3128 4792 3279 4865 luce,

565 4890 746 4957 quam
799 4873 861 4935 in
917 4878 1164 4941 motrice
1221 4880 1463 4941 virtute.
1567 4874 1772 4950 Quare
1840 4888 2063 4962 quanto
2130 4880 2383 4963 amplior
2428 4881 2649 4969 „Venus
2704 4880 3004 4945 Mercurio
3026 4926 3042 4957 ,
3106 4884 3281 4943 tanto
