3634 5575
327 549 380 599 in
413 547 634 631 omnihus
669 560 758 612 pro
793 554 878 599 tuo
915 552 1112 601 amitto
1147 552 1514 615 panus-imum
1552 550 1769 603 exlnbeo.
1844 550 1975 603 Vale
2010 553 2065 601 et
2098 550 2165 601 ad
2185 564 2265 601 me
2286 550 2671 614 jucundissimas
2692 558 2805 603 uras
2829 554 3025 605 mittero

327 634 391 669 ω
429 632 665 741 Ἧῖῗζι
699 689 894 743 Patavii
927 692 1048 757 prm.
1085 654 1199 743 son.
1239 694 1452 760 Augusti
1493 691 1645 744 1597.
2824 646 2843 663 ’

1165 762 1375 815 Honoris
1412 772 1464 816 et
1497 767 1705 815 nominis
1742 768 1814 816 tui
1852 766 2171 817 amicissimus

1395 836 1646 889 Galilaens
1683 838 1935 889 Galilaens
1971 839 2023 889 in
2059 837 2202 888 acad.
2242 835 2417 887 Patav.
2454 837 2835 889 mathematicus
2861 834 2951 901 n).

465 940 686 1004 Apparet
719 954 780 990 ex
813 938 890 989 his
925 938 1107 998 literis,
1148 941 1404 1007 Copernici
1440 946 1738 995 senteutiam
1775 945 1888 993 viris
1923 946 1974 993 in
2010 942 2161 993 Italia
2197 942 2470 993 catholicae
2512 942 2625 993 fidei
2669 943 2877 993 addictis
2920 952 3025 995 tum

322 1013 554 1077 temporis
589 1026 688 1061 non
724 1012 884 1076 magis
917 1012 1174 1077 probatam
1211 1028 1335 1075 esse,
1374 1028 1521 1079 quam
1555 1017 1607 1065 in
1644 1018 1914 1066 Germania
1935 1014 2248 1070 Lutheranis,
2289 1016 2426 1077 cujus
2461 1015 2533 1064 rei
2570 1020 2749 1064 testem
2784 1014 3021 1065 habemus

323 1096 471 1147 quem
508 1082 716 1133 diximus
747 1082 1163 1133 Bateni-efferum.
1237 1084 1374 1147 Quid
1405 1086 1631 1137 Galilaeo
1679 1089 1901 1137 evenerit
1945 1087 2195 1137 decenniis
2233 1086 2420 1150 aliquot
2452 1092 2707 1151 postquam
2740 1086 2933 1151 publice
2968 1100 3024 1135 se

324 1168 436 1205 eum
476 1152 746 1218 Copernico
784 1156 966 1205 sentire
1000 1156 1244 1219 professus
1282 1164 1374 1215 est.
1414 1172 1558 1209 nemo
1593 1160 1768 1211 nescit.
1807 1186 1877 1197 -—

467 1224 785 1291 Keplerus
835 1226 914 1276 die
967 1224 1048 1275 13.
1088 1225 1199 1276 Oct.
1247 1226 1378 1278 1597
1415 1230 1482 1281 ad
1515 1232 1808 1295 praemissas
1847 1230 2058 1281 Galilaei
2091 1230 2260 1279 literas
2296 1226 2423 1279 haec
2457 1228 2735 1293 respondit.
2772 1242 2900 1295 quae
2938 1228 3022 1279 de-

321 1298 583 1347 sumsimns
621 1312 682 1347 ex
718 1297 946 1347 Editione
983 1296 1198 1363 Operum
1236 1300 1446 1351 Galilaei
1481 1300 1764 1353 Florentina
1801 1298 1965 1363 (1842
2003 1316 2073 1367 sq.
2112 1300 2224 1350 Vol.
2262 1298 2402 1349 vlu.
2438 1315 2486 1365 p.
2528 1296 2654 1361 zo:

501 1440 742 1502 Literas
789 1448 944 1514 tuas,
993 1440 1087 1502 vir
1129 1441 1572 1519 humanissime,
1621 1442 1684 1509 4.
1715 1446 1875 1523 Aug.
1925 1444 2199 1523 scriptas,
2260 1443 2311 1504 1.
2352 1441 2526 1521 Sept.
2576 1442 2821 1522 accepi3
2871 1460 3021 1521 quae

323 1528 562 1609 quidem
621 1528 853 1608 gemino
909 1548 1004 1590 me
1062 1531 1313 1593 affecere
1365 1534 1610 1613 gaudio,
1669 1534 1921 1615 primum
1966 1540 2210 1613 propter
2256 1530 2575 1593 amicitiam
2620 1539 2819 1592 tecum
2866 1532 3022 1593 Italo

320 1617 552 1690 initam,
599 1627 742 1698 post
785 1627 1032 1699 propter
1077 1638 1429 1683 consensum
1477 1631 1742 1685 nostrum
1769 1623 1829 1684 in
1864 1620 2339 1701 Cosmographia
2371 1600 2805 1700 Copernicana.
2874 1618 3024 1681 Cum

317 1706 508 1785 igitur
549 1708 610 1769 in
657 1707 821 1769 calce
869 1708 1162 1788 epistolae
1209 1710 1545 1775 humaniter
1586 1730 1681 1773 me
1729 1714 1805 1774 ad
1854 1712 2093 1774 crebras
2125 1710 2413 1788 epistolas
2444 1708 2787 1780 invitasses,
2836 1728 3023 1789 neque
3132 1748 3139 1755 -

319 1794 460 1857 mihi
511 1804 725 1876 sponte
772 1816 906 1858 mea
953 1796 1173 1859 stimuli
1221 1799 1297 1860 ad
1344 1800 1455 1862 hoc
1503 1802 1811 1876 deessent,
1882 1802 2081 1863 facere
2129 1806 2397 1861 attamen
2454 1816 2567 1859 non
2627 1798 2825 1877 potui,
2886 1796 3021 1877 quin

317 1904 427 1966 per
489 1886 646 1947 hunc
709 1894 1092 1967 praesentem
1135 1888 1394 1951 nobilem
1431 1890 1713 1967 juvenem
1761 1892 1837 1953 ad
1884 1898 1947 1952 te
1996 1888 2333 1951 scriberem.
2426 1886 2725 1949 Existimo
2774 1904 3023 1967 namque

317 1982 386 2037 te
434 1974 511 2035 ab
557 1994 628 2035 eo
675 1982 980 2055 tempore,
1050 1976 1100 2039 si
1159 1979 1342 2041 otium
1407 1980 1517 2042 tibi
1576 1980 1715 2055 fuit,
1781 1980 2049 2041 libellum
2102 1996 2295 2041 meum
2340 1976 2601 2058 penitius
2648 1976 3020 2054 cognovisse.
3100 2024 3113 2039 ,

319 2063 470 2126 Inde
517 2065 732 2143 cupido
779 2083 874 2126 me
920 2066 1239 2129 vehemens
1285 2068 1538 2142 incessit
1582 2088 1867 2132 censurae
1913 2076 2053 2131 tuae
2099 2066 2550 2147 percipiendae:
2600 2064 2686 2125 sic
2734 2064 2885 2125 enim
2917 2084 3022 2127 so-

323 2153 424 2214 leo
472 2153 550 2214 ad
599 2172 974 2235 quoscunque
1021 2157 1252 2231 scribo,
1312 2158 1542 2236 judicia
1597 2159 1670 2219 de
1717 2158 1867 2221 meis
1914 2158 2258 2235 incorrupta
2303 2155 2662 2234 efflagitare.
2752 2153 2837 2215 Et
2880 2153 3024 2215 mihi

321 2240 538 2304 credas
566 2243 765 2315 velim,
815 2244 973 2305 malo
1013 2246 1186 2308 unius
1227 2246 1814 2322 cordati-censuram,
1866 2246 2137 2329 quamvis
2168 2262 2383 2315 acrem,
2436 2242 2823 2323 quamtotius
2860 2242 3023 2321 vulgi

317 2330 798 2395 inconsideratos
844 2333 1191 2413 applausus.
1284 2336 1530 2399 Utinam
1577 2356 1719 2398 vero
1768 2336 1899 2411 tibi,
1948 2334 2057 2398 tali
2088 2332 2493 2413 intelligentia
2518 2332 2810 2413 praedito,
2862 2332 3025 2393 aliud

317 2419 688 2501 propositum
756 2422 960 2484 esset!
1052 2423 1210 2487 Nam
1275 2427 1392 2488 etsi
1458 2426 1762 2507 sapienter
1807 2433 1873 2488 tu
1940 2433 2007 2487 et
2050 2422 2283 2485 occulte
2340 2421 2649 2501 proposito
2696 2420 3024 2500 exemplari

317 2518 458 2573 tuae
503 2529 793 2589 personae
841 2529 1077 2587 mones,
1129 2513 1455 2577 cedendum
1501 2514 1825 2577 universali
1872 2511 2269 2595 ignorantiae,
2319 2529 2427 2572 nec
2474 2528 2611 2572 sese
2658 2518 2884 2571 temere
2922 2509 3019 2573 in‘-

319 2600 642 2677 gerendum
687 2601 783 2661 vel
831 2602 1242 2682 opponendum
1287 2603 1450 2683 vulgi
1497 2605 1802 2666 doctorum
1853 2602 2148 2667 furoribus
2196 2601 2347 2682 (qua
2390 2599 2449 2661 in
2497 2618 2559 2661 re
2600 2598 2911 2659 Platonem
2961 2608 3025 2658 et

315 2687 750 2769 Pythagoram,
811 2697 1048 2753 nostros
1095 2691 1384 2777 genuinos
1429 2694 1782 2773 magistros,
1844 2690 2167 2774 sequeris),
2228 2696 2427 2751 tamen
2476 2706 2608 2749 cum
2664 2688 2775 2749 hoc
2822 2686 3022 2749 seculo

317 2777 578 2858 primum
625 2799 662 2839 a
709 2776 1057 2860 Copernico,
1109 2781 1320 2844 deinde
1369 2803 1408 2844 a
1451 2782 1849 2864 compluribus
1897 2790 1960 2844 et
2006 2777 2369 2842 doctissimis
2417 2767 2647 2859 qubque
2683 2777 3021 2839 mathema-

320 2868 572 2930 ticorum
617 2867 890 2930 immanis
937 2871 1134 2949 operis
1182 2871 1410 2934 initium
1458 2873 1538 2934 sit
1585 2871 1827 2945 factum,
1880 2890 2067 2950 neque
2114 2869 2227 2930 hoc
2267 2869 2396 2947 jam
2443 2883 2618 2946 porro
2666 2885 2879 2927 novum
2920 2866 3021 2937 sit,

319 2957 569 3018 Terram
614 2975 888 3020 movere:
935 2959 1312 3038 praestiterit
1360 2960 1618 3024 fortasse
1666 2961 2073 3024 communibus
2122 2956 2425 3047 suffragiis
2473 2955 2655 3018 semel
2708 2955 3023 3035 impulsum

315 3046 472 3108 hunc
519 3065 754 3108 currum
799 3047 1172 3112 continenter
1218 3049 1296 3111 ad
1342 3059 1563 3113 metam
1612 3070 1849 3131 rapere,
1897 3058 1990 3124 ut,
2048 3048 2187 3130 quia
2231 3047 2529 3108 rationum
2574 3045 2842 3124 pondera
2884 3044 3020 3105 vul-

316 3152 426 3214 gus
490 3135 686 3198 minus
743 3136 954 3208 librat,
1020 3139 1445 3200 autoritatibus
1510 3139 1656 3202 illud
1703 3140 1899 3220 magis
1964 3137 2274 3218 magisque
2340 3135 2589 3196 obruere
2652 3132 3019 3214 incipiamus,

317 3224 369 3287 si
438 3224 592 3286 forte
661 3243 769 3305 per
831 3227 1102 3288 fraudem
1165 3228 1358 3309 ipsum
1422 3230 1480 3290 in
1546 3229 1943 3308 cognitionem
2006 3225 2285 3289 veritatis
2330 3223 2651 3304 perducere
2718 3241 3019 3304 queamus⁸

320 3313 451 3374 Tua
512 3314 744 3375 ratione
815 3315 989 3378 simul
1065 3316 1409 3380 laborantes
1465 3325 1558 3380 tot
1631 3317 1847 3400 iniquis
1907 3315 2150 3398 judiciis
2216 3313 2411 3375 socios
2475 3311 2811 3392 adjutareS,
2886 3311 3021 3372 dum

319 3402 408 3464 illi
470 3403 564 3463 vel
619 3404 900 3465 solatium
977 3415 1260 3486 caperent
1325 3426 1400 3468 ex
1455 3415 1556 3468 tuo
1623 3426 1915 3468 consensu
1980 3407 2077 3468 vel
2131 3403 2493 3483 praesidium
2554 3421 2629 3462 ex
2674 3401 3019 3464 autoritate.

318 3491 457 3552 Non
507 3491 662 3554 enim
708 3493 800 3556 tui
845 3493 1034 3556 solum
1081 3495 1222 3557 Itali
1271 3503 1439 3570 sunt,
1499 3496 1596 3578 qui
1653 3515 1720 3556 se
1779 3497 2034 3570 moveri,
2092 3490 2209 3554 nisi
2264 3491 2559 3563 sentiant,
2619 3491 2861 3552 credere
2907 3509 3024 3550 non

317 3587 592 3661 possunt,
643 3581 750 3643 sed
800 3581 982 3644 etiam
1027 3605 1139 3646 nos
1186 3583 1282 3647 hic
1329 3584 1385 3646 in
1436 3583 1762 3648 Germania
1809 3603 1923 3646 non
1972 3583 2253 3664 optimam
2303 3580 2581 3658 dogmate
2615 3579 2735 3640 isto
2766 3579 3019 3659 gratiam

319 3669 558 3732 inimus.
654 3669 882 3732 Verum
949 3683 1088 3736 sunt
1156 3675 1454 3749 rationes,
1531 3675 1742 3756 quibus
1813 3693 1920 3735 nos
1987 3679 2197 3734 contra
2260 3668 2370 3730 has
2436 3667 2819 3729 difficultates
2888 3685 3018 3729 mu-

315 3777 571 3820 niamus.
759 3767 770 3778 ⁸

496 3847 796 3922 Primum,
847 3851 924 3910 ab
969 3849 1078 3913 illa
1124 3852 1348 3933 ingenti
1397 3851 1696 3914 hominum
1743 3849 2121 3914 multitudine
2168 3853 2484 3928 separatus
2534 3864 2688 3919 sum,
2749 3863 2857 3904 nec
2902 3864 3017 3906 uno

321 3943 458 4000 actu
507 3945 600 4000 tot
645 3937 966 4000 clamorum
1013 3942 1332 4022 strepitum
1376 3939 1604 4003 hauri0.
1697 3940 1949 4012 Deinde,
1998 3939 2097 4019 qui
2145 3937 2285 3999 mihi
2322 3943 2461 3997 sunt
2487 3933 2756 4015 proximi,
2804 3934 3018 4012 vulgus

321 4025 617 4089 hominum
667 4035 779 4100 est,
829 4027 926 4110 qui
974 4049 1108 4092 cum
1151 4031 1299 4094 haec
1346 4031 1644 4104 abstrusa,
1695 4039 1762 4112 ut
1790 4029 1973 4101 aiunt,
2026 4045 2140 4088 non
2172 4025 2429 4105 capiant,
2479 4025 2766 4086 mirantur
2795 4031 3016 4095 tamen,

319 4135 450 4188 nec,
499 4115 740 4178 credere
786 4118 978 4180 velint
1025 4139 1098 4180 an
1147 4139 1284 4192 non,
1333 4139 1590 4200 unquam
1636 4137 1839 4182 secum
1884 4116 1997 4196 ipsi
2041 4116 2331 4194 cogitant.
2404 4113 2585 4177 Docti
2623 4112 3015 4184 mediocriter,

319 4223 434 4285 quo
465 4211 605 4266 sunt
632 4205 1071 4285 prudentiores,
1121 4209 1232 4271 hoc
1261 4210 1496 4272 cautius
1535 4227 1670 4271 sese
1718 4207 2056 4270 immiscent
2102 4205 2265 4267 hisce
2304 4203 2855 4266 mathematicorum
2887 4200 3014 4263 liti-

319 4293 452 4356 bns.
548 4291 824 4364 Quinimo
873 4296 1154 4360 fascinari
1199 4306 1471 4379 possunt,
1524 4297 1678 4378 quod
1727 4304 2012 4377 expertus
2043 4296 2269 4374 loquor,
2318 4291 2642 4355 autoritate
2672 4291 3015 4354 matheseos

319 4383 678 4463 peritorum;
744 4391 810 4445 ut
873 4403 1004 4448 cum
1053 4387 1300 4450 audiunt
1348 4407 1496 4470 quas
1533 4387 1664 4467 jam
1711 4387 2043 4448 habeamus
2090 4381 2521 4462 Ephemerides
2581 4401 2655 4441 ex
2703 4377 3014 4460 Copernici

323 4471 752 4554 hypothesibus
800 4482 1144 4550 extructas,
1195 4477 1521 4558 quicunque
1569 4475 1744 4537 hodie
1791 4474 2060 4537 scribant
2104 4471 2571 4553 Ephemerides,
2622 4468 3015 4549 Copernicum

323 4579 528 4622 omnes
577 4560 782 4641 sequi;
827 4571 896 4625 ut
942 4585 1074 4628 cum
1121 4565 1196 4627 ab
1243 4566 1388 4645 ipsis
1435 4564 1791 4646 postulatur,
1844 4573 1911 4626 ut
1940 4563 2287 4635 concedant,
2321 4559 2477 4641 quod
2513 4559 2748 4622 nonnisi
2783 4559 2841 4619 in
2878 4577 3009 4620 ma-

323 4649 483 4712 thesi
532 4649 822 4713 institutis
870 4651 1259 4717 demonstrari
1307 4655 1538 4731 possit,
1583 4653 1992 4736 phaenomena
2038 4652 2166 4714 sine
2214 4659 2375 4713 motu
2420 4649 2639 4711 Terrae
2687 4647 3010 4710 consistere

323 4758 440 4800 nou
489 4757 687 4819 posse.
781 4741 936 4804 Nam
986 4742 1096 4806 etsi
1145 4745 1294 4806 haec
1338 4745 1646 4823 postulata
1691 4743 1786 4804 vel
1834 4741 2227 4824 pronunciata
2272 4757 2387 4801 non
2418 4745 2556 4801 suut
2585 4737 3011 4807 demonstrata,

325 4836 467 4890 sunt
525 4837 722 4890 tamen
789 4849 828 4890 a
882 4851 992 4894 non
1040 4829 1482 4896 mathematicis
1530 4832 1939 4894 concedenda.·
2024 4829 2287 4909 Cumque
2336 4829 2453 4890 sint
2501 4847 2681 4902 vcra,
2748 4845 2851 4888 cur
2896 4845 3007 4887 non

323 4935 434 5003 pro
469 4916 934 4984 irrefutabilibus
963 4921 1468 4990 obtruderentur?
1512 4921 1774 4986 Restant
1813 4922 2001 5014 igitur
2042 4919 2152 4983 soli
2191 4915 2617 4992 mathematici,
2664 4915 3009 5006 quibuscum
