3634 5575
1186 1272 2262 1430 rsoonmuu

1560 1595 1825 1607 -——-—-—

515 1757 581 1818 In
628 1755 1006 1835 praefatione
1052 1755 1132 1817 ad
1159 1755 1549 1817 Prodromum
1589 1756 1760 1836 (pag.
1792 1753 1911 1830 36)
1959 1757 2221 1838 epistola
2266 1764 2473 1820 exstat
2501 1758 2593 1832 (d.
2624 1757 2795 1837 Sept.
2835 1753 3055 1832 1597),

339 1846 398 1908 in
449 1865 567 1926 qua
611 1845 914 1926 Keplerus
959 1845 1056 1907 his
1100 1843 1303 1906 verb‘is
1339 1845 1671 1908 Maestlino
1717 1847 1995 1921 nunciat,
2062 1847 2303 1910 misisse
2352 1867 2418 1908 se
2456 1847 2821 1928 Raymaro
2868 1847 3055 1909 Urso

335 1935 690 1997 Dithmarso
753 1933 1102 2014 opusculum
1149 1953 1340 1996 suum.
1434 1934 1671 2007 „Ursus
1715 1935 1921 2015 Praga
1976 1935 2053 1997 ad
2106 1955 2199 1997 me
2248 1934 2520 2017 scripsit,
2582 1944 2798 2013 petens
2824 1953 3055 1996 exem·

339 2023 539 2108 plaria
557 2043 574 2098 ;
625 2023 716 2084 cui
767 2022 1038 2104 quamvis
1084 2020 1324 2084 minime
1353 2022 1526 2103 gravi
1573 2025 1812 2087 authori
1858 2024 2078 2087 indulsi
2126 2033 2352 2102 tamen,
2404 2025 2543 2106 quia
2573 2022 2915 2086 Caesareus
2962 2030 3059 2084 est

341 2111 846 2185 mathematicus,
909 2111 1170 2192 mihique
1231 2131 1350 2191 qua
1411 2113 1700 2192 prodesse
1761 2134 1881 2194 qua
1940 2113 2155 2176 obesse
2213 2121 2438 2194 potest.
2532 2113 2718 2174 Patet
2772 2112 2935 2175 enim
2996 2110 3055 2174 in

341 2201 610 2284 Styriam
655 2220 843 2282 usque
889 2200 1021 2279 ejus
1068 2198 1519 2264 familiaritas.“
1611 2202 1758 2264 Inde
1803 2202 2072 2283 Keplero
2118 2211 2255 2264 orta
2284 2211 2425 2265 sunt
2460 2201 2856 2276 incommoda,
2904 2219 3057 2281 quae

343 2298 664 2372 sequentes
711 2290 1001 2353 exhibent
1044 2289 1302 2370 paginae
1351 2297 1416 2350 et
1462 2309 1712 2371 quorum
1761 2292 2267 2376 sublevandorum
2314 2311 2501 2353 causa
2537 2290 2837 2370 Keplerus
2876 2289 3054 2352 libel-

341 2380 464 2442 lum
529 2380 916 2460 conscripsit,
983 2378 1082 2460 qui
1139 2378 1412 2459 quamvis
1467 2397 1584 2441 non
1643 2380 1959 2443 absolutus
2008 2400 2039 2441 e
2104 2379 2527 2460 manuscriptis
2586 2377 3057 2459 Petropolitanis

341 2466 598 2548 primum
643 2469 740 2530 hic
785 2469 950 2551 typis
995 2467 1326 2548 impressus
1373 2475 1489 2530 est.

520 2557 560 2620 J
573 2558 680 2620 oh.
729 2557 1088 2620 Mollerus
1137 2557 1640 2637 Flensburgensis
1704 2556 1764 2618 in
1810 2563 1975 2618 tomo
2014 2557 2062 2619 Ι.
2111 2557 2309 2638 operis
2356 2555 2658 2635 inscripti:
2728 2553 3059 2618 Cimbria

252 2709 262 2718 ,
343 2647 698 2708 Literata
744 2646 1040 2715 (Hafniae
1075 2641 1274 2725 1144)
1336 2647 1486 2708 haec
1534 2647 1608 2707 de
1655 2644 1813 2707 Urso
1860 2648 2080 2708 refert:
2144 2645 2343 2709 Nicol.
2386 2645 2798 2708 Raimarus
2843 2645 3057 2714 Ursus,

341 2735 659 2799 Hensteda
705 2736 1096 2799 Dithmarsus
1145 2737 1250 2811 (an
1283 2734 1473 2799 -Ursi
1532 2753 1826 2816 agnomen
1875 2733 2240 2815 gentilitium
2295 2733 2600 2811 habuerit,
2658 2734 2757 2797 vel
2800 2734 3061 2815 ipsemet

344 2824 697 2902 adsciverit,
746 2826 1020 2906 ignoro),
1071 2825 1354 2888 subulcus
1401 2824 1818 2903 ἀναλφαβητος
1848 2826 1963 2887 fuit
1991 2826 2067 2886 ad
2098 2845 2315 2887 annum
2352 2844 2537 2905 usque
2570 2823 2794 2887 aetatis
2821 2824 2943 2886 XV
2954 2824 3058 2885 [ΙΙ.

341 2916 404 2977 A
449 2934 622 2976 suum
678 2934 826 2977 cura
869 2915 947 2976 ad
984 2914 1292 2976 literarum
1338 2914 1543 2977 studia
1591 2913 1750 2975 felici
1798 2934 2083 2976 successu
2129 2914 2372 2976 transiit
2418 2922 2483 2976 et
2525 2914 2845 2994 plerasque
2884 2911 3055 2974 ἀυτο-

343 3007 614 3075 ῦιδακτος
655 3022 945 3084 perquam
991 3002 1109 3066 sibi
1153 3003 1418 3065 reddidit
1465 3002 1814 3065 familiares.
1910 3002 2200 3078 Scholas,
2268 3004 2426 3065 sicut
2470 3003 2728 3083 ipsemet
2770 3002 3057 3064 rusticum

345 3112 414 3153 se
459 3110 686 3161 vocans
731 3093 1146 3155 Dithmarsum
1210 3099 1506 3168 testatur,
1557 3090 1688 3168 „uti
1735 3110 1840 3153 sus
1886 3092 2127 3155 hortum
2172 3091 2469 3173 percurrit
2514 3100 2577 3153 et
2624 3092 2725 3153 vix
2772 3110 2811 3152 a
2856 3089 3057 3153 limine
3182 3110 3190 3117 ·

341 3181 662 3257 salutavit,
727 3182 838 3243 sed
885 3202 924 3243 a
969 3180 1132 3243 stiva
1175 3180 1337 3243 illico
1385 3180 1443 3242 in
1490 3198 1678 3261 remp.
1727 3179 2061 3244 literariam
2116 3180 2406 3261 singulari
2464 3180 2719 3262 quodam
2778 3181 2905 3241 fato
2952 3186 3059 3241 aut

341 3270 516 3351 genio
563 3270 852 3352 irrupitf‘
941 3271 1010 3332 In
1057 3270 1318 3332 mathesi
1364 3276 1426 3331 et
1455 3268 1827 3331 astronomia
1870 3278 2073 3332 tamen
2104 3272 2409 3333 doctorem
2438 3290 2607 3333 suum
2647 3268 2834 3331 fuisse
2863 3286 3056 3348 agno-

341 3360 462 3421 scit
503 3359 547 3422 J
561 3367 812 3422 ustum
857 3359 1226 3441 Byrgium.
1319 3357 1569 3421 Patroni
1615 3357 1949 3420 studiorum
1985 3359 2191 3439 juveni
2239 3359 2584 3447 obtigerunt
2624 3359 2837 3421 Henr.
2864 3356 3045 3419 Ran-

339 3448 631 3522 zovius,
693 3467 914 3529 prorex
960 3447 1296 3511 Cimbricus
1355 3455 1418 3508 et
1465 3446 1917 3510 Guilielmus
1971 3448 2309 3511 Hassorum
2357 3448 2658 3528 princeps.
2747 3447 2805 3509 E
2858 3444 3063 3527 patria

341 3536 682 3617 digressus,
733 3538 925 3599 vitam
962 3536 1274 3641 juvenum·
1297 3536 1718 3599 informatione
1763 3536 2054 3599 toleravit
2098 3537 2413 3612 nobilium,
2478 3544 2543 3598 et
2588 3558 2641 3599 a.
2700 3532 2869 3599 1584
2913 3534 3055 3597 Eri-

313 3644 477 3688 ·cum
523 3626 822 3708 Langium
867 3626 1212 3707 Tychonem
1256 3626 1318 3688 in
1365 3644 1502 3688 arce
1549 3626 1841 3687 Huennae
1888 3625 2123 3688 insulae
2170 3626 2529 3689 invisentem
2556 3632 2674 3709 „est
2710 3624 3055 3685 comitatus.

343 3712 658 3791 Cassellis,
708 3716 811 3778 ubi
857 3715 1218 3795 aliquamdiu
1269 3723 1401 3778 erat
1448 3721 1856 3789 sustentatus,
1906 3715 1964 3776 in
2015 3714 2387 3777 academiam
2432 3715 2715 3794 migravit
2759 3711 3055 3793 Argenti-

338 3823 586 3866 nensem
631 3804 830 3885 ibique
879 3826 937 3866 a.
997 3799 1162 3867 1588
1210 3804 1730 3878 „Fundamentum
1758 3804 2291 3867 Astronomicum“
2339 3804 2548 3867 edidit.
2641 3805 2902 3881 Pragam
2940 3819 3057 3861 non

335 3892 524 3955 multo
586 3901 730 3973 post
789 3914 826 3955 a
879 3892 1201 3971 Rudolpho
1259 3893 1339 3954 ΙΙ.
1406 3892 1766 3973 imperatore
1832 3902 2123 3956 evocatus
2196 3912 2311 3953 non
2380 3891 2795 3955 mathematici
2866 3890 3057 3952 solum

339 3981 514 4043 aulici
565 3983 950 4061 dignitatem,
1010 3982 1118 4043 sed
1165 3982 1512 4043 matheseos
1559 3981 1746 4043 etiam
1793 3982 1852 4044 in
1902 3982 2217 4044 academia
2278 3982 2715 4060 professionem
2774 3979 3053 4043 obtinuit.

335 4070 690 4133 Tractatum
736 4071 872 4146 „De
919 4070 1353 4152 hypothesibus
1400 4070 1891 4133 Astronomicis“
1938 4092 1993 4135 a.
2049 4067 2219 4135 1597
2269 4071 2505 4151 Pragae
2555 4071 2802 4145 editum,
2853 4073 2950 4131 tot
2998 4067 3057 4127 in

335 4159 736 4235 adversarios,
787 4160 1144 4239 praesertim
1181 4160 1525 4241 Tychonem
1551 4159 1871 4236 Braheum‚
1922 4159 2237 4222 calumniis
2285 4160 2393 4221 διο.
2444 4160 2738 4241 opplevit,
2786 4164 2854 4220 ut
2878 4157 2921 4219 J
2940 4176 2975 4218 o
2994 4154 3053 4217 h.

333 4246 552 4310 Jesse
575 4268 745 4310 mus
793 4248 884 4323 (in
931 4268 1017 4312 or.
1068 4250 1142 4310 de
1187 4249 1320 4311 vita
1365 4256 1430 4311 et
1473 4255 1666 4311 morte
1714 4248 1905 4330 Tych.
1942 4248 2197 4323 Brahei)
2245 4268 2503 4329 sequens
2550 4250 2623 4309 de
2677 4249 2783 4311 illo
2841 4243 3057 4308 merito

334 4336 550 4398 tulisse
604 4336 886 4399 videatur
935 4336 1261 4416 judicium.
1325 4348 1468 4400 ante
1530 4356 1720 4399 annos
1773 4337 2065 4440 pauculos
2122 4338 2364 4418 quidam
2420 4337 2770 4417 ingeniosus
2830 4343 2897 4397 et
2939 4333 3055 4395 do-

333 4431 489 4494 ctus,
537 4427 644 4487 sed
693 4410 921 4505 absque
968 4426 1258 4505 religione
1305 4434 1368 4488 et
1412 4426 1636 4488 virtute
1677 4426 1853 4488 homo
1900 4425 2181 4489 tetricum
2232 4434 2297 4487 et
2343 4426 2639 4488 famosum
2686 4432 2901 4487 contra
2928 4424 3055 4505 Ty-

333 4512 584 4575 chonem
631 4514 972 4595 divulgavit
1017 4514 1324 4595 scriptum.
1415 4515 1552 4577 Non
1611 4522 1713 4576 sat
1758 4516 1962 4578 fuerat
2014 4514 2363 4577 infamatori
2418 4514 2505 4577 illi
2570 4514 2839 4594 plagium
2886 4530 3053 4575 com-

331 4601 574 4665 mittere
639 4603 972 4667 literarium
1037 4612 1100 4665 et
1164 4604 1468 4686 Tychonis
1540 4604 1904 4685 hypothesin
1989 4603 2235 4671 falsarie
2306 4622 2415 4684 pro
2487 4602 2729 4684 proprio
2812 4602 3053 4663 invento

331 4690 670 4767 venditare,
719 4692 838 4754 nisi
885 4693 1071 4756 etiam
1117 4692 1310 4755 virum
1356 4692 1504 4753 aviti
1552 4693 1792 4773 generis
1813 4736 1831 4762 ‚
1880 4712 2149 4755 summae
2198 4691 2581 4766 eruditionis,
2634 4690 3050 4771 inculpatissi-

331 4799 470 4843 mae
517 4782 705 4855 vitae,
759 4782 1067 4844 sexcentis
1115 4780 1492 4843 contumeliis
1540 4780 1700 4862 apud
1749 4780 1939 4857 alios,
1990 4781 2185 4845 sinon
2236 4782 2655 4854 deformatum,
2706 4786 3052 4858 suspectum

332 4871 554 4935 saltem
601 4870 990 4935 reddidisset.
1083 4871 1168 4933 Et
1212 4871 1483 4955 profecto
1523 4871 1662 4954 jure
1699 4877 1899 4939 actum
1946 4890 2081 4935 cum
2124 4870 2237 4935 hoc
2278 4869 2521 4948 fuisset,
2570 4868 2670 4932 vel
2700 4868 2905 4960 ,etiam
2924 4867 3055 4949 jam
