3634 5575
1411 388 1474 440 «ιο
1507 389 1654 440 rona-
1689 389 2011 458 astrologicis.
2942 391 3071 461 329

361 559 476 595 roro
514 546 624 595 seni
661 544 912 609 decrepito
947 545 1324 598 inclinationum
1360 546 1570 598 affectus
1607 543 1754 600 esse?
1832 552 1911 602 Ad
1948 563 2077 615 quae
2110 551 2229 600 olim
2262 550 2407 600 valde
2443 551 2811 612 inclinavimus,
2866 565 2929 603 ea
2962 559 3074 617 post

357 617 652 668 damnamus
691 622 746 668 et
780 630 1090 674 aversanum
1153 620 1350 670 sordere
1387 620 1528 668 nobis
1563 621 1832 684 incipiunt,
1870 637 1967 671 non
2006 621 2161 672 solnm
2199 623 2259 672 ob
2296 623 2563 686 pleniorem
2599 623 2805 674 rationis
2843 638 2985 673 usum
3024 630 3073 674 et

355 689 517 750 majus
549 688 820 750 judicium,
879 688 968 736 sed
1005 690 1218 739 maxime
1257 691 1318 740 ob
1356 690 1510 740 erasis
1545 693 1890 742 mutationem.
1964 693 2031 742 Et
2078 692 2212 742 hanc
2247 693 2622 742 inclinationum
2659 695 2985 744 mutationem
3024 702 3074 746 et

357 755 688 808 differentiam
742 775 842 808 non
881 759 932 807 in
970 759 1205 810 rationali
1241 761 1398 810 solum
1433 760 1658 819 homine,
1715 763 1804 812 sed
1852 765 1903 813 in
1952 765 2107 812 brutis
2159 779 2349 828 quoque
2396 770 2568 827 aperte
2618 765 3070 814 animadvertimus.
3110 803 3118 809 .

355 829 525 885 Porro,
563 830 605 877 si
641 829 990 880 inclinationes
1025 831 1076 878 in
1116 833 1281 881 auimo
1321 833 1689 882 conformantur
1741 848 1773 882 a
1809 835 2043 883 natalitio
2082 835 2240 884 sidere
2259 870 2273 892 ‚
2312 849 2411 884 non
2450 848 2485 885 a
2518 843 2930 898 temperamento,
2968 844 3073 886 tum

355 900 536 950 medici
567 915 634 951 ex
669 905 1168 963 temperamentorum
1207 904 1489 966 cognitione
1527 909 1582 954 et
1617 905 1960 955 observatione
2004 905 2193 954 nullum
2230 911 2419 954 ceruam
2450 905 2693 967 Judicium
2746 907 2809 955 de
2860 907 3070 957 inclina·

355 971 570 1020 tionibus
605 971 873 1022 sensitirae
909 972 1108 1021 animae
1144 974 1360 1035 prolerre
1397 980 1620 1038 possunt.
1693 976 1764 1024 At
1800 975 1983 1026 medici
2021 982 2074 1027 et
2106 976 2379 1040 philosophi
2415 977 2596 1026 certius
2626 977 2859 1039 judicant
2896 978 2958 1028 de
2994 979 3073 1026 in-

356 1041 703 1092 clinationibus
740 1056 889 1106 quam
924 1043 1373 1105 perspicacissimus
1415 1045 1725 1110 astrologus;
1786 1060 1904 1110 ergo
1941 1052 2099 1108 patet.
2136 1047 2485 1096 inclinationes
2520 1063 2620 1096 uon
2659 1048 2723 1096 ab
2762 1051 2932 1105 astris,
2985 1049 3073 1097 sed

356 1126 390 1161 a
425 1114 826 1175 temperamentis
864 1127 989 1162 esse.
1065 1113 1264 1164 Judicia
1299 1116 1598 1165 medicorum
1643 1131 1702 1165 ex
1740 1119 2148 1180 temperamentis
2200 1119 2325 1167 adeo
2373 1120 2656 1167 constantia
2695 1125 2747 1168 et
2783 1121 2924 1182 quasi
2962 1133 3071 1182 per-

359 1189 514 1246 petua
533 1198 640 1234 esse
661 1198 759 1233 non
775 1191 993 1247 possent,
1021 1199 1114 1234 nec
1133 1199 1326 1250 semper
1345 1201 1438 1236 nec
1453 1186 1632 1252 ubique
1646 1189 1884 1240 valerent.
1911 1189 1953 1236 si
1972 1188 2319 1237 inclinationes
2350 1203 2448 1237 non
2476 1203 2508 1238 a
2533 1191 2659 1238 crasi
2683 1188 2957 1245 humorum,
2985 1189 3075 1239 sed
3132 1225 3139 1230 -

357 1263 392 1302 a
425 1254 564 1308 coelo
600 1256 928 1317 provenirent.
1003 1255 1172 1306 Fieret
1205 1257 1348 1317 alias,
1387 1263 1444 1306 ut
1481 1259 1632 1307 erasis
1670 1260 1881 1322 corporis
1919 1273 2069 1322 saepe
2108 1267 2241 1308 esset
2274 1259 2626 1324 phlegmatica,
2664 1259 2923 1310 inclinatio
2958 1275 3071 1310 vero

355 1325 478 1376 coeli
507 1329 616 1376 tota
637 1323 902 1378 Martialis.
980 1324 1221 1376 Videmus
1257 1342 1448 1392 quoque
1473 1330 1524 1378 in
1561 1329 1706 1378 rebus
1730 1330 2019 1390 inanimatis
2046 1329 2259 1380 crasium
2284 1330 2591 1380 differentias
2621 1331 2927 1393 potissimum
2954 1345 3069 1380 con-

355 1397 558 1446 stituere
594 1396 770 1446 virium
807 1395 1154 1457 differentiam,
1191 1405 1250 1448 ut
1290 1399 1420 1449 aliae
1456 1399 1640 1450 herbae
1675 1400 1899 1452 habeant
1934 1401 2031 1448 vim
2070 1401 2341 1466 digerendi.
2380 1400 2716 1461 mollificandi,
2768 1401 3071 1457 attrahendi,

355 1467 660 1530 glutinandi,
700 1467 830 1517 aliae
867 1468 1220 1518 mundificandi
1258 1475 1590 1533 potestatem,
1640 1470 1771 1520 aliae
1811 1471 2171 1528 calefaciendi,
2222 1471 2355 1520 aliae
2390 1471 2711 1535 refrigerandi
2758 1473 2854 1520 vim
2872 1507 2885 1526 ‚
2931 1479 3075 1534 prout

355 1539 508 1587 crasis
544 1537 737 1586 illarum
776 1537 1010 1588 admittit.
1087 1537 1230 1599 Quod
1266 1541 1317 1589 in
1353 1541 1429 1590 his
1466 1542 1590 1590 vires
1627 1555 1689 1590 ex
1726 1543 1853 1592 crasi
1870 1577 1883 1598 .
1936 1541 1989 1591 id
2024 1543 2076 1591 in
2114 1543 2347 1591 animatis
2387 1543 2666 1604 corporibus
2703 1547 2821 1590 sunt
2854 1543 3066 1592 inclina-

357 1609 532 1658 tiones.
607 1607 748 1659 Dicis
785 1622 1003 1674 quoque.
1065 1610 1286 1660 animum
1337 1625 1394 1660 se
1428 1611 1614 1661 babere
1669 1613 1734 1663 ad
1773 1612 2010 1663 coelestia
2058 1613 2187 1663 haec
2222 1614 2397 1674 παθη,
2452 1619 2509 1660 ut
2546 1611 2717 1661 oculus
2768 1613 2833 1662 ad
2888 1613 3066 1668 lucem,

357 1680 488 1728 aui-is
525 1678 802 1730 ad‘sonum
840 1682 913 1743 (p.
955 1677 1106 1740 816).
1179 1681 1324 1732 Haeo
1358 1695 1457 1731 non
1496 1682 1710 1733 absurde
1745 1684 1884 1733 dicta
1918 1689 2065 1740 sunt,
2118 1691 2305 1733 certam
2343 1683 2474 1732 enim
2526 1684 2829 1746 superiorum
2866 1683 3064 1732 relatio·

355 1764 468 1800 nem
507 1751 572 1800 ad
607 1750 842 1800 inferiora
878 1765 988 1802 esse
1024 1753 1132 1815 ipse
1169 1751 1302 1802 clare
1338 1753 1492 1813 innui,
1531 1753 1620 1803 sed
1655 1769 1756 1803 non
1795 1769 1855 1804 eo
1878 1755 2041 1810 modo.
2081 1769 2177 1818 quo
2213 1761 2267 1803 tu
2300 1753 2555 1817 intelligis,
2592 1769 2692 1802 non
2718 1755 2851 1817 quod
2876 1755 3069 1803 animus

355 1821 420 1870 ad
457 1821 697 1871 coelestes
733 1821 1088 1872 inclinationes
1125 1823 1196 1872 sio
1238 1838 1292 1872 se
1327 1823 1546 1880 habeat,
1597 1825 1684 1874 sed
1720 1825 1849 1890 quod
1886 1825 2065 1890 singuli
2103 1826 2317 1888 corporis
2361 1825 2589 1872 humores
2628 1823 2955 1874 elementares
2991 1839 3071 1873 re-

352 1893 567 1955 spiciunt
602 1892 821 1957 singulos
857 1892 1109 1956 planetas,
1148 1899 1206 1942 ut
1242 1895 1477 1944 videlicet
1509 1894 1542 1956 15
1581 1897 1842 1946 relativam
1879 1896 1975 1944 vim
2030 1895 2218 1944 habeat
2269 1895 2335 1944 ad
2369 1895 2624 1944 humorem
2660 1895 3073 1945 melancholicum

356 1963 700 2020 excitandum,
737 1963 1120 2020 stimulandum.
1157 1965 1522 2028 vegetandum3
1562 1965 1614 2027 ὅ
1653 1967 1719 2016 ad
1755 1966 2029 2023 choleram.
2070 1959 2118 2029 Q
2158 1966 2224 2016 ad
2259 1967 2570 2030 sanguinem.

493 2033 554 2082 In
589 2048 782 2084 summa
798 2069 812 2091 ,
853 2034 990 2092 dico,
1031 2035 1192 2086 nullas
1226 2036 1492 2100 qualitates
1526 2039 1712 2100 primas
1763 2044 1855 2088 aut
1890 2037 2137 2087 secundas
2170 2043 2369 2100 praeter
2414 2037 2717 2086 caliditatem
2758 2041 2809 2086 et
2844 2035 3069 2084 lucidita-

359 2110 488 2161 tem,
529 2110 587 2154 ut
621 2119 716 2155 nec
753 2105 879 2154 ullas
915 2105 1264 2156 inclinationes
1299 2109 1462 2157 inesse
1499 2108 1744 2172 planetis;
1798 2110 1870 2158 vis
1907 2123 2023 2158 rero
2060 2107 2327 2172 vegetandi
2362 2108 2414 2155 in
2450 2107 2665 2170 planetis
2714 2121 2814 2155 non
2852 2113 2957 2156 tam
2995 2111 3073 2156 est

357 2175 612 2233 naturalis,
651 2190 800 2240 quam
837 2175 1047 2226 relativa
1085 2192 1144 2226 ex
1181 2177 1488 2228 ordinatione
1526 2179 1710 2228 divina.
1749 2175 1907 2243 (Kep
1924 2179 2092 2228 lerus
2128 2180 2179 2228 in
2218 2179 2467 2242 margine:
2506 2177 2637 2228 Pons
2676 2175 2969 2238 asinorum)

495 2245 673 2297 Porro:
724 2247 766 2295 si
809 2246 1158 2297 inclinationes
1206 2248 1270 2297 ab
1316 2249 1490 2306 astris,
1544 2250 1739 2300 malitia
1774 2265 1888 2314 vero
1926 2264 2091 2300 eorum
2130 2249 2359 2303 aliunde,
2409 2254 2527 2298 tunc
2567 2249 2633 2297 ad
2669 2248 3067 2300 constituendum

355 2322 542 2367 oei-tum
581 2317 644 2366 de
679 2317 1080 2368 inclinationibus
1113 2317 1355 2382 judicium
1401 2316 1502 2369 riou
1536 2321 1694 2369 solum
1745 2327 1885 2370 astra
1920 2319 2285 2370 consideranda
2321 2324 2489 2376 erunt,
2544 2318 2633 2368 sed
2688 2319 2840 2368 animi
2878 2333 3070 2384 quoque

355 2399 390 2436 a
421 2387 618 2438 malitia
649 2389 812 2454 magis
847 2389 1072 2440 minusve
1113 2391 1443 2440 contaminati
1477 2391 1716 2442 habitudo
1755 2391 2006 2456 astrologo
2042 2389 2540 2454 praecognoscenda,
2580 2395 2631 2438 et
2668 2388 2813 2438 simul
2848 2390 2903 2438 in
2933 2390 3065 2451 judi-

353 2459 486 2508 cium
523 2459 808 2509 adhibenda
843 2461 952 2509 erit.
1026 2460 1216 2510 Verum
1253 2461 1527 2526 astrologus
1559 2462 1756 2526 judicat
1793 2462 2096 2511 solummodo
2126 2464 2272 2524 juxta
2306 2461 2519 2525 positum
2558 2460 2683 2509 coeli
2721 2465 2774 2509 et
2808 2459 3067 2511 diversita-

354 2535 453 2578 tem
494 2535 802 2593 aspectuum,
837 2537 983 2594 prout
1017 2530 1087 2580 illi
1125 2537 1216 2580 aut
1252 2533 1412 2595 asperi
1451 2537 1540 2582 aut
1561 2533 1778 2582 mitiores
1817 2537 1949 2582 sunt.
2023 2531 2157 2596 Ergo·
2181 2547 2239 2581 eo
2265 2533 2369 2594 ipso
2406 2531 2629 2579 nolentes
2655 2530 2875 2580 volentes
2902 2537 3071 2581 osten·

353 2599 476 2648 dunt
515 2599 778 2664 astrologi,
833 2607 922 2650 aut
958 2602 1101 2651 simul
1138 2602 1412 2652 bonitatem
1451 2607 1504 2652 et
1537 2603 1779 2653 malitiam
1817 2617 1929 2653 cum
1965 2603 2083 2666 ipsis
2119 2601 2522 2652 inclinationibus
2567 2603 2618 2650 in
2658 2601 2835 2650 animis
2874 2603 3062 2650 confor-

352 2671 493 2725 mari.
537 2676 626 2721 aut
659 2673 702 2720 si
737 2671 832 2722 hoc
868 2672 1060 2728 nolunt,
1098 2674 1338 2729 incertum
1375 2675 1588 2738 ipsorum
1615 2687 1724 2724 esse
1755 2674 1995 2736 judicium
2032 2671 2410 2737 (Keplerusz
2450 2669 2730 2732 omnino!)‚
2764 2671 2847 2722 ‚rel
2872 2675 3070 2721 omnino

354 2741 512 2792 etiam
550 2743 614 2793 ab
651 2744 796 2793 astris
837 2743 1147 2809 originaliter
1179 2744 1528 2795 inclinationes
1564 2760 1663 2796 non
1701 2744 1908 2809 prodire.
1988 2743 2244 2812 Quomodo
2282 2743 2415 2793 hunc
2452 2743 2637 2793 nodum
2676 2743 2909 2793 Gordium
2936 2757 3067 2794 com·

351 2813 497 2864 mode
533 2813 718 2865 solvere
756 2816 911 2877 possis
949 2821 1040 2865 aut
1072 2815 1212 2872 relis,
1250 2830 1350 2865 non
1388 2815 1548 2873 video,
1589 2832 1702 2867 cum
1738 2818 1851 2879 ipsa
1886 2817 2071 2866 veritas
2107 2817 2183 2865 sit.
2262 2814 2337 2865 Tu
2361 2815 2511 2880 igitur
2557 2820 2729 2878 aperte
2766 2820 2817 2864 et
2852 2813 3069 2878 ingenue

355 2884 418 2933 ad
453 2884 582 2934 haec
621 2884 684 2933 de
720 2884 1123 2935 inclinationibus
1163 2894 1460 2951 argumenta
1496 2889 1756 2952 responde.

494 2954 640 3015 Quod
677 2956 816 3013 dicis,
851 2956 1068 3019 planetis
1103 2972 1203 3006 nou
1240 2958 1404 3007 inesse
1441 2958 1719 3008 bonitatem
1756 2964 1846 3008 aut
1880 2958 2141 3014 malitiam,
2182 2957 2273 3006 sed
2296 2956 2633 3005 fortitudinem
2665 2961 2717 3005 et
2741 2954 3069 3013 debilitatem,

351 3026 610 3088 pulchrum
647 3032 700 3075 et
735 3027 986 3091 abjectum
1025 3022 1156 3088 (vide
1191 3043 1242 3091 p.
1283 3025 1436 3089 315).
1479 3029 1545 3078 ad
1578 3029 1631 3079 id
1667 3033 1739 3079 sic
1775 3029 2075 3092 respondeo:
2131 3028 2465 3077 fortitudinem
2504 3032 2557 3077 et
2592 3028 2802 3077 actionis
2841 3026 3067 3075 debilita-

353 3102 454 3145 tem
487 3097 612 3159 ipsis
647 3098 812 3147 inesse
849 3112 950 3147 non
983 3112 1130 3163 nego,
1171 3112 1302 3158 cum,
1339 3100 1533 3149 ratione
1571 3100 1843 3150 distantiae
1882 3113 1915 3148 a
1950 3099 2121 3151 Terra.
2160 3100 2287 3147 situs
2324 3106 2377 3147 et
2410 3098 2607 3147 luminis
2642 3094 2731 3147 dcc.
2774 3099 2926 3146 etiam
2960 3111 3067 3145 ma-

349 3168 478 3229 jores
519 3173 607 3217 aut
641 3167 853 3217 minores
891 3169 1017 3219 vires
1053 3168 1293 3235 habeant.
1371 3169 1506 3219 Cum*
1533 3186 1644 3220 vero
1681 3171 2053 3221 inclinationem
2071 3204 2084 3225 .
2140 3171 2261 3219 item
2298 3168 2634 3218 fortitudinem
2672 3173 2725 3216 et
2760 3167 3068 3216 debilitatem

351 3237 564 3300 planetis
601 3238 774 3287 tribuis
811 3240 1002 3289 inesse.
1057 3252 1121 3288 an
1159 3254 1260 3288 uon
1298 3255 1356 3291 eo
1394 3242 1500 3303 ipso
1540 3256 1794 3291 excessum
1834 3247 1885 3289 et
1922 3239 2199 3297 defectum,
2258 3240 2340 3305 qui
2378 3241 2441 3289 ab
2478 3238 2654 3288 ethicis
2691 3253 2777 3301 pro
2814 3240 2943 3288 vitiis
2978 3238 3069 3286 ha-

351 3307 556 3365 bentur,
611 3309 756 3359 simul
791 3308 1000 3359 innues?
1059 3306 1410 3373 (Keplerus
1447 3312 1498 3360 in
1535 3313 1782 3375 margine:
1825 3311 2047 3360 defectus
2096 3326 2196 3359 non
2235 3316 2312 3359 est
2355 3310 2556 3359 malum.
2634 3308 2817 3359 Omnia
2852 3309 2984 3358 bona
3020 3310 3071 3357 in

351 3376 576 3438 natura.)
650 3378 844 3441 Jupiter
889 3386 941 3429 et
978 3378 1152 3431 Venus
1189 3380 1538 3431 inclinationes
1577 3382 1827 3444 jucundas
1872 3387 1925 3431 et
1971 3382 2200 3445 pulchras
2252 3388 2339 3430 tuo
2381 3380 2568 3443 judicio
2604 3380 2753 3436 dant:
2806 3382 2849 3428 si
2885 3379 3071 3443 debiles

350 3448 550 3507 fuerint,
580 3451 732 3500 etiam
758 3464 874 3500 suas
898 3450 1248 3501 inclinationes
1275 3452 1504 3516 pulchras
1530 3459 1582 3501 et
1607 3452 1808 3512 debiles,
1850 3451 1927 3501 vel
1951 3452 2225 3501 beneficam
2262 3452 2425 3514 potius
2450 3456 2683 3499 naturam
2719 3450 2927 3500 debilius
2952 3455 3072 3499 nato

353 3520 644 3571 attribuunt.
719 3520 940 3571 Necesse
978 3536 1100 3573 sane
1137 3524 1256 3579 erit,
1316 3538 1378 3573 ex
1413 3523 1513 3571 ista
1548 3522 1805 3572 debilitate
1845 3523 2095 3573 defectum
2146 3523 2259 3571 oriri
2294 3522 2347 3570 in
2389 3521 2554 3570 animo
2571 3555 2585 3577 ‚
2639 3528 2691 3570 et
2726 3520 2845 3569 inde
2882 3534 3071 3585 quoque

349 3589 658 3641 harmoniam
695 3593 946 3641 actionum
986 3599 1038 3641 et
1071 3592 1448 3643 inclinationum
1486 3593 1687 3643 turbari.
1765 3592 1849 3642 Sic
1888 3592 1949 3642 de
1988 3606 2194 3641 excessu
2230 3590 2262 3651 Β
2302 3598 2352 3641 et
2392 3590 2442 3651 d*
2476 3590 2803 3652 jndicandum
2842 3594 2949 3649 erit,
2990 3591 3071 3638 ubi

354 3666 405 3710 et
440 3662 672 3713 fortitudo
709 3663 761 3711 in
799 3678 886 3711 sno
923 3664 1302 3714 inclinationum
1340 3679 1522 3728 genere
1558 3665 1730 3713 vitium
1767 3665 1929 3727 pariet
1966 3662 2079 3723 (ΚΘ
2095 3662 2331 3725 plerus:
2370 3667 2426 3711 at
2462 3660 2681 3711 nondum
2720 3666 2797 3711 est
2831 3660 3062 3718 malitia).

351 3731 529 3791 Certe,
583 3735 624 3783 si
661 3733 1010 3784 inclinationes
1047 3735 1184 3784 coelo
1224 3734 1490 3792 adscribis,
1547 3750 1647 3784 non
1700 3741 1843 3798 potes
1894 3748 1992 3783 non
2041 3735 2193 3783 etiam
2228 3732 2497 3797 qualitates
2546 3732 2743 3781 illarum
2798 3732 2955 3781 bonas
2993 3732 3069 3781 rel

349 3802 510 3853 malas
547 3804 684 3854 coelo
722 3804 1010 3855 attribuere.
1083 3804 1253 3855 Dicis:
1311 3805 1436 3855 forte
1450 3841 1464 3864 ,
1516 3806 1798 3868 pulchrum,
1857 3806 2134 3867 abjectum,
2182 3804 2341 3853 debile
2378 3809 2575 3853 tantum
2610 3802 2705 3851 illis
2741 3804 2934 3856 inesse,
2970 3817 3067 3851 non

348 3874 530 3923 bonum
567 3880 657 3925 aut
690 3874 902 3933 malnm;
943 3875 1120 3933 audio;
1157 3876 1250 3925 sed
1284 3877 1400 3940 quid
1439 3876 1573 3927 aliud
1611 3878 1664 3927 id
1700 3879 1795 3930 est.
1837 3890 1985 3940 quam
2022 3891 2076 3925 re
2101 3876 2211 3939 ipsa
2247 3875 2429 3925 bonum
2468 3880 2520 3923 et
2554 3873 2755 3933 malum,
2793 3873 2941 3936 idque
2980 3874 3067 3922 ali·

346 3945 543 4008 quando
577 3945 778 4000 fortius,
819 3946 1084 4010 aliquando
1124 3946 1330 3996 debilius
1367 3954 1606 3996 statuere.
1683 3946 1844 3997 Video
1882 3955 1933 3996 te
1970 3946 2214 3997 vocabula
2247 3952 2443 3995 mutare
2461 3980 2474 4001 .
2512 3959 2612 3993 non
2650 3959 2764 3993 vero
2803 3958 2880 3992 res
2918 3944 3065 4007 ipsas.

349 4012 427 4076 (K
447 4015 691 4078 epleru
711 4030 762 4065 s:
818 4015 1156 4066 Melancholia
1203 4032 1304 4066 non
1341 4024 1418 4067 est
1471 4016 1698 4079 furtum.)
1769 4018 1931 4073 Vide,
1980 4019 2047 4067 mi
2106 4018 2297 4067 erudite
2333 4016 2577 4079 Keplere,
2631 4029 2780 4079 quam
2836 4014 3003 4077 procul
3043 4028 3074 4061 a

347 4088 574 4137 veritatis
609 4087 811 4137 tramite
843 4101 1004 4137 norae
1043 4094 1162 4138 tuae
1201 4088 1566 4152 speculationes
1605 4096 1656 4139 te
1695 4089 1979 4145 abducant,
2037 4095 2089 4137 et
2123 4090 2177 4136 in
2213 4101 2342 4151 quae
2380 4087 2527 4137 devia
2562 4086 2816 4136 devenias.
2894 4084 3075 4133 Confer

347 4171 511 4207 meam
547 4160 848 4208 sententiam
885 4172 997 4209 cum
1033 4165 1124 4209 tua
1161 4164 1212 4209 et
1246 4160 1448 4219 videbis,
1489 4173 1618 4224 quae
1654 4162 1816 4210 minus
1854 4158 2074 4209 absurdis
2120 4166 2291 4208 utatur
2324 4158 2615 4207 rationibus.
2710 4153 3074 4219 (Keplerust

349 4227 425 4278 Tu
461 4229 595 4279 fiirta
631 4229 684 4277 in
721 4229 1102 4279 melancholiam
1141 4230 1341 4280 confers
1381 4238 1470 4280 aut
1505 4246 1698 4280 mecum
1735 4232 1922 4281 sentis:
1962 4230 2032 4279 sic
2072 4229 2357 4288 excusanda
2394 4229 2587 4279 scelera
2624 4224 3074 4291 temperamentis.)

350 4297 504 4363 Cupio
542 4304 712 4348 tamen
750 4314 810 4349 ex
846 4305 898 4349 te
935 4300 1140 4349 meliora
1177 4301 1368 4358 audire,
1406 4302 1448 4350 si
1483 4302 1534 4350 in
1560 4307 1754 4364 promtu
1779 4302 1977 4350 fuerint.
2052 4298 2158 4348 Imo
2182 4305 2235 4347 te
2263 4298 2511 4355 adhortor,
2549 4305 2607 4347 ut
2628 4298 2693 4348 ad
2721 4297 3074 4348 excutiendum

348 4370 570 4419 veritatis
607 4371 774 4435 ignem
811 4385 1007 4420 omnem
1045 4372 1352 4436 diligentiam
1390 4371 1644 4425 adhibeas.
1698 4378 1748 4420 et
1785 4370 1962 4421 validis
2000 4371 2357 4419 contrariorum
2396 4375 2797 4434 argumentorum
2834 4367 3073 4418 arietibus

347 4446 550 4491 nostrae
599 4442 879 4492 sententiae
915 4456 1080 4491 muros
1117 4456 1398 4507 oppugnes,
1439 4448 1492 4493 et
1525 4444 1568 4491 si
1603 4448 1748 4505 potes
1787 4442 2009 4504 dejicias.
2083 4440 2191 4505 Ego
2230 4441 2427 4489 veritati
2463 4440 2677 4489 libenter
2714 4438 2909 4489 cedam.

527 4512 935 4591 Keplerus:
984 4513 1078 4573 De
1126 4512 1754 4574 inclinationibus
1803 4511 2128 4573 confudisti
2178 4530 2270 4578 me
2318 4512 2475 4572 inter
2518 4512 2859 4587 legendum.
2930 4508 3071 4595 'Ve-

337 4598 456 4661 iim
503 4600 838 4679 respiceres
887 4601 962 4660 ad
1014 4618 1184 4661 meas
1232 4601 1440 4662 literas
1489 4601 1754 4680 prioreS,
1815 4600 1955 4680 quid
2004 4600 2241 4660 omnino
2292 4598 2653 4677 scripserim.
2748 4598 2909 4661 Nam
2960 4597 3068 4657 hoc

347 4686 604 4765 quidem,
657 4688 812 4767 quod
862 4697 928 4751 tu
973 4688 1228 4759 refutaS,
1273 4690 1452 4767 plane
1501 4707 1614 4749 non
1665 4689 1905 4768 scripsi.
2001 4687 2173 4762 Dixi,
2244 4686 2669 4748 inclinationes
2726 4686 3071 4764 implantari

343 4775 462 4853 ipsi
510 4775 744 4839 animae
793 4794 872 4837 ex
917 4785 1216 4838 astrorum
1264 4795 1627 4850 commensu,
1681 4777 1794 4837 hoc
1826 4784 1939 4849 est,
1992 4776 2253 4837 animum
2282 4775 2479 4854 ipsum
2526 4774 2785 4837 transire
2823 4774 2885 4836 in
2916 4774 3065 4835 cha-

351 4871 646 4929 racterem
697 4864 1024 4937 thematis;
1073 4872 1282 4929 notam
1328 4864 1418 4927 tui
1465 4865 1762 4928 thematis
1803 4874 1867 4927 et
1912 4864 1973 4925 in
2022 4870 2083 4925 te
2132 4864 2335 4938 fluere,
2386 4862 2601 4925 deinde
2651 4861 3073 4925 inclinationes
