3634 5575
667 423 794 492 194
1577 423 1634 474 In
1671 424 1963 487 Mysterium
2002 421 2468 488 cosmographicum

805 583 1104 635 Maestlinus
1123 581 1204 634 'ex
1237 583 1358 632 libro
1395 583 1664 632 memoriae
1703 583 1973 631 amieomm
2008 586 2207 632 sacrato
2242 581 2337 632 hoc
2372 581 2673 646 descriptum
2708 583 3044 633 conservavit:

821 674 1150 747 Mysterium
1180 671 1722 743 cosmographicum‚
1753 671 2037 725 inventum
2064 671 2151 725 die
2186 673 2276 726 10.
2307 671 2401 726 20.
2431 673 2566 726 Julii
2602 671 2769 727 1595.

822 753 1078 825 Quisquis
1120 770 1179 806 es
1223 749 1591 824 οἷοτροφιλος,
1637 751 1730 821 qui
1763 751 1917 804 vides
1956 759 2015 804 et
2051 751 2355 822 intelligis3
2402 770 2505 806 nec
2544 748 2937 827 ἆναριθμητως
2983 754 3235 823 rejicias,
3286 770 3395 806 nec

660 831 1086 908 ἆγεωμετρητως
1114 848 1396 888 numeres:
1441 837 1501 884 et
1527 833 1855 901 stupendam
1884 832 2147 886 creatoris
2178 831 2451 886 attonitus
2479 847 2746 886 venerare
2774 832 3118 902 sapientiam.

1249 928 1391 991 Quid
1420 929 1689 981 mundus?
1732 943 1875 998 quae
1906 943 2083 1020 causa
2102 928 2224 982 Deo
2256 969 2269 984 .
2304 969 2315 983 .
2349 966 2363 982 .
2398 971 2410 983 .

1249 1085 1453 1157 Aspice
1483 1091 1792 1140 tentantem
1818 1046 1921 1155 per
1937 1007 2414 1157 .q·u}1n1;t¹2.dooere
2441 1087 2671 1160 figuras.

1247 1165 1523 1237 Frugibus
1552 1165 1807 1230 inventis,
1841 1165 2037 1236 quibus
2066 1173 2153 1220 est
2179 1167 2236 1220 in
2264 1168 2471 1237 glande
2499 1168 2791 1236 voluptas:

1251 1246 1387 1300 Cum
1414 1263 1595 1317 grege
1623 1262 1913 1315 porcorum
1941 1247 2171 1315 capiant
2198 1265 2273 1302 ex
2302 1246 2469 1300 lintre
2499 1248 2733 1303 subulci.

1097 1361 1190 1415 Ps.
1229 1361 1318 1415 19.
1403 1362 1512 1414 Τοι
1539 1361 1662 1414 luce
1689 1360 2030 1414 flammarum
2058 1377 2339 1414 coruscum

1511 1441 1686 1494 Cerne
1717 1440 1888 1492 oculis
1919 1441 2209 1511 animoque
2240 1440 2469 1494 coelum.

1408 1520 1552 1573 Hinc
1579 1521 1752 1583 disce,
1782 1521 2024 1588 prudens
2054 1536 2219 1590 qnam
2246 1521 2355 1574 fuit
2381 1519 2606 1574 artifex.

823 1619 982 1672 Haec
1009 1617 1064 1673 in
1092 1617 1199 1670 mei
1225 1616 1542 1671 memoriam
1579 1616 1775 1687 scripsi
1824 1618 2244 1688 elegantissimo
2284 1626 2344 1672 et
2379 1617 2690 1672 doctissimo
2716 1617 2919 1672 Juveni
2958 1624 3022 1672 et
3054 1616 3233 1672 amico
3270 1633 3407 1671 meo

665 1698 888 1752 Urbano
916 1697 1165 1752 Labecia.
1189 1697 1513 1759 Pomm-ano,
1557 1697 1634 1750 M.
1669 1698 1917 1750 Joannes
1956 1697 2237 1768 Keplerus
2275 1697 2521 1760 Suevus3
2564 1697 2653 1753 111.
2686 1697 2911 1769 Styriae
2948 1713 3238 1767 procerum
3276 1713 3405 1752 ma.-

661 1776 1011 1834 themeticus.
1086 1777 1303 1832 Graetii
1329 1777 1417 1829 die
1451 1777 1542 1830 15.
1575 1776 1696 1831 Oct.
1735 1775 1907 1830 1595.

805 1940 902 2003 27)
939 1957 987 2006 p.
1029 1939 1112 1991 97.
1192 1941 1337 1992 Liber
1371 1943 1504 1992 Baro
1543 1941 1891 2008 sigismundus
1928 1941 1992 1992 ab
2028 1941 2351 1992 Herberstein
2390 1939 2574 2006 (neque
2610 1957 2727 1992 vero
2763 1942 3078 2000 Hebersteiu,
3114 1947 3175 1992 ut
3208 1957 3410 1992 nomeu

661 2015 952 2078 impressum
991 2019 1067 2063 est
1101 2029 1148 2076 p.
1190 2011 1284 2076 48)
1335 2014 1466 2064 filius
1501 2014 1652 2063 fuisse
1691 2013 1888 2062 videtur
1924 2011 2230 2078 Sigismundi
2264 2013 2395 2064 illius
2432 2010 2491 2075 (†
2530 2010 2694 2075 1566)
2730 2028 2875 2079 quem
2910 2014 3141 2064 laudibus
3176 2013 3409 2064 efferunt

661 2085 902 2134 Freherus
941 2090 992 2133 et
1027 2085 1249 2133 Adamus
1285 2086 1336 2134 in
1378 2085 1522 2144 „vitis
1559 2083 1915 2134 eruditorum&
1991 2083 2191 2132 Donum
2230 2083 2360 2147 quod
2397 2091 2665 2148 acceperat
2698 2083 2948 2149 Keplerus
2985 2086 3049 2135 ab
3084 2085 3200 2143 illo,
3238 2097 3405 2148 poeu-

665 2156 767 2204 lum
804 2161 1112 2222 argenteum,
1153 2157 1429 2204 transmisit
1465 2155 1733 2206 Maestlino
1771 2152 1895 2216 (vid.
1932 2169 1979 2217 p.
2020 2151 2135 2216 48).
2210 2153 2663 2216 Zehentmayerus,
2700 2157 2997 2206 secretarius
3032 2155 3402 2215 Herbersteini,

659 2227 948 2289 saepissime
985 2225 1257 2288 Keplerum
1307 2241 1396 2290 per
1443 2226 1613 2276 literas
1665 2225 1818 2282 adiit,
1878 2239 1939 2274 ex
1992 2231 2133 2288 parte
2183 2228 2324 2287 jussu
2376 2226 2649 2284 „Generosi
2694 2226 2801 2276 sui“
2856 2223 3040 2290 (comp.
3080 2226 3405 2277 Hansehimn

658 2311 708 2360 p.
761 2292 1096 2357 126-146),
1147 2297 1326 2380 ilioque
1378 2303 1507 2346 teste
1553 2296 1935 2380 Herberstenius
1986 2296 2265 2380 intercessit
2314 2310 2400 2359 pro
2446 2296 2663 2382 Kepleae
2712 2297 2853 2347 exule
2892 2297 3089 2360 Styriae
3136 2294 3207 2358 (a.
3250 2293 3405 2345 1598

659 2363 1557 2502 zpiii'ssias‘ssss‘fflasstssffi
1579 2363 2237 2502 {aizafflssi‘sssszssfim’
2276 2375 2329 2416 θ’
2366 2381 2564 2431 ⁸²⁶⁹¹⁰⁸
2600 2367 2808 2431 ΨΜ
2844 2382 3055 2420 m...
3086 2374 3223 2417 Μ*
3253 2367 3409 2418 ‘¹⁸⁸⁶

805 2577 900 2642 28)
938 2595 987 2643 p.
1037 2577 1149 2628 loo.
1226 2580 1366 2642 Quas
1402 2581 1526 2632 dicit
1561 2580 1808 2645 Keplerus
1844 2581 2017 2631 literas
2056 2581 2267 2632 Galilaei
2306 2587 2357 2631 et
2400 2580 2646 2644 Tychonis
2686 2578 2773 2642 (de
2802 2576 3091 2640 Prodromo)
3130 2579 3196 2629 ad
3230 2581 3407 2642 ipsum

659 2652 822 2708 datas,
863 2650 1166 2701 exhibuimus
1202 2653 1254 2701 in
1289 2654 1538 2714 prooemio
1575 2667 1624 2716 p.
1666 2649 1735 2699 40
1773 2659 1827 2702 et
1861 2649 1957 2710 43;
2007 2651 2145 2702 Ursi
2180 2653 2354 2702 literae
2390 2653 2623 2716 leguntur
2654 2655 2707 2702 in
2740 2652 2903 2702 libello
2943 2657 3150 2710 „contra
3173 2649 3402 2700 Ursum*

659 2723 976 2773 Prodromum
1011 2723 1227 2786 proxime
1263 2730 1521 2786 sequente,
1563 2723 1662 2778 ubi,
1701 2729 1760 2772 ut
1784 2722 2011 2780 diximus,
2052 2737 2115 2773 ea
2138 2736 2266 2789 quae
2291 2724 2542 2785 pertinent
2566 2723 2633 2773 ad
2669 2724 3050 2772 controversiam
3086 2723 3218 2770 inter
3252 2721 3405 2770 illurn

659 2801 712 2845 et
741 2794 1034 2857 —Tychonem
1070 2792 1436 2858 Keplerumque
1475 2801 1655 2856 ortam,
1690 2796 1889 2859 propius
1928 2796 2255 2859 attinguntur.

803 2864 1044 2929 Georgius
1081 2864 1419 2915 Limnaeus
1436 2902 1448 2925 ,
1488 2865 1721 2915 mathem.
1749 2865 1875 2929 prof.
1909 2864 2157 2921 senensis,
2195 2865 2323 2915 haec
2346 2864 2565 2929 Keplero
2600 2866 2823 2928 scripsit:
2880 2862 3149 2928 Nunquam
3172 2862 3279 2912 Vir.
3314 2862 3398 2911 Gi.

665 2950 700 2987 a
733 2936 1070 2986 vetustissima
1103 2934 1194 2984 illa
1228 2935 1596 2986 Platonicorum
1629 2936 1941 2999 philosophia
1976 2936 2103 2985 adeo
2138 2936 2209 2985 fui
2246 2936 2437 2985 alienus
2454 2971 2467 2993 ,
2506 2942 2564 2985 ut
2600 2950 2713 2985 eam
2750 2950 2863 2985 cum
2898 2937 3103 2985 minutis
3140 2933 3403 2983 nonnullis

663 3008 822 3057 nostri
856 3006 1092 3069 temporis
1128 3006 1427 3071 philosophis
1466 3020 1586 3072 agro
1623 3014 1675 3056 et
1709 3006 1889 3057 finibus
1926 3006 2069 3070 Reip.
2110 3007 2361 3057 literar-iae
2400 3006 2740 3071 expellendam
2778 3020 2889 3056 esse
2940 3006 3247 3057 censuerim:
3302 3004 3405 3053 sed

657 3080 896 3139 maiorem
933 3090 1128 3140 semper
1159 3078 1232 3126 illi
1267 3078 1428 3127 inesse
1465 3080 1764 3141 sapientiam
1799 3091 2013 3141 eamque
2046 3078 2455 3135 eruditissimam,
2492 3079 2685 3140 majora
2720 3078 2973 3140 mysteria,
3008 3090 3137 3140 quae
3176 3076 3243 3125 ad
3278 3077 3407 3138 ipsa

661 3156 874 3198 naturae
909 3148 1189 3210 penetralia
1224 3149 1460 3198 facillime
1496 3150 1746 3198 discentes
1785 3148 2033 3198 deducere
2080 3156 2311 3212 possent,
2365 3151 2405 3197 si
2452 3150 2604 3199 duces
2640 3155 2695 3198 et
2728 3148 2951 3213 magistri
3003 3153 3173 3197 ment
3204 3148 3259 3195 iu
3294 3146 3403 3195 hoc

661 3220 936 3270 studiorum
972 3232 1154 3283 genere
1189 3221 1431 3269 innutriti.
1489 3218 1624 3269 Dum
1648 3234 1762 3269 vero
1794 3219 1890 3268 hoc
1917 3222 2159 3282 exoptavi,
2200 3222 2427 3283 exoptavi
2454 3227 2621 3269 autem
2647 3221 2951 3283 saepissime,
2990 3232 3109 3269 ecce
3133 3217 3404 3267 nundinae

665 3289 1112 3341 Francol’ordenses
1149 3291 1288 3340 nobis
1327 3291 1706 3340 transmiserunt
1739 3290 2060 3339 Prodi-omum
2104 3297 2245 3340 tuum
2283 3290 2749 3356 cosmographicum
2767 3325 2781 3349 ,
2831 3291 3005 3339 librum
3054 3289 3406 3338 vetustissima

666 3367 719 3411 et
753 3375 872 3411 vera
907 3362 1154 3423 sapientia
1187 3361 1438 3411 refertum.
1516 3362 1807 3411 Gratulatus
1844 3362 1997 3425 igitur
2033 3376 2142 3410 sum
2178 3362 2323 3419 mihi,
2373 3362 2475 3411 tale
2514 3362 2630 3427 quid
2667 3376 2859 3424 semper
2896 3361 2959 3410 ab
2997 3359 3267 3409 artificibus
3302 3374 3399 3407 ex-

661 3432 904 3496 pectanti,
943 3432 1220 3495 gratulatus
1245 3447 1353 3481 sum
1379 3431 1608 3481 studiosis
1633 3432 1708 3481 vel
1733 3434 1946 3481 maxime
1972 3434 2323 3489 astronomiae,
2360 3446 2539 3481 novam
2569 3435 2675 3495 jam
2715 3432 2779 3480 ad
2814 3432 3027 3481 siderum
3053 3431 3401 3495 cognitionem

659 3506 790 3553 viam
825 3503 944 3565 ipsis
983 3516 1092 3551 esse
1127 3504 1452 3566 patefactam.
1493 3503 1774 3567 gratulatus
1808 3504 1908 3551 imo
1944 3516 2053 3550 sum
2088 3505 2181 3551 toti
2217 3502 2362 3565 Reip.
2399 3504 2669 3562 literar-iae,
2708 3502 2912 3552 tandem
2944 3502 3209 3565 aliquando
3245 3506 3395 3550 vetn-

661 3575 948 3641 stissimam'
962 3572 1336 3636 philosophandi
1372 3576 1616 3623 rationem
1653 3574 1794 3637 quasi
1826 3578 2177 3623 resuscitatam
2203 3588 2311 3623 esse
2332 3572 2439 3639 dcc.
2496 3574 2607 3623 Tibi
2644 3574 2707 3623 de
2744 3575 2945 3637 optimis
2980 3572 3243 3622 conatibus
3274 3575 3399 3634 jure

659 3645 970 3709 gratulamur
994 3650 1045 3693 et
1068 3658 1341 3706 precamur,
1379 3651 1438 3693 ut
1461 3644 1873 3708 quemadmodum
1900 3658 2096 3693 cursum
2118 3646 2379 3694 instituisti
2404 3645 2629 3711 feliciter,
2668 3646 2744 3694 ita
2768 3644 2961 3695 felicius
2998 3646 3053 3693 in
3088 3658 3149 3693 eo
3186 3658 3397 3709 pergas,

659 3716 942 3765 felicissime
981 3715 1196 3763 eundem
1233 3715 1485 3765 coniicias.

801 3786 1017 3836 Tantum
1053 3784 1117 3835 de
1153 3790 1240 3834 tuo
1274 3787 1481 3849 scripto,
1535 3789 1674 3848 eujus
1718 3786 1837 3849 quia
1869 3786 1991 3835 mihi
2024 3786 2331 3849 exemplaria
2362 3783 2567 3843 misisti,
2616 3786 2807 3851 gratias
2858 3800 2984 3851 ago,
3037 3791 3091 3836 et
3138 3784 3201 3836 de
3236 3792 3395 3851 partu

663 3870 808 3906 meae
845 3856 1090 3912 Uraniae,
1129 3858 1172 3905 si
1209 3871 1308 3905 non
1345 3870 1438 3919 par
1469 3872 1679 3914 munus,
1721 3856 1919 3920 aliquod
1954 3862 2127 3907 tamen
2162 3858 2460 3920 repromitto.

801 3926 880 3975 De
917 3926 1112 3975 Brsheo
1149 3926 1296 3977 Dauo
1333 3934 1596 3991 praeterea
1630 3928 1841 3992 quaeris.
1909 3927 1957 3976 Is
1994 3934 2073 3977 est
2108 3926 2277 3989 Tycho
2314 3928 2497 3985 Brahe,
2536 3942 2597 3977 ex
2632 3928 2939 3978 nobilissima
2956 3927 3157 3979 Daniae
3192 3928 3399 3979 Familia

659 3998 916 4054 oriundus,
968 3998 1050 4061 qui
1095 4004 1154 4045 ut
1201 4000 1365 4048 ferunt
1400 3998 1554 4064 Regis
1599 3998 1841 4049 beneficio
1878 3999 2089 4049 obtinuit
2121 3998 2335 4049 insulam
2374 3999 2579 4050 celebris
2626 4000 2840 4063 porthmi
2876 3999 3065 4049 Danici
3099 3998 3393 4058 Euennam,

659 4081 807 4131 quam
845 4068 928 4117 alii
965 4067 1302 4118 Searlatinam
1335 4077 1531 4127 vocant,
1569 4071 1622 4119 in
1657 4084 1760 4133 qua
1795 4083 1965 4119 arcem
1999 4076 2053 4119 et
2088 4070 2474 4119 observatorium
2511 4073 2785 4121 construxit
2810 4069 3191 4136 Uraniburgum.
3246 4070 3391 4121 Dex-

657 4141 856 4187 ter-rime
893 4153 1006 4187 eum
1043 4139 1408 4190 observationes
1443 4148 1690 4191 tractasse
1725 4140 1780 4189 id
1815 4140 2031 4190 artifices
2066 4156 2165 4190 uno
2204 4155 2287 4189 ore
2324 4156 2493 4193 omues
2516 4140 2755 4198 fatertur,
2794 4143 3009 4192 maxime
3044 4142 3132 4196 illi.
3170 4142 3256 4206 qui
3294 4142 3387 4191 ali-

659 4209 894 4274 quamdiu
931 4225 1043 4259 cum
1081 4224 1140 4259 eo
1177 4218 1292 4259 sunt
1327 4212 1525 4268 versati,
1563 4214 1696 4261 inter
1731 4226 1854 4275 quos
1893 4212 2117 4261 amicitia
2150 4212 2269 4260 mihi
2306 4220 2425 4261 sunt
2453 4216 2617 4275 juncti
2652 4212 2719 4263 N.
2749 4212 2811 4262 R.
2854 4212 3011 4263 Ursus
3048 4220 3103 4262 et
3138 4212 3393 4263 Adrianus

657 4280 844 4331 Metius
880 4282 1238 4331 Alcmariauus.
1293 4282 1354 4331 In
1389 4282 1552 4343 lucem
1589 4282 1745 4333 edidit
1779 4283 2146 4332 observationes
2182 4283 2359 4332 stellae
2396 4283 2709 4349 prodigiosae
2740 4286 2859 4334 anni
2887 4280 3027 4332 15⁷2
3064 4290 3120 4333 et
3144 4282 3387 4334 Comatae

659 4353 780 4401 anni
819 4350 970 4402 1577.
1044 4352 1196 4402 Extat
1231 4354 1384 4402 etiam
1423 4354 1775 4403 Germanicum
1808 4354 2045 4437 scriptum
2082 4353 2145 4402 de
2192 4355 2345 4418 signis
2382 4355 2579 4407 futurae
2614 4357 2907 4407 mutationis
2946 4356 3077 4404 aeris
3112 4355 3283 4439 petitis
3318 4354 3385 4405 ab

658 4422 954 4473 animalibus
990 4424 1193 4487 aliisque
1217 4424 1362 4473 rebus
1385 4424 1625 4473 inferioris
1647 4430 1879 4485 namne,
1912 4426 2201 4487 impressum
2227 4424 2538 4490 Uraniburgi,
2576 4428 2703 4477 alius
2742 4428 2957 4477 auctoris
2995 4428 3213 4483 nomine,
3250 4426 3385 4491 quod

662 4500 836 4543 tamen
871 4494 1120 4557 Tychonis
1157 4508 1266 4543 esse
1303 4496 1470 4544 multis
1508 4495 1626 4544 mihi
1661 4494 1954 4559 persuadeo.

801 4563 945 4616 Haeo
981 4567 1070 4615 tibi
1105 4565 1168 4615 V.
1211 4564 1284 4614 Cl.
1321 4567 1450 4615 volui
1486 4567 1818 4629 perscribere,
1870 4572 1923 4615 et
1958 4572 2015 4615 ut
2052 4567 2384 4629 expectationi
2420 4572 2542 4617 tuae
2578 4568 2921 4626 satisfaciam,
2974 4574 3029 4618 et
3062 4582 3128 4617 ne
3166 4566 3389 4617 oblatam

663 4636 976 4685 occasionem
1011 4637 1330 4703 negligerem.
1403 4636 1536 4687 Nam
1573 4652 1684 4687 cum
1721 4636 1921 4700 aliquod
1958 4636 2340 4686 observatorium
2390 4638 2507 4687 mihi
2558 4640 2971 4702 comparaverim,
3028 4639 3263 4691 constitui
3298 4651 3389 4700 per

661 4704 830 4755 literas
867 4720 979 4755 cum
1015 4708 1281 4757 artificibus
1325 4709 1574 4758 nonnullis
1625 4709 1899 4759 amicitiam
1946 4708 2268 4758 contrahere·
2256 4744 2269 4766 ‚
2324 4723 2527 4771 quorum
2572 4725 2601 4760 e
2648 4724 2853 4761 numero
2904 4726 3017 4762 cum
3066 4716 3117 4759 te
3164 4724 3273 4759 esse
3324 4722 3387 4757 ex

661 4775 924 4827 Prodromo
959 4784 1044 4827 tuo
1082 4780 1392 4845 cognoverim
1408 4815 1423 4837 ,
1458 4779 1596 4829 haud
1629 4786 1836 4845 gravate
1872 4791 2012 4828 meas
2048 4780 2468 4843 interpellationes
2502 4781 2661 4837 feres.
2714 4796 2827 4833 cum
2864 4782 2989 4833 data
3022 4774 3285 4833 eccasiom
3321 4779 3387 4829 de

659 4846 836 4897 meliis
871 4850 1209 4901 communibus
1241 4850 1488 4901 interdum
1525 4850 1712 4916 aliquid
1744 4850 1984 4913 scripsere
2022 4848 2113 4901 dcc.
2188 4850 2332 4900 Vale.
2396 4852 2662 4903 Dabantnr
2694 4852 2858 4903 Jenae
2894 4850 2981 4902 24.
3006 4854 3126 4917 Apr.
3156 4848 3310 4901 1508.
