3634 5575
1042 1339 1461 1404 unwano
1506 1339 1908 1404 numum
1951 1341 2284 1406 mom.

1536 1549 1790 1560 —————-—-

1188 1697 2136 1844 ILLUSTRIBUS,

699 1897 1247 2016 errnssosls,
1319 1891 1932 1995 Nossmssmis
2001 1891 2119 1990 ΕΤ
2183 1893 2620 1993 STRENUIS

293 2063 552 2127 Domino
591 2061 1058 2144 sigismundo
1095 2063 1506 2134 Frid'erico‚
1545 2065 1767 2127 Libero
1794 2064 2024 2128 Baroni
2059 2066 2139 2128 ab
2171 2065 2682 2140 Herberstein,
2713 2065 3018 2146 Neuperg,

386 2169 850 2250 Guettenhaag,
900 2169 1155 2233 Domino
1202 2171 1263 2233 in
1310 2169 1684 2242 Lancovviz,
1734 2169 2084 2233 camerario
2130 2178 2196 2234 et
2237 2169 2528 2249 Dapifero
2577 2170 2930 2254 carinthiae

456 2276 885 2352 haereditarie,
926 2275 1271 2358 Caesareae
1308 2277 1631 2358 Majestati
1668 2285 1734 2340 et
1770 2278 2157 2342 serenissimo
2194 2277 2524 2341 Archiduci
2565 2279 2855 2342 Austriae

635 2383 1020 2446 Ferdinando
1066 2403 1105 2445 a
1152 2381 1455 2446 consiliis:
1524 2381 1866 2466 Capitaneo
1912 2383 2268 2452 Provinciae
2313 2383 2560 2467 Styriae
2591 2379 2680 2458 ²')

1636 2512 1691 2556 et

828 2613 1141 2677 Dominis
1185 2611 1269 2675 Ν.
1317 2611 1402 2675 Ν.
1448 2609 1818 2677 quen-ium
1864 2611 2126 2698 Styrt'ae
2173 2611 2489 2676 ordinum

454 2717 799 2784 Quinqueviris
838 2719 1135 2780 Ordinariis,
1174 2717 1307 2769 Viris
1344 2718 1682 2783 amplissimis,
1718 2718 1950 2770 Dominis
1982 2720 2106 2769 meis
2142 2719 2466 2770 clementibus
2502 2725 2556 2769 et
2589 2717 2852 2775 beneficia,

1308 2810 1523 2861 salntem
1558 2815 1611 2861 et
1644 2824 1761 2861 mea
1793 2812 2009 2861 servitia.

475 2966 655 3039 Quod
703 2977 844 3031 ante
892 2978 1129 3050 septem
1174 2989 1412 3033 menses
1441 2972 1497 3045 ⁸)
1544 2967 1809 3050 promisi,
1860 2986 2011 3048 opus
2056 2968 2368 3031 doctorum
2404 2968 2749 3030 testimonio
2794 2966 3014 3048 pulch-

294 3074 423 3119 rum
470 3064 537 3118 et
572 3058 930 3137 jucundum,
993 3060 1287 3139 longeque
1332 3058 1790 3140 praeferendum
1838 3057 2050 3119 annuis
2096 3056 2544 3138 prognosticis:
2603 3057 2846 3119 tandem
2892 3056 3011 3119 ali-

295 3146 535 3224 quando
582 3165 841 3209 coronae
888 3156 1131 3210 vestrae
1177 3149 1351 3223 sisto,
1400 3146 1776 3228 Amplissimi
1819 3145 1990 3219 Viri3
2039 3164 2211 3226 opus,
2259 3146 2520 3227 iuquam,
2570 3146 2792 3225 exigua
2833 3145 3013 3216 mole,

297 3234 503 3297 labore
560 3235 832 3311 modico,
900 3236 1159 3299 materia
1211 3236 1589 3318 undiquaque
1645 3234 1924 3298 mirabili.
2017 3235 2177 3298 Nam
2225 3235 2352 3297 sive
2399 3234 2531 3317 quis
2590 3234 3016 3315 antiquitatem

297 3331 575 3403 spectet3
650 3332 895 3387 tentata
960 3326 1076 3388 fuit
1140 3333 1282 3388 ante
1346 3326 1443 3389 bis
1506 3324 1669 3387 mille
1734 3343 1923 3387 annos
1989 3346 2026 3385 a
2089 3324 2442 3405 Pythagora
2467 3322 2525 3399 1’)
2547 3342 2566 3399 ;
2641 3324 2768 3384 sive
2835 3323 3012 3385 novi-

296 3420 519 3487 tatem,
585 3414 839 3493 primum
896 3434 1050 3476 nunc
1108 3435 1147 3477 a
1190 3433 1284 3475 me
1344 3415 1503 3476 inter
1556 3414 1828 3477 homines
1883 3414 2184 3493 vulgatur.
2277 3414 2494 3475 Placet
2539 3412 2774 3474 moles?
2846 3410 3014 3474 Nihil

296 3509 392 3563 est
464 3502 579 3563 hoc
654 3503 931 3565 universo
1005 3503 1225 3566 mundo
1308 3504 1506 3582 majus
1578 3522 1771 3583 neque
1845 3502 2121 3581 amplius.
2231 3500 2629 3563 Desideratur
2703 3499 3015 3581 dignitas?

296 3588 460 3651 Nihil
526 3592 887 3669 pretiosius,
954 3590 1101 3655 nihil
1165 3591 1470 3672 pulchrius
1536 3592 1647 3653 hoc
1703 3590 2074 3653 lucidissimo
2130 3590 2246 3651 Dei
2308 3590 2550 3669 templo.
2643 3590 2846 3652 Lubet
2908 3608 3014 3651 se-

297 3678 447 3741 creti
496 3678 637 3759 quid
686 3682 1095 3759 cognoscere?
1168 3680 1335 3744 Nihil
1382 3687 1481 3743 est
1527 3687 1633 3742 aut
1679 3680 1795 3741 fuit
1839 3680 1901 3741 in
1938 3698 2137 3741 rerum
2181 3688 2400 3741 natura
2444 3678 2774 3753 occultius3
2821 3679 3016 3741 solum

296 3766 409 3828 hac
452 3767 516 3829 in
562 3787 628 3829 re
675 3788 793 3830 non
839 3770 1113 3833 omnibus
1170 3770 1500 3845 satisfacit,
1566 3767 1721 3849 quod
1780 3768 2018 3830 utilitas
2065 3767 2194 3847 ejus
2242 3765 2711 3847 incogitantibus
2757 3766 3014 3829 obscura

296 3864 411 3919 est.
486 3856 681 3937 Atqui
726 3856 821 3918 hic
870 3866 966 3921 est
1008 3860 1111 3921 ille
1159 3859 1353 3921 liber
1397 3866 1741 3931 naturae,
1794 3865 2112 3936 tantopere
2160 3856 2352 3918 sacris
2398 3856 2738 3918 celebratus
2779 3874 3011 3919 sermo-

296 3945 505 4018 nibus;
554 3964 727 4026 quem
769 3946 997 4009 Paulus
1043 3948 1321 4028 gentibus
1366 3946 1668 4029 proponit,
1718 3946 1778 4007 in
1817 3964 1933 4027 quo
1972 3947 2166 4007 Deum
2212 3964 2322 4006 ceu
2359 3942 2567 4007 Solem
2604 3945 2662 4006 in
2713 3964 2870 4026 aqua
2915 3944 3016 4005 vel

297 4033 542 4113 speculo
590 4036 1088 4117 contemplentur.
1182 4036 1341 4099 Nam
1387 4055 1492 4098 cur
1541 4032 1876 4097 Christiani
1935 4034 2130 4097 minus
2193 4033 2306 4095 hac
2353 4034 2857 4113 contemplatione
2905 4052 3014 4095 nos

296 4122 761 4199 oblectaremuS,
823 4143 1071 4205 quorum
1124 4125 1427 4204 proprium
1484 4132 1612 4199 est,
1672 4124 1865 4185 Deum
1911 4142 2053 4185 vero
2103 4122 2268 4184 cultu
2313 4122 2653 4199 celebrare,
2717 4120 3009 4195 venerari,

296 4211 625 4273 admirari?
670 4212 731 4274 id
779 4214 937 4293 quod
982 4221 1155 4276 tanto
1203 4214 1501 4275 devotiori
1549 4213 1745 4275 animo
1784 4212 1870 4287 fit,
1920 4219 2144 4293 quanto
2182 4210 2424 4286 rectius,
2477 4230 2630 4292 quae
2676 4219 2742 4273 et
2786 4217 3013 4291 quanta

296 4300 634 4363 condiderit
678 4310 885 4363 noster
931 4303 1117 4378 Deus,
1168 4300 1579 4381 intelligimus·
1665 4300 1828 4364 Sane
1878 4318 2055 4381 quam
2101 4300 2390 4381 plurimos
2437 4300 2690 4380 hymnos
2739 4301 2796 4361 in
2844 4297 3010 4360 Con-

298 4388 585 4465 ditorem,
641 4408 851 4451 verum
896 4392 1089 4452 Deum
1138 4390 1357 4452 cecinit
1400 4408 1579 4452 verus
1624 4389 1742 4451 Dei
1788 4391 1984 4452 cultor
2028 4389 2338 4463 Davides;
2400 4387 2612 4468 quibus
2661 4396 3015 4467 argumenta

298 4494 372 4537 ex
400 4478 795 4540 admiratione
825 4481 1125 4542 coelorum
1155 4478 1414 4541 deducit.
1486 4478 1655 4542 Coeli
1685 4486 1988 4551 enarrant,
2027 4477 2242 4559 inquit,
2283 4476 2540 4555 gloriam
2568 4476 2705 4538 Dei.
2776 4476 3012 4538 Videbo

297 4566 496 4627 coelos
544 4575 710 4643 tuos,
760 4586 947 4647 opera
992 4568 1315 4647 digitorum
1362 4575 1633 4642 tuorum,
1683 4567 1920 4628 Lunam
1967 4574 2030 4627 et
2075 4567 2327 4641 stellae,
2390 4584 2542 4647 quae
2591 4573 2656 4627 tu
2705 4564 3010 4627 fundasti:

298 4653 557 4733 Magnus
604 4656 897 4718 Dominus
940 4665 1183 4732 noster,
1242 4664 1307 4718 et
1352 4674 1570 4736 magua
1615 4654 1807 4716 virtus
1865 4655 2036 4733 ejus;
2099 4655 2201 4735 qui
2255 4662 2527 4716 numerat
2573 4653 3014 4717 multitudinem

299 4743 631 4819 stellarum,
682 4753 755 4807 et
800 4744 1127 4808 omnibus
1172 4746 1463 4808 nomina
1498 4752 1734 4805 vocat.
1801 4743 2044 4806 Alicubi
2072 4744 2285 4825 plenus
2315 4742 2549 4823 spiritu,
2597 4744 2808 4822 plenus
2837 4762 3016 4805 sacra

298 4829 533 4895 laetitia
571 4835 891 4910 exclamat,
933 4834 1243 4916 ipsumque
1278 4834 1562 4896 mundum
1599 4833 1931 4895 acclamat:
1979 4831 2256 4895 Laudate
2305 4832 2458 4894 coeli
2485 4831 2823 4907 Dominum,
2875 4832 3012 4894 lau-

300 4917 437 4983 date
500 4941 633 4985 eum
682 4921 790 4985 Sol
846 4930 913 4986 et
955 4924 1159 5003 Luna,
1222 4924 1329 4987 &c.
1424 4920 1598 4994 Quae
1658 4940 1777 4984 vox
1837 4921 2055 4985 coelo?
2107 4940 2272 5002 ‚quae
2333 4919 2576 4983 stellis?
2642 4940 2762 5001 qua
2820 4920 3014 4986 Deum

401 5024 579 5083 Kopion
606 5028 805 5083 opor-1.
2555 5024 2588 5087 ⁷
