3634 5575
551 359 684 428 350
1399 361 1600 413 Literae
1637 363 1841 426 Kepleri
1880 355 2181 427 aliorumque
2216 371 2421 414 mutuae

1551 520 1622 571 Ut
1657 523 1722 571 sit
1757 523 1804 572 Δ
1840 535 2121 588 apogaeum
2158 522 2365 588 epinycli
2379 558 2394 583 ,
2452 521 2497 572 0
2522 535 2801 588 apogaeum
2836 523 3083 581 eceeutri,
3118 522 3193 580 B,
3238 521 3289 572 C

1410 599 1597 654 puncta
1649 594 1954 651 reflexionis,
2010 594 2206 659 quando
2260 601 2483 644 centrum
2536 594 2745 658 epicycli
2794 595 2845 644 in
2898 593 3045 642 nodo.
3128 593 3287 644 Tune

1409 663 1503 713 AD
1561 663 1638 713 vel
1671 663 1762 714 111
1815 665 1995 714 eadem
2040 667 2150 728 ipsa
2198 665 2333 715 linea
2381 665 2591 730 apogaei
2650 664 2856 728 epicycli
2910 667 3077 716 unitur
3112 664 3281 728 eclip-

1410 735 1569 791 ticae,
1617 741 1669 784 et
1721 738 1792 784 sic
1848 735 1892 784 B
1944 736 2001 784 fit
2058 735 2137 790 K,
2188 741 2241 785 et
2288 734 2327 784 C
2380 736 2440 785 fit
2487 735 2563 797 Τ,
2594 738 2739 801 „quia
2791 734 2894 785 AD
2944 736 3282 799 perpendicu-

1410 803 1579 854 lariter
1625 805 1691 854 ad
1717 805 1752 856 S
1791 807 2063 856 descendit.
2140 805 2223 856 Sic
2261 804 2370 866 QR
2405 809 2455 855 in
2492 808 2585 856 isto
2622 808 2731 857 loco
2768 813 2845 856 est
2882 808 3092 871 apogaei
3134 807 3287 856 linea

1409 877 1845 940 perpendicularis,
1885 877 1934 925 V
1957 893 2070 927 vero
2107 885 2185 926 est
2219 892 2313 941 apo
2350 891 2493 926 aeum
2530 878 2739 941 epicycli
2762 878 2981 942 vulgare,
3022 885 3074 926 et
3094 877 3155 938 ‘Q
3194 883 3285 927 est

1413 933 1688 1012 apogaeum
1705 983 1719 1006 ‚
1780 962 1812 998 a
1862 963 1956 1013 quo
2012 949 2251 998 distantia
2376 963 2463 1012 pro
2498 948 2765 999 latitudine
2813 947 3107 1013 inquirenda
3140 951 3281 997 sumi

1413 1019 1576 1068 debet.
1652 1018 1792 1068 Data
1836 1020 1987 1084 igitur
2037 1020 2277 1069 distantia.
2314 1015 2355 1077 ζῖ
2400 1020 2466 1069 ab
2517 1033 2740 1083 apogaeo
2785 1020 2999 1084 vulgari,
3056 1019 3285 1068 addatur

1409 1089 1480 1139 illi
1518 1090 1784 1140 distantiae
1824 1093 1978 1140 centri
2016 1091 2222 1154 epicyclj
2261 1090 2324 1140 ab
2359 1103 2581 1155 apogaeo
2616 1092 2882 1141 eccentrici
2921 1091 3181 1146 distantia,
3220 1097 3283 1140 ot

1407 1161 1561 1211 habes
1597 1167 1758 1211 totam
1795 1155 1837 1221 Q
1876 1161 2164 1212 distantiam
2202 1162 2266 1210 ab
2302 1175 2527 1226 apogaeo
2566 1160 2773 1225 epicycli
2808 1160 3047 1224 parallelo
3096 1160 3273 1210 latitu-

1409 1232 1593 1282 dinum.
1669 1232 1905 1282 Circellus
1946 1247 2125 1296 parvus
2173 1229 2305 1294 (EF)
2362 1246 2511 1296 prope
2548 1230 2753 1281 Terram
2799 1234 2955 1282 vicem
3004 1233 3279 1282 eccentrici

1407 1305 1536 1369 gerit
1589 1303 1946 1367 quodammodo
1963 1338 1978 1362 ,
2028 1305 2073 1352 si
2120 1303 2338 1367 superior
2387 1317 2501 1366 pars
2538 1301 2579 1350 E
2618 1305 2723 1364 eJus
2762 1303 3002 1360 declinet,
3068 1303 3281 1352 inferior

1406 1389 1521 1438 pars
1558 1375 1597 1423 F
1631 1376 1776 1425 unita
1811 1375 1877 1423 sit
1928 1374 2091 1423 lineae
2146 1374 2213 1423 ad
2263 1374 2544 1436 eclipticam
2593 1373 2880 1436 productae.
2956 1372 3009 1422 Si
3046 1381 3275 1424 centrum

1407 1447 1672 1496 eccentrici
1705 1447 1759 1495 in
1783 1445 1827 1494 Ε
1852 1446 2085 1508 superiori
2103 1451 2263 1508 parte,
2300 1451 2421 1494 tunc
2456 1443 2594 1494 linea
2629 1457 2661 1493 a
2686 1443 2839 1494 Terra
2872 1459 2963 1508 per
2990 1443 3112 1494 illud
3149 1459 3271 1494 ceu·

1405 1517 1534 1566 trun'i
1567 1518 1833 1567 eccentrici
1873 1517 2057 1566 educta
2092 1515 2311 1566 ostendit
2347 1515 2729 1572 declinationem
2766 1517 2831 1564 ab
2868 1516 3117 1579 ecliptica.

700 1585 758 1635 In
797 1585 993 1637 Venere
1030 1592 1168 1652 puto,
1205 1602 1358 1638 unam
1393 1589 1705 1639 latitudinem
1741 1593 1939 1636 tantum
1977 1601 2113 1645 esse;
2150 1586 2464 1636 reflexionem
2500 1585 2729 1636 videlicet
2764 1587 3045 1643 eccentrici,
3082 1585 3274 1635 nullam

553 1672 666 1706 vero
707 1657 1086 1706 declinationem
1127 1655 1225 1719 (ζ’),
1266 1674 1377 1709 cum
1417 1661 1543 1709 adeo
1578 1673 1734 1722 parva
1775 1693 1785 1706 .
1830 1694 1841 1706 .
1884 1693 1895 1705 .
1938 1693 1950 1706 .
1994 1653 2066 1720 (ἲ)
2106 1693 2118 1705 .
2161 1691 2173 1706 .
2214 1691 2225 1703 .
2266 1671 2395 1720 quae
2441 1656 2567 1705 forte
2602 1657 2721 1705 vitio
2760 1657 3113 1707 observationis
3147 1655 3273 1707 Pto-

549 1729 795 1777 lemaicae
831 1729 907 1776 ita
943 1727 1174 1778 ordinata
1209 1731 1318 1779 fuit.

693 1797 876 1848 Judica
909 1804 966 1848 tu
1005 1801 1066 1849 de
1101 1799 1200 1850 hac
1235 1802 1592 1864 speculatione,
1628 1802 1712 1864 qui
1749 1799 2171 1849 observationibus
2196 1797 2527 1860 Tychonianis
2564 1797 2699 1846 haud
2722 1797 2869 1848 dubie
2900 1799 3170 1850 instructus
3198 1813 3273 1850 οι.

702 1867 984 1933 Diligenter
1021 1885 1214 1936 quoque
1251 1887 1312 1933 ex
1347 1872 1682 1936 parallaxibus
1719 1871 1795 1919 vel
1836 1870 2219 1920 evariationibus
2247 1865 2646 1933 (evagationibus
2657 1866 2703 1928 2)
2744 1870 2875 1918 visus
2912 1869 3275 1920 attendendum

555 1939 723 2002 judico
763 1939 824 1988 de
861 1937 1096 1990 Mercurii
1133 1942 1304 1992 visuali
1341 1943 1641 2007 quantitate,
1680 1957 1745 1992 an
1783 1937 1816 1988 4
1855 1943 2009 2006 signis
2049 1941 2111 1990 ab
2149 1953 2371 2004 apogaeo
2409 1946 2625 1988 remotus
2662 1954 2834 1990 revera
2871 1943 3032 2006 magis
3057 1940 3123 1989 ad
3146 1940 3271 1990 Ter-

484 2035 494 2048 ·
559 2023 665 2062 ram
703 2011 1077 2076 appropinquet,
1115 2025 1262 2077 quam
1299 2015 1350 2062 in
1387 2016 1639 2078 perigaeo‚
1678 2013 1754 2063 vel
1792 2027 1856 2061 an
1896 2011 2013 2061 illud
2050 2012 2141 2061 fiat
2176 2025 2263 2074 per
2285 2016 2472 2058 motum
2506 2010 2733 2059 diametri
2755 2011 2900 2074 juxta
2926 2011 3275 2075 Copernicum‚

557 2081 634 2131 vel
671 2081 880 2144 epicycli
916 2084 1312 2146 majorationem,
1347 2092 1406 2134 ut
1439 2087 1512 2134 sic
1549 2083 1742 2134 dicam?

603 2183 694 2232 Fir·
751 2185 792 2221 ⁵·
1056 2171 1458 2252 Keplerust
1525 2172 1640 2233 Hic
1685 2191 1781 2232 me
1811 2187 1996 2231 vocas
2042 2169 2098 2229 in
2151 2169 2522 2251 labyrinthos
2552 2177 2689 2231 tuos
2738 2171 2810 2230 de
2860 2171 3157 2232 Mercurio
3204 2183 3274 2233 et

736 2301 762 2342 ὁ
879 2259 1142 2321 Venere.
1205 2261 1342 2323 Non
1393 2259 1561 2323 lubet
1606 2259 1804 2339 sequi:
1874 2258 2029 2319 citra
2074 2258 2367 2320 rationem
2434 2259 2713 2338 fatigaris
2780 2261 3065 2321 assumtis
3112 2261 3272 2322 Pto-

880 2347 1094 2408 lemaei
1141 2349 1405 2428 placitiS‚
1456 2369 1608 2430 quae
1671 2357 1800 2410 tam
1846 2347 2037 2408 multa
2096 2346 2255 2408 falsa
2286 2347 2828 2427 deprehenduntur.
2924 2345 3077 2410 Mihi
3132 2350 3269 2410 suf-

877 2437 1005 2497 ficit
1051 2437 1205 2499 scire
1253 2437 1367 2499 hoc
1415 2437 1488 2499 de
1535 2438 1778 2499 Venere
1828 2443 1891 2496 et
1937 2435 2235 2506 Mercurio
2284 2455 2361 2496 ex
2405 2434 2957 2505 observationibus,
3008 2437 3269 2498 inclina-

878 2525 1075 2586 tiones
1101 2527 1416 2606 planorum
1457 2529 1640 2605 (quae
1673 2534 1813 2588 sunt
1845 2524 2195 2585 Ptolemaeo
2227 2525 2509 2606 epicycli)
2558 2524 2635 2585 ad
2670 2525 2913 2604 planum
2949 2525 3271 2606 eclipticae

591 2603 618 2649 ⁹
651 2613 736 2622 ”““
764 2598 791 2648 ⁵²
885 2633 1020 2674 esse
1071 2623 1448 2690 constantes,
1502 2624 1566 2676 et
1610 2614 1833 2675 variari
1882 2631 2062 2692 posse
2094 2613 2477 2674 latitudinem
2523 2633 2625 2675 seu
2652 2613 3100 2676 inclinationem
3130 2633 3263 2676 ma-
3348 2673 3355 2678 .

878 2703 1120 2778 ximam,
1173 2704 1410 2783 qnando
1457 2703 1752 2780 contingit
1795 2702 1857 2763 in
1906 2703 1966 2777 0‘
1994 2699 2073 2778 Θ
2126 2723 2162 2762 a
2213 2702 2236 2765 1
2275 2697 2301 2732 ⁰
2343 2702 2403 2763 in
2458 2697 2591 2765 10⁰
2635 2701 2729 2764 vel
2784 2699 2937 2776 11⁰,
2988 2711 3055 2764 ut
3098 2704 3271 2765 vides

881 2792 939 2851 in
991 2792 1229 2871 adjecto
1277 2793 1608 2855 schemate.
1701 2792 1841 2853 Erit
1888 2790 1939 2865 ῼ
1972 2792 2021 2867 ὅ
2060 2791 2110 2866 Q
2160 2811 2341 2871 supra
2393 2790 2460 2855 11
2494 2787 2547 2866 ⁰,
2606 2792 2765 2852 infra
2819 2787 2901 2853 1⁰
2944 2812 2997 2854 c.
3047 2812 3097 2854 c.

1057 2883 1346 2943 Fortasse
1403 2882 1599 2943 minus
1656 2881 1795 2960 quid
1853 2880 2201 2956 dicendum,
2270 2888 2335 2941 ut
2391 2880 2646 2942 alterum
2704 2879 2954 2943 alterius
3010 2882 3093 2943 sit
3150 2902 3265 2943 non

881 2969 1303 3047 undecuplum,
1371 2972 1478 3032 sed
1527 2970 1861 3048 octuplum,
1930 2978 2035 3030 aut
2084 2971 2237 3030 forte
2296 2970 2708 3030 tantummodo
2754 2970 3125 3051 sextuplum,
3193 2973 3265 3032 de

879 3075 994 3136 quo
1041 3076 1154 3118 non
1202 3078 1421 3138 pugno,
1518 3056 1764 3120 Circelli
1810 3058 2107 3120 libratorii
2154 3060 2309 3119 ultro
2340 3060 2581 3131 cadunt,
2636 3058 2871 3119 bisecta
2900 3060 3259 3123 eccentrici-

877 3152 1008 3206 tate
1038 3146 1281 3208 Terrae.
1357 3146 1454 3208 Ex
1483 3146 1768 3229 epicyclis
1797 3147 1942 3207 fient
1980 3147 2317 3221 eccentrici‚
2366 3146 2619 3226 quilibet
2648 3166 2778 3207 cum
2808 3168 2916 3209 suo
2948 3158 3261 3228 aequante.

879 3234 1140 3296 Tentavi
1189 3244 1328 3297 ante
1377 3255 1565 3297 annos
1614 3233 1654 3297 6
1700 3235 1797 3297 vel
1846 3234 1917 3309 73
1984 3228 2191 3299 videor
2234 3234 2607 3309 meminisse,
2658 3252 2773 3296 non
2821 3254 3003 3315 posse
3049 3237 3261 3299 Ptole-

752 3334 782 3380 ὁ
879 3322 1040 3384 maei
1085 3324 1314 3402 placita
1359 3324 1699 3387 transfundi
1745 3326 1806 3385 in
1850 3322 2325 3403 Copernicanam
2372 3325 2624 3386 formam
2670 3324 2827 3385 citra
2870 3326 3263 3388 mutationem

555 3432 924 3490 φαινομηων
971 3430 1204 3485 eorum,
1271 3432 1423 3492 quae
1489 3432 1564 3475 ex
1617 3413 2004 3475 Ptolemaicis
2072 3420 2416 3493 sequuntur.
2512 3413 2930 3493 Triangulatio
2985 3415 3265 3477 Mercurii

555 3508 840 3580 suspecta
886 3508 1001 3587 est,
1052 3502 1219 3581 quia,
1270 3510 1556 3581 quantum
1601 3502 1665 3563 id
1711 3510 1808 3563 est
1852 3502 1912 3563 in
1961 3502 2410 3575 observatione,
2463 3503 2619 3580 quod
2666 3500 3017 3564 Ptolemaeo
3063 3503 3263 3565 trian-

554 3589 922 3670 gulationem
965 3592 1303 3669 persuasit,
1362 3592 1424 3653 id
1471 3600 1696 3666 totum,
1747 3610 1937 3671 eoque
1983 3591 2179 3670 majus
2247 3589 2471 3669 aliquid
2529 3590 2969 3652 observationis
3016 3592 3263 3653 incerti-

557 3678 746 3740 tudini
795 3678 974 3740 tribui
1019 3688 1246 3759 potest.
1341 3680 1424 3741 Et
1469 3689 1671 3741 tamen
1721 3680 1773 3740 si
1822 3698 1897 3739 ex
1945 3680 2214 3760 epicyclo
2263 3680 2331 3740 fit
2378 3680 2777 3755 eccentricuS,
2843 3680 3265 3741 eccentricitas

559 3768 664 3829 fiet
707 3786 961 3846 magna,
1011 3768 1272 3830 ovalitas
1319 3768 1603 3847 insignire,
1654 3768 2002 3830 occasiones
2050 3767 2302 3843 multae,
2355 3786 2506 3847 quae
2555 3768 2903 3830 Ptolemaeo
2943 3769 3019 3830 ad
3067 3771 3263 3831 trian-

554 3856 921 3936 gulationem
966 3857 1204 3935 praeire
1254 3864 1598 3936 potuerunt.
1693 3857 1935 3918 Addam
1995 3865 2058 3918 et
2112 3856 2199 3931 id,
2270 3857 2343 3917 de
2402 3874 2516 3937 quo
2576 3856 2758 3918 toties
2817 3858 3096 3938 quaeris,
3163 3878 3269 3919 cur

555 3946 732 4007 hodie
792 3953 1044 4006 cunctae
1103 3945 1516 4026 elongationes
1585 3945 1879 4006 maximae
1940 3963 2053 4007 non
2127 3952 2387 4024 aequent
2442 3944 2744 4028 antiquas·
2838 3946 2974 4009 Non
3034 3948 3267 4026 dispexi

556 4034 700 4113 quid
750 4033 939 4094 dicas,
1035 4033 1160 4095 Sed
1205 4035 1512 4096 inventum
1577 4052 1827 4109 moneo,
1893 4041 1963 4096 ut
2024 4054 2225 4095 sumes
2299 4034 2717 4113 elongationes
2783 4055 2821 4095 a
2876 4035 3071 4097 medio
3135 4038 3267 4097 loco

557 4121 742 4196 Solis,
793 4140 908 4181 non
955 4142 995 4181 a
1043 4140 1210 4197 vero,
1263 4132 1583 4203 ceteraque
1631 4124 1760 4185 Tua
1808 4123 2037 4185 frustra
2081 4142 2213 4184 cum
2260 4122 2648 4184 Ptolemaicis
2696 4124 3105 4204 comparabis,
3174 4124 3266 4185 sin

557 4230 632 4272 ex
681 4210 1018 4271 observatis
1067 4212 1213 4272 Tuis
1264 4211 1556 4291 loquaris:
1607 4212 1692 4272 nil
1738 4211 1967 4287 mirum,
2020 4211 2072 4273 si
2118 4213 2459 4290 discrepent
2508 4232 2545 4272 a
2589 4210 2829 4290 placitis
2860 4211 3264 4275 PtolemaiciS.

559 4300 714 4361 Puto
761 4298 888 4361 fieri
935 4317 1050 4361 non
1097 4318 1310 4380 posse,
1357 4308 1424 4361 ut
1471 4300 1630 4361 intra
1677 4309 1843 4362 tuam
1892 4309 2159 4363 aetatem
2190 4301 2413 4361 cadant
2458 4300 2795 4379 hujusmodi
2828 4302 3262 4381 elongationem,

555 4406 674 4451 una
718 4387 1043 4458 matutina,
1107 4388 1303 4451 altera
1347 4388 1723 4467 vespertina,
1792 4389 1891 4451 ubi
1940 4388 2273 4451 Mercurius
2340 4388 2517 4451 simul
2564 4390 2775 4451 eodem
2836 4392 2920 4453 sit
2980 4392 3109 4452 loco
3170 4389 3261 4451 sui

556 4476 839 4559 epicycli,
888 4477 1182 4558 simulque
1231 4478 1415 4539 cadat
1450 4479 1508 4539 in
1557 4478 2001 4559 elongationem
2046 4478 2397 4555 maximam,
2457 4486 2523 4541 ut
2568 4477 2807 4559 quidem
2855 4478 3070 4542 sumsit
3112 4478 3265 4540 Pto-

557 4566 840 4627 lemaeus.

693 4652 1048 4703 Fabricius:
1091 4652 1354 4714 Narratur,
1389 4653 1662 4703 Dracum
1698 4655 1750 4704 in
1786 4654 2065 4705 elevatione
2089 4654 2188 4719 poli
2212 4652 2273 4703 41
2293 4649 2317 4681 ⁰
2352 4660 2572 4718 tempore
2609 4654 2797 4704 aestivo
2832 4668 3073 4721 magnum
3111 4656 3265 4721 frigus

554 4724 816 4782 invenisse,
854 4738 950 4775 nec
985 4732 1185 4790 propter
1208 4726 1421 4791 glaciem
1456 4726 1509 4773 in
1545 4724 1700 4775 litoris
1737 4725 1952 4775 Peruani
1998 4727 2109 4776 sinu
2162 4726 2376 4793 quodam
2412 4726 2668 4776 inventam
2703 4725 2907 4777 ulterius
2943 4729 3141 4793 migrari
3178 4742 3261 4791 po-

555 4794 724 4845 tuisse.
800 4793 944 4855 Quae
981 4811 1137 4848 causa
1170 4798 1317 4861 hujus
1353 4794 1536 4847 insoliti
1571 4796 1762 4863 frigoris
1777 4794 1802 4846 Y

735 4866 1013 4949 Kepler
1028 4888 1148 4931 us:
1215 4870 1308 4931 De
1365 4868 1588 4949 frigore
1647 4868 1710 4931 in
1769 4868 2047 4932 litoribus
2094 4866 2384 4941 Quivirae
2430 4875 2577 4949 puto
2622 4885 2718 4931 me
2762 4868 3081 4951 scripsisse
3142 4868 3265 4950 jam
