3634 5575
1475 478 1484 487 .
1529 392 1851 447 hunum.
2940 392 3023 461 5⁷

317 554 588 611 duntur,
623 552 902 604 scibuntm
935 558 990 603 et
1009 552 1204 617 publice
1237 556 1552 619 sparguntur,
1585 552 1784 605 lateat?
1838 553 2077 621 Bqddem
2110 552 2387 617 hujusmodl
2420 555 2589 619 ntique
2624 554 2881 619 oportebat
2914 570 3024 608 esse

317 639 430 683 eos,
469 625 554 689 qui
591 624 764 677 dextre
797 624 860 675 de
895 624 1124 675 librorum
1160 624 1400 675 editorum
1433 627 1775 689 permissione.
1811 626 2165 691 expurgatione
2180 660 2195 679 ,
2238 624 2555 677 damnatione
2590 632 2644 677 et
2676 628 3025 691 proscriptione

313 696 552 761 judica-re
586 702 976 761 praesumuntur·
1035 694 1156 746 ideo
1193 696 1377 761 absque
1414 696 1558 746 dubio
1595 696 1745 754 dices,
1783 696 1969 761 aliquos
2008 695 2073 759 (si
2108 697 2251 746 modo
2286 711 2385 747 non
2422 712 2590 749 omnes
2628 703 2717 747 aut
2748 697 3023 764 plerosque)

317 782 368 819 a.
403 768 552 831 hujus
587 769 984 833 congregationis
1015 768 1142 817 viros
1175 782 1336 819 rernm
1369 782 1560 832 quoqne
1591 768 2065 828 mathematicam,
2102 770 2233 819 inter
2266 782 2387 833 quas
2422 771 2740 819 astronomia·
2756 784 2855 819 non
2890 778 3022 836 post-

317 854 514 891 mum
549 840 714 891 locum
747 846 913 896 tenes.
949 838 1098 903 probe
1134 839 1284 889 fuisse
1317 840 1514 903 peritos.

471 910 660 963 verum
693 912 778 963 nbi
812 911 961 961 rerba
991 910 1138 973 hujus
1175 912 1360 963 decreti
1395 912 1459 961 de
1493 910 1748 976 Gopernici
1791 913 2090 963 astronomia
2124 913 2271 974 paulo
2310 915 2590 964 accuratius
2627 914 3023 973 consideraveris,

318 984 496 1050 procul
531 984 678 1034 dnbio
713 998 816 1035 una
845 997 1040 1033 mecum
1075 981 1430 1047 suspicaberis,
1463 984 1583 1032 istos
1621 982 1909 1033 cardinales
1946 984 2200 1048 Gopernici
2237 985 2381 1034 libros
2416 1000 2514 1035 non
2548 985 2754 1051 legisse.
2800 1002 2893 1037 nec
2928 1002 3023 1038 nn·

203 1113 210 1120 .
321 1070 480 1121 quam
511 1056 718 1118 vidisse,
771 1056 888 1121 quin
923 1060 978 1104 et
1011 1054 1208 1119 quando
1245 1052 1542 1118 copemicus
1577 1057 1629 1105 in
1665 1057 1780 1105 vivis
1830 1057 1977 1107 fuerit
2023 1057 2100 1107 vel
2136 1072 2253 1105 num
2290 1058 2450 1108 adhuc
2486 1058 2623 1108 vitali
2662 1072 2785 1109 aura
2818 1061 3023 1113 fruatur.

321 1131 601 1194 ignorasse.
657 1126 790 1177 Nam
823 1127 874 1177 hi
911 1126 1200 1182 cardinales
1235 1125 1492 1189 epistolam
1527 1128 1774 1190 quandam
1811 1128 2067 1191 cniusdam
2102 1128 2262 1179 Patris
2300 1128 2599 1181 Carmelitae
2634 1130 2705 1181 M.
2744 1132 2885 1182 Pauli
2922 1134 3023 1183 An-

323 1200 456 1249 tonii
489 1199 768 1250 Poscarini.
817 1212 865 1248 a.
905 1194 1042 1247 1815
1079 1198 1290 1257 editam,
1336 1198 1408 1247 sic
1445 1198 1664 1265 allegare
1697 1200 1945 1260 videntur,
1992 1206 2229 1270 tanquam
2266 1216 2327 1251 ex
2362 1217 2426 1252 ea
2462 1202 2655 1253 demum
2692 1207 3025 1269 cognoverint,

321 1271 460 1337 qnod
495 1270 754 1335 Copernici
789 1278 842 1321 et
863 1269 1058 1320 Dudaci
1095 1267 1240 1335 (quos
1273 1284 1367 1321 ceu
1401 1278 1835 1335 contemporaneos
1870 1278 1923 1322 et
1956 1283 2227 1339 συνεργθς
2262 1272 2591 1339 conjungunt)
2630 1275 2853 1326 doctrina
2887 1280 3028 1343 quasi

323 1357 506 1394 mens
555 1348 666 1393 orta
707 1344 812 1392 sive
863 1343 1162 1393 resuscitata
1205 1342 1444 1409 divulgari
1490 1348 1542 1391 et
1587 1356 1620 1393 a
1662 1344 1825 1394 multis
1860 1348 2009 1411 recipi
2046 1348 2289 1409 coeperit:
2342 1362 2451 1397 cnm
2488 1354 2655 1397 tamen
2701 1360 2765 1396 ea
2802 1348 3027 1400 doctrina

323 1414 496 1465 multis
534 1416 676 1464 annis
713 1418 832 1463 ante
867 1414 1014 1463 fuerit
1049 1414 1318 1479 divulgata.
1373 1413 1506 1465 'Nam
1532 1413 1785 1479 Copernici
1819 1416 1883 1467 de
1906 1418 2310 1468 Revolutionibns
2342 1418 2543 1469 Orbium
2579 1417 2864 1469 coelestium
2890 1421 3026 1469 Libri

325 1487 452 1537 edin·
489 1486 688 1535 fuorunt
721 1485 1076 1551 Norimbergae
1112 1499 1160 1535 8-
1193 1482 1324 1534 1543
1347 1520 1362 1541 .
1402 1500 1580 1549 eoaque
1616 1490 1883 1551 praecessit
1916 1490 2043 1540 haec
2078 1504 2284 1554 sequens
2326 1490 2525 1541 Rbetici
2560 1491 2777 1539 narratio
2811 1506 2859 1541 a.
2888 1488 3025 1541 ¹539

325 1558 394 1607 ad
428 1557 480 1607 J.
521 1555 824 1609 schonerum
859 1559 1069 1621 scripta,
1116 1562 1168 1607 et
1210 1555 1272 1605 ab
1311 1558 1502 1609 Achille
1539 1558 1596 1608 Ρ.
1633 1560 1845 1610 Gassero
1886 1576 1931 1611 a.
1974 1558 2113 1610 15⁴0
2147 1565 2309 1629 spargi
2360 1568 2563 1627 coepta,
2614 1566 2763 1625 atque
2799 1579 2848 1614 a.
2890 1562 3021 1614 1541

325 1630 562 1679 Basileae
607 1629 812 1693 publicis
859 1630 988 1694 typis
1033 1644 1228 1681 excusa.
1303 1628 1494 1682 Eadem
1527 1637 1702 1693 postea
1735 1630 1990 1697 Coperniei
2026 1632 2159 1682 libris
2204 1636 2385 1685 ibidem
2419 1635 2652 1686 Basileae
2696 1636 2879 1685 recusis
2932 1637 3027 1687 fuit

325 1714 544 1753 meza.
615 1702 722 1751 Imo
756 1702 894 1753 fama
924 1702 1068 1765 hujus
1107 1702 1360 1753 doctrinae
1407 1702 1592 1767 aliquot
1635 1707 1775 1754 annis
1828 1710 1946 1755 ante
1992 1706 2198 1769 primam
2237 1694 2499 1757 editionem
2537 1720 2585 1756 a.
2624 1703 2761 1755 1536
2800 1709 2865 1759 ad
2902 1709 3024 1759 alios

321 1780 453 1828 viros
489 1774 798 1825 doctissimos
833 1784 1168 1826 emanaverat.
1243 1772 1388 1836 Quod
1423 1776 1486 1825 de
1521 1788 1576 1823 se
1620 1777 1724 1841 ipso
1761 1777 1873 1828 Nic.
1914 1774 2273 1843 Scbonbergius
2312 1778 2589 1831 cardinalis
2628 1776 2925 1841 Capuanns,
2974 1773 3042 1829 in'

325 1850 538 1915 epistola
573 1862 621 1897 a.
661 1844 802 1897 1536
839 1847 904 1899 ad
939 1845 1262 1909 Gopernicum
1309 1849 1498 1909 scripta
1539 1853 1765 1900 testatur.
1838 1850 1933 1899 Hic
1978 1851 2109 1900 idem
2145 1848 2531 1919 Schonbergius,
2583 1866 2686 1901 una
2730 1866 2841 1903 cum
2876 1853 3023 1903 'l'ide-

327 1938 518 1973 manno
543 1920 696 1979 Gisio‚
734 1920 972 1985 Episcopo
997 1918 1246 1971 culmensi
1283 1917 1428 1985 (quos
1464 1924 1568 1986 ipse
1593 1920 1873 1973 canonicus
1896 1922 2279 1973 Warmaciensis
2314 1928 2445 1975 inter
2479 1939 2591 1974 suos
2628 1925 2813 1973 amieos
2848 1926 3026 1988 primos

324 2002 380 2045 et
425 1993 670 2057 proximos
717 1999 946 2043 numerat
959 2028 973 2045 .
1023 1994 1074 2043 in
1125 1994 1258 2043 omni
1305 1992 1636 2045 doctrinarum
1682 2009 1865 2058 genere
1911 1995 2128 2045 celebres
2167 2002 2218 2045 et
2253 1998 2467 2047 omnium
2506 1997 2741 2045 bonarum
2776 1996 3027 2047 literarum

325 2061 730 2125 studiosissimos)
775 2066 992 2129 itemque
1037 2065 1120 2117 alii
1157 2080 1256 2114 nou
1290 2068 1439 2128 pauci
1473 2068 1560 2115 viri
1597 2068 1965 2117 eminentissimi
2002 2073 2053 2117 et
2100 2067 2367 2117 doctissimi
2418 2082 2451 2117 a
2486 2067 2753 2131 Copernico
2798 2069 3027 2118 librorum

321 2138 520 2189 illorum
555 2150 767 2193 suorum,
803 2142 908 2186 tum
943 2138 996 2187 in
1029 2144 1254 2202 quartum
1289 2140 1581 2189 novennium
1615 2138 1933 2197 latitantium,
1975 2139 2236 2189 editionem
2273 2140 2411 2190 seriis
2455 2138 2893 2196 adhortationibus,
2934 2141 3021 2191 ad-

329 2210 448 2260 ditis
489 2208 738 2266 interdum
785 2209 1032 2266 convitiis,
1083 2209 1390 2274 flagitarunt.
1474 2208 1660 2260 Horum
1710 2210 2125 2261 exhortationibus
2162 2210 2461 2274 Gopernieus
2496 2211 2699 2261 tandem
2734 2211 2892 2261 victus
2926 2226 3025 2261 non

323 2286 524 2331 tantum
558 2280 610 2329 in
645 2280 805 2342 operis
839 2279 940 2339 sui,
985 2280 1214 2332 herculeo
1247 2280 1466 2343 profecto
1499 2281 1689 2341 labore,
1738 2280 1913 2331 sndore
1952 2286 2003 2329 et
2038 2282 2279 2331 industria
2316 2282 2579 2335 exantlati,
2646 2282 3027 2345 publicationem

326 2352 604 2409 consensit,
653 2352 945 2415 amicisque,
991 2358 1049 2402 ut
1083 2352 1348 2403 editionem
1385 2352 1468 2402 diu
1501 2354 1708 2417 petitam
1743 2352 1989 2409 facerent,
2036 2354 2282 2416 permisit,
2329 2354 2419 2403 sed
2455 2354 2605 2403 etiam
2642 2356 2855 2417 seposito
2892 2355 3025 2405 omni
3124 2390 3131 2395 -

321 2425 459 2489 vulgi
492 2429 807 2487 praepostero
838 2423 1026 2483 iudicio
1061 2420 1253 2487 (procul
1291 2423 1434 2473 dubio
1471 2425 1734 2473 amicorum
1769 2422 1963 2472 illorum
1998 2438 2193 2473 suorum
2230 2425 2544 2491 suggestione
2581 2438 2869 2485 persuasus,
2908 2440 3025 2475 nam

321 2498 483 2561 ipsum
518 2494 707 2560 gloriae
744 2494 937 2544 avidum
971 2510 1071 2544 non
1103 2496 1254 2544 fuisse
1297 2509 1464 2545 omnes
1510 2494 1909 2545 circumstantiae
1944 2491 2190 2553 indicant)
2228 2494 2382 2545 Paulo
2410 2494 2487 2545 111
2522 2494 2664 2544 Pont.
2694 2494 2839 2545 Rom.
2876 2510 3021 2559 prae·

325 2568 579 2622 lationem,
617 2566 950 2617 dedicator-iae
989 2566 1224 2629 epistolae
1259 2566 1366 2616 loco
1380 2602 1393 2621 ‚
1430 2567 1690 2627 inscripsit.
1765 2564 1910 2626 Quod
1948 2572 2115 2616 autem
2148 2566 2242 2616 hoc
2278 2582 2399 2628 opus
2412 2602 2428 2623 ,
2464 2566 2715 2616 hnmanae
2748 2566 3024 2619 industriae

323 2640 452 2689 vires
488 2652 602 2689 vere
647 2652 914 2701 superans,
969 2638 1116 2688 fuerit
1157 2636 1236 2687 vel
1281 2651 1314 2687 a
1348 2637 1501 2687 Paulo
1537 2637 1614 2687 ΙΙΙ
1663 2636 1738 2687 vel
1789 2639 1852 2688 ab
1897 2636 1994 2687 ullo
2042 2640 2266 2703 sequenti
2301 2638 2548 2702 Paparum
2584 2638 2727 2686 Rom.
2766 2653 2919 2703 usque
2958 2638 3021 2688 ad

322 2709 536 2761 Panium
573 2708 622 2757 V
656 2710 982 2773 improbatum
1017 2715 1106 2759 aut
1155 2708 1218 2759 ab
1265 2710 1626 2773 inquisitoribus
1669 2708 1912 2759 hactenns
1962 2723 2177 2773 uuquam
2228 2710 2516 2760 damnatum
2530 2746 2544 2770 ‚
2594 2709 2889 2773 prohibitum
2939 2716 3027 2759 aut

323 2796 642 2844 suspensum.
691 2795 783 2846 ego
819 2782 871 2830 in
906 2780 1052 2830 nullis
1089 2780 1429 2831 damnatorum
1461 2782 1688 2832 librorum
1738 2781 1981 2847 catalogis
2016 2782 2205 2842 inveni,
2252 2795 2345 2833 nec
2383 2782 2533 2832 etiam
2568 2782 2618 2830 in
2655 2780 2802 2832 ullius
2841 2782 3023 2832 autoris

324 2854 521 2917 scriptis
556 2853 672 2917 legi.
747 2852 980 2902 Privatim
1015 2852 1208 2916 quidem
1247 2867 1278 2902 a
1315 2867 1411 2902 non
1463 2854 1630 2917 paneis
1677 2853 1772 2903 hoc
1809 2852 2069 2918 Cepernici
2116 2869 2235 2918 opus
2282 2853 2598 2920 suggillatum
2646 2858 2697 2903 et
2743 2853 3025 2904 allatratnm

324 2924 446 2978 fuit,
498 2929 550 2973 et
593 2924 894 2988 argumentis
944 2924 1232 2988 quibusdam
1269 2923 1441 2974 alienis
1489 2931 1540 2974 et
1601 2926 1847 2976 extraneis
1893 2925 2081 2974 elusum
2126 2927 2285 2990 magis
2334 2939 2481 2990 quam
2526 2927 2882 2988 impugnatum.
2957 2927 3026 2975 At

323 2995 529 3060 propriis
565 3001 618 3046 ct
651 3009 712 3044 ex
733 2996 843 3058 ipsa
879 2997 1178 3045 astronomia.
1214 3001 1266 3046 et
1299 2996 1510 3046 mathesi
1546 2996 1778 3045 desumtis
1814 2995 2261 3046 fundamentalibus
2286 2995 2554 3046 rationibus
2581 3003 2916 3061 expugnatum
2950 3001 3027 3044 est
3083 3050 3094 3058 ,

325 3079 359 3118 a
392 3066 608 3117 nemine.
679 3065 913 3116 Nonnulli
947 3067 1142 3130 quidem
1177 3065 1240 3114 N.
1281 3066 1600 3130 Gopernicum
1633 3067 2026 3130 incomparabilis
2076 3069 2262 3132 ingenii
2312 3068 2466 3117 virum
2518 3073 2823 3133 agnoscunt,
2876 3080 3025 3132 seque

323 3139 486 3203 ipsum
522 3138 662 3202 quasi
697 3139 866 3188 mnndi
900 3138 1190 3188 miraculum
1215 3138 1376 3206 dicere
1400 3154 1541 3202 posse
1567 3139 1875 3194 confitentur,
1910 3140 2005 3188 nisi
2039 3145 2337 3196 vererentur,
2377 3139 2612 3205 quosdam
2646 3140 2771 3188 viros
2805 3145 3027 3189 veterum

321 3209 770 3274 philosophicarum
794 3210 1104 3259 sanctionum
1129 3211 1484 3267 tenacissimos,
1523 3210 1731 3260 offendi:
1767 3209 1817 3258 h.
1841 3225 1885 3259 e.
1912 3211 2005 3260 nisi
2028 3211 2163 3260 milvi
2186 3209 2409 3260 umbram
2431 3216 2723 3260 metuerent.
2752 3235 2821 3246 —-
2846 3209 3025 3260 Mirum
3126 3222 3135 3236 '

327 3296 472 3344 ergo,
529 3281 650 3330 istos
685 3296 724 3329 s.
762 3282 1158 3348 congregationis
1205 3283 1356 3341 viros,
1397 3282 1701 3339 cardinales,
1755 3297 1889 3332 nunc
1924 3282 2129 3332 tandem
2164 3279 2485 3346 Copemicum
2530 3296 2623 3331 nec
2659 3281 2882 3332 auditum
2932 3295 3025 3332 nec

329 3353 491 3403 adhuc
529 3351 965 3402 fundamentaliter
999 3352 1268 3402 refutatum
1305 3353 1645 3402 condemnare.

470 3421 572 3472 Sed
609 3429 661 3472 et
693 3424 786 3473 hoc
823 3424 1144 3487 suspicionem
1183 3423 1412 3474 adauxit:
1451 3424 1578 3488 quod
1612 3425 1661 3472 in
1700 3424 1898 3474 decreto
1933 3425 2047 3472 boni
2084 3423 2211 3473 illius
2250 3422 2547 3473 Oai-melitae
2582 3423 2637 3473 P.
2680 3424 2739 3471 Δ.
2778 3423 3029 3474 Poscarini

327 3492 572 3559 (quisquis
607 3492 696 3558 sit)
735 3495 944 3558 epistola
977 3495 1053 3544 rel
1089 3495 1212 3545 liber
1248 3497 1443 3544 omnino
1476 3494 1758 3559 prohibetur
1797 3501 1850 3544 et
1874 3495 2163 3544 damnatur:
2204 3493 2499 3558 Gopernicus
2527 3500 2692 3545 autem
2718 3501 2769 3544 et
2791 3493 3029 3546 Dudacus

327 3567 574 3617 Astunica
607 3567 660 3616 in
695 3566 902 3624 Jobem,
940 3567 1331 3630 suspenduntur,
1383 3567 1538 3616 donec
1577 3567 1895 3630 corrigantur.
1968 3565 2048 3614 De
2086 3563 2382 3616 carmelitae
2424 3565 2553 3614 illins
2586 3566 2708 3615 libro
2747 3572 2799 3616 et
2832 3565 3029 3616 Dudaci

327 3639 680 3689 commentario
704 3640 755 3688 in
780 3637 954 3689 Jobem
980 3653 1072 3704 ego
1104 3637 1338 3701 judicium
1364 3637 1489 3687 ferre
1513 3653 1610 3687 non
1635 3652 1845 3701 possum,
1886 3651 2005 3686 unm
2027 3636 2122 3685 vid.
2152 3635 2233 3686 ille
2269 3641 2401 3686 totus
2439 3636 2766 3699 explodendas
2804 3642 2856 3686 et
2890 3639 3027 3700 quasi

328 3710 668 3760 anathematis
705 3709 906 3759 fulmine
943 3709 1188 3759 afflandus
1226 3709 1312 3767 sit,
1363 3708 1444 3758 hic
1492 3724 1604 3760 vero
1648 3708 1798 3758 ullam
1846 3709 2197 3758 correctionem
2253 3707 2511 3757 admittere
2564 3707 2745 3770 possit:
2800 3713 3027 3758 neutrum

325 3795 508 3845 nempe
541 3780 786 3831 hactenns
820 3781 940 3832 mihi
975 3781 1141 3846 legere
1192 3781 1412 3846 contigit.
1443 3775 1511 3841 ¹*')
1585 3781 1652 3830 At
1689 3780 1749 3830 de
1788 3778 2057 3844 Copernico
2094 3777 2246 3843 quid?
2316 3777 2448 3828 Num
2495 3779 2585 3842 ipsi
2627 3776 2893 3842 Oopernico
2909 3814 2926 3834 ,
2972 3785 3029 3828 ut

326 3867 441 3902 suos
465 3853 658 3902 labores
683 3859 734 3902 et
757 3853 904 3902 libros
929 3853 1159 3916 corrigat,
1198 3851 1538 3906 demandatur,
1578 3865 1706 3902 anne
1732 3851 1873 3900 alteri
1899 3851 2063 3906 alicui,
2102 3857 2159 3899 ut
2183 3849 2437 3913 Copernici
2474 3851 2668 3899 nomine
2706 3849 2758 3900 id
2792 3855 3027 3913 praestet,

323 3919 638 3987 imponitur?
694 3923 1016 3988 Respondeo:
1058 3922 1354 3986 Copernicns
1392 3937 1440 3972 a.
1481 3919 1615 3972 1543
1651 3922 1700 3971 h.
1741 3937 1783 3972 e.
1824 3929 1941 3973 ante
1978 3921 2047 3970 78
2086 3935 2239 3971 annos
2277 3923 2329 3970 in
2364 3923 2481 3970 vivis
2520 3935 2626 3971 esse
2665 3921 2840 3970 desiit:
2874 3921 3027 3983 ipsius

328 3999 504 4046 autem
537 3997 837 4044 astronomia
861 3994 1097 4058 ejusmodi
1122 3999 1454 4059 superstructa
1485 4001 1561 4044 est
1595 3994 1943 4050 fundamentis,
1981 3998 2038 4042 ut
2072 3995 2320 4043 incassum
2354 3992 2665 4042 laboraturus
2702 3993 2783 4048 sit,
2823 3993 3023 4054 quicun-

325 4081 424 4132 que
461 4067 532 4116 eis
568 4080 622 4115 se
659 4080 900 4130 opponere
937 4066 1283 4122 attentaverim
1321 4067 1434 4129 qnin
1462 4071 1514 4115 et
1547 4067 1710 4116 omnia
1742 4069 1848 4127 ejus
1870 4065 2087 4115 fortalitii
2112 4064 2483 4128 propugnacula
2503 4064 2649 4125 longe
2674 4069 2789 4113 sunt
2812 4064 3025 4114 firmiora

327 4143 382 4187 et
415 4138 588 4186 fortius
621 4138 840 4195 munita,
892 4151 1040 4202 quam
1074 4138 1180 4202 ipse
1218 4135 1512 4200 copel-nicus
1546 4137 1808 4194 intellexit,
1864 4137 1991 4186 sicut
2034 4136 2085 4185 id
2123 4150 2183 4185 ex
2216 4135 2311 4186 hoc
2347 4134 2549 4198 Kepleri
2584 4135 2846 4185 Prodromo
2881 4133 3023 4197 liqui-

329 4209 529 4260 dissime
566 4215 777 4260 constat.
838 4207 952 4259 Non
988 4209 1226 4259 immerito
1266 4223 1379 4272 ergo
1406 4209 1500 4260 dici
1524 4213 1702 4271 potest,
1744 4207 1872 4271 quod
1910 4222 2163 4257 censorum
2199 4208 2401 4256 istorum
2440 4221 2647 4257 censura
2686 4212 2737 4256 et
2773 4218 3027 4256 coecorum

330 4279 392 4330 de
429 4281 668 4330 coloribus
699 4279 936 4343 judicium
971 4281 1070 4330 sint
1103 4281 1154 4329 iu
1191 4280 1361 4330 eodem
1396 4281 1812 4344 praedicamento.
1886 4277 2045 4342 Hujus
2084 4279 2414 4342 Ceperniceae
2452 4279 2778 4327 astronomiae
2816 4277 3027 4340 aliquem

327 4357 529 4418 gustum
551 4351 779 4402 videntur
800 4351 998 4415 quidam
1021 4351 1352 4417 Pythagorici,
1388 4366 1481 4401 nec
1516 4367 1615 4401 non
1653 4351 1802 4415 aliqui
1838 4365 1898 4400 ex
1934 4350 2176 4400 veteribus
2212 4349 2506 4413 philosophis
2538 4350 2850 4412 persensisse,
2889 4347 3025 4398 ideo·

329 4437 424 4488 que
463 4437 498 4473 a
527 4423 661 4490 vulgi
699 4424 942 4473 communi
968 4425 1192 4489 opinione
1218 4423 1506 4473 recessisse:
1543 4423 1630 4472 sed
1667 4437 1832 4473 eornm
1870 4423 2120 4471 sententia
2156 4427 2244 4478 aut
2278 4421 2437 4470 minus
2474 4421 2641 4469 dextre
2678 4419 2769 4468 fuit
2807 4418 2869 4468 ab
2904 4420 3022 4484 ipsis

327 4495 596 4558 proposita,
635 4499 724 4545 aut
759 4495 823 4544 ab
860 4495 968 4545 aliis
1001 4509 1099 4545 non
1134 4494 1277 4558 plene
1313 4495 1582 4551 intellecta,
1621 4493 1776 4544 donec
1811 4493 2015 4542 tandem
2040 4492 2367 4548 Aristarchus.
2406 4492 2539 4540 velut
2566 4491 2689 4540 alter
2714 4490 2874 4547 Atlas,
2913 4505 3026 4541 eam

325 4565 546 4618 humeris
580 4568 682 4616 suis
719 4567 978 4630 exciperet.
1052 4565 1102 4616 Is
1139 4565 1348 4618 eandem
1383 4565 1698 4628 sphaerarum
1734 4564 2017 4616 coelestium
2054 4564 2415 4626 dispositionem
2454 4560 2768 4622 (Archimede
2804 4561 2924 4612 libro
2961 4562 3025 4612 de

329 4710 546 4760 tionibus
584 4711 920 4760 astronomicis
937 4745 950 4765 ,
1001 4707 1382 4758 adminiculante
1418 4709 1716 4772 geometria,
1765 4707 1915 4756 solide
1954 4706 2254 4756 demonstrat
2292 4709 2342 4754 et
2379 4704 2649 4754 confirmat.
2723 4705 2907 4755 Floruit
2939 4704 3023 4753 hic

333 4781 662 4836 Aristarchus,
700 4779 984 4832 Ptolemaeo
1007 4781 1089 4830 lib.
1118 4776 1148 4828 3
1175 4791 1283 4842 cap.
1306 4775 1338 4826 2
1365 4783 1650 4836 attestante,
1679 4779 1810 4828 circa
1836 4791 2019 4828 anuum
2044 4773 2115 4827 50
2140 4778 2325 4840 primae
2354 4778 2499 4839 juxta
2524 4773 2794 4840 Callippum
2817 4776 3019 4842 periodi.

331 4851 430 4902 hoc
469 4858 546 4902 est
581 4865 630 4901 a.
669 4849 773 4900 28⁰
809 4865 856 4903 a.
897 4849 984 4902 ch.
1023 4857 1209 4901 natum.

476 4921 664 4976 Eadem
699 4925 846 4992 igitar
880 4924 1076 4972 fortuna
1113 4921 1432 4986 Copernicum
1469 4920 1600 4984 apud
1647 4921 1766 4970 istos
1801 4919 2075 4970 cardinales
2110 4917 2285 4982 premit
2300 4953 2315 4976 ,
2362 4931 2488 4983 quae
2536 4919 2669 4969 eirca
2704 4931 2751 4966 a.
2792 4915 2880 4966 Ch.
2919 4911 3021 4966 ¹143
