3634 5575
486 329 655 397 ’72
1762 332 2090 387 nmmum.

564 489 948 558 Benathkam
992 491 1151 556 veni.
1244 491 1345 554 Ab
1392 509 1465 554 eo
1512 490 1610 554 die
1658 508 1842 572 usque
1891 492 1970 554 ad
2018 490 2152 555 Cal.
2199 491 2373 567 Jun.,
2435 492 2489 556 si
2535 489 2574 556 3
2623 489 2868 556 circiter
2909 491 3295 572 septimanas

568 583 819 658 eximas,
867 582 1146 644 continue
1194 600 1327 643 cum
1375 581 1657 662 'l'ycbone
1704 581 1884 662 inque
1929 582 2206 644 convictu
2253 582 2382 662 ejus
2407 581 2572 661 ⁸vixi.

742 670 1123 732 Invitaverat
1166 669 1221 732 is
1266 689 1359 732 me
1408 671 1603 732 altera
1645 670 1777 732 vice
1841 671 1948 743 (de
1993 670 2188 750 prima
2235 669 2392 732 enim
2451 669 2812 732 invitatione
2855 668 2966 730 tibi
3013 671 3294 739 constat)

566 777 854 840 perquam
900 758 1173 833 humanis
1240 757 1319 820 ad
1365 778 1457 820 me
1522 758 1763 839 scriptis
1819 759 2033 822 literiS.
2127 757 2252 822 Sed
2291 778 2398 822 eas
2453 777 2566 838 ego
2616 758 2826 820 literas
2875 757 2934 818 d.
2999 755 3092 819 10.
3141 756 3288 818 Jun.

570 849 811 910 demum
855 847 1131 909 Viennae
1178 847 1241 909 in
1296 847 1493 908 reditu
1563 848 1787 927 accepi.
1891 845 1996 910 Sic
2052 866 2192 928 ergo
2257 867 2372 910 non
2429 855 2666 910 tantum
2727 854 2938 926 gratus
3007 845 3116 906 sed
3177 864 3294 906 ex-

566 943 849 1018 pectatus
909 935 1097 998 etiam
1160 935 1277 998 fuit
1334 937 1631 998 adventus
1679 955 1869 998 meus.
1963 934 2134 1006 Quae
2183 936 2460 1012 viderim,
2511 937 2664 1016 qua'e
2711 934 3052 1010 didicerim,
3107 933 3292 996 nimis

561 1025 692 1106 jam
755 1025 1001 1104 longum
1042 1032 1223 1094 ,esset
1285 1042 1619 1086 recensere.
1738 1017 2056 1088 Summam
2123 1025 2485 1088 narrationis
2555 1025 2684 1104 ipse
2757 1023 2903 1086 mihi
2967 1022 3298 1084 delineasti

566 1113 901 1176 verissimis
947 1112 1189 1175 verbis:
1238 1132 1353 1174 nou
1400 1119 1629 1176 metum
1674 1132 1830 1188 esse,
1897 1123 1965 1177 ut
2028 1133 2124 1176 me
2183 1113 2494 1193 poeniteat
2551 1113 2804 1174 itineris.
2889 1112 3050 1174 Nam
3095 1119 3162 1174 et
3215 1112 3296 1172 de

571 1201 865 1266 sumtibus
912 1220 1195 1264 accessus
1241 1201 1361 1264 mei
1406 1209 1651 1266 cautum
1696 1221 1833 1264 esse
1879 1203 2024 1266 mihi
2069 1203 2280 1275 voluit,
2329 1203 2382 1265 si
2426 1201 2784 1276 voluissem,
2831 1209 2898 1262 et
2943 1201 3018 1262 de
3064 1200 3297 1263 viatico

568 1290 648 1352 ad
693 1289 951 1353 reditum
998 1290 1341 1352 necessario
1388 1289 1689 1352 Viennam
1736 1309 1925 1370 usque
1971 1291 2302 1372 prospexit.
2405 1290 2650 1352 Summa
2705 1309 2847 1352 vero
2904 1289 3298 1352 tractationis

568 1387 813 1441 nostrae
864 1378 977 1442 fuit
1021 1378 1190 1450 haec,
1238 1386 1306 1440 ut
1349 1389 1703 1458 procuraret
1746 1379 1894 1442 mihi
1941 1381 2143 1462 Tycho
2192 1381 2401 1444 literas
2451 1377 2756 1453 Caesaris,
2805 1378 3020 1457 quibus
3067 1386 3132 1439 et
3177 1397 3298 1440 vo-

566 1485 736 1530 carer
782 1465 843 1530 in
890 1466 1191 1530 biennium
1240 1467 1297 1528 in
1344 1467 1695 1530 Bohemiam
1716 1516 1733 1543 ‚
1784 1469 2160 1532 maturandis
2189 1467 2492 1551 Tychonis
2540 1467 2922 1542 editionibus,
2965 1475 3030 1528 et
3066 1467 3298 1529 nihilo-

566 1554 762 1620 minus
822 1555 1111 1618 salarium
1172 1574 1368 1619 meum
1420 1555 1487 1618 iu
1538 1556 1749 1638 Styria
1802 1557 2090 1620 obtinere
2129 1576 2410 1638 possem:
2474 1555 2894 1637 suppeditaret
2947 1563 3012 1618 et
3058 1563 3300 1618 sumtus

568 1644 771 1707 itineri
816 1645 1192 1707 necessarios
1238 1646 1317 1706 ad
1364 1644 1652 1707 familiam
1710 1646 2236 1710 transferendam:
2295 1646 2510 1727 quibus
2559 1665 2595 1706 a
2641 1663 2751 1706 -me
2805 1644 3134 1725 propositis
3197 1645 3302 1705 in-

572 1751 753 1814 super
800 1733 1027 1812 adjecit
1079 1741 1422 1797 curaturum
1477 1753 1571 1810 se,
1621 1742 1690 1796 ut
1734 1734 2043 1797 minimum
2095 1732 2219 1798 100
2265 1735 2510 1814 insuper
2556 1733 2823 1822 thaleros
2883 1733 2942 1794 in
2999 1733 3305 1795 Bohemia

573 1841 886 1904 accipiam.
2130 1846 2138 1854 ⁸

745 1911 901 1974 Huic
965 1917 1171 1974 nostro
1244 1919 1425 1991 pacto
1494 1931 1611 1972 non
1658 1911 1868 1974 dubito
1933 1912 2074 1990 quin
2133 1913 2364 1974 faveas.
2461 1910 2688 1988 Ver-um
2745 1929 2886 1973 ecce
2932 1911 3045 1973 tibi
3093 1912 3300 1991 impe-

574 2000 905 2063 dimentum
951 2008 1014 2061 et
1060 1999 1276 2062 faciem
1322 2019 1518 2062 rerum
1586 2019 1854 2063 mearum
1909 2003 2090 2080 plane
2145 2000 2528 2064 contrariam.
2620 1999 2816 2060 Domo
2873 2000 3098 2062 discesi
3159 2019 3304 2064 cum

568 2089 747 2151 venia
788 2089 1183 2170 magistratus
1231 2089 1388 2164 mei;
1437 2089 1692 2152 reditum
1740 2108 1936 2152 meum
1973 2089 2072 2152 ubi
2111 2089 2234 2152 illis
2263 2087 2616 2166 significavi,
2654 2087 3024 2167 diligentiam
3055 2090 3300 2171 quidem

571 2177 1025 2251 collaudarunt,
1076 2185 1341 2240 ceterum
1388 2180 1753 2240 verbotenus
1800 2185 2161 2251 suaserunt,
2227 2197 2290 2238 re
2345 2177 2482 2258 ipsa
2527 2175 2636 2238 sub
2685 2171 3051 2240 dimissionis
3099 2179 3300 2242 inter-

572 2267 898 2330 minatione
946 2267 1347 2345 imperarunt‚
1417 2275 1487 2329 ut
1532 2265 1802 2346 reposita
1857 2267 1916 2328 in
1963 2277 2256 2346 praesens
2315 2265 2686 2328 astronomia
2743 2267 3102 2329 medicinam
3158 2287 3302 2330 am-

572 2355 907 2434 plecterer,
960 2354 1337 2434 animumque
1385 2377 1423 2416 a
1478 2355 1996 2436 speculationibus
2059 2355 2326 2435 pulchris
2380 2355 2576 2434 magis
2659 2371 2836 2434 quam
2899 2356 3017 2432 hoc,
3065 2355 3301 2418 difficili

570 2452 840 2525 tempore
886 2443 1254 2506 salutaribus
1320 2445 1398 2507 ad
1444 2463 1649 2506 curam
1694 2445 1979 2506 utilitatis
2025 2444 2303 2524 publicae
2349 2444 2746 2506 traducerem.

744 2533 832 2596 Et
878 2533 1020 2614 quia
1064 2535 1473 2612 experimento
1517 2532 1936 2613 probaveram,
1984 2551 2165 2613 posse
2216 2553 2313 2596 me
2361 2534 2538 2594 domo
2585 2552 2722 2594 mea
2769 2551 2995 2606 carere,
3045 2530 3085 2596 5
3118 2552 3300 2595 men-

568 2621 733 2686 sibus
778 2621 998 2686 itinere
1042 2622 1371 2684 Bohemico
1428 2622 1757 2684 consumtis
1778 2669 1795 2696 ,
1875 2629 2230 2692 suaserunt.
2307 2631 2376 2684 ut
2439 2622 2550 2684 sub
2607 2622 2876 2684 autumni
2933 2627 3170 2700 tempus
3235 2623 3300 2684 in

570 2710 813 2774 Italiam
858 2711 1025 2784 irem,
1076 2711 1409 2773 medicinae
1456 2730 1662 2774 causa.
1756 2709 1828 2774 Si
1873 2729 2093 2773 causas
2141 2729 2346 2772 omnes
2403 2711 2706 2792 explicare
2761 2709 2982 2772 vellem
3003 2756 3018 2783 ,
3077 2709 3299 2791 quibus

565 2800 697 2879 jam
744 2800 807 2861 in
851 2799 1205 2861 Bohemiam
1252 2800 1472 2881 rapior,
1514 2801 1647 2879 jam
1695 2800 1753 2861 in
1800 2800 2066 2873 Italiam,
2111 2808 2347 2880 tempus
2395 2807 2669 2863 tererem.
2761 2798 3295 2862 Summa‘delibe-

568 2888 821 2951 rationis
868 2906 1039 2949 meae
1086 2888 1238 2951 haec
1286 2898 1419 2951 est:
1486 2889 1659 2969 cupio
1726 2888 1920 2951 adhuc
1981 2908 2172 2951 anuos
2217 2890 2448 2969 aliquot
2490 2889 2551 2951 in
2600 2888 3020 2951 astronomicis
3067 2908 3296 2951 consu-

570 2996 753 3051 mere,
800 2984 1049 3057 propter
1096 2978 1441 3058 Tychonem
1486 2977 1852 3040 ditissimum
1899 2997 2094 3039 rerum
2139 2980 2350 3041 harum
2395 2996 2852 3058 possessorem:
2901 2978 3030 3039 sive
3085 2978 3146 3039 id
3187 2980 3300 3039 fiat

572 3066 631 3127 in
677 3065 1003 3136 Bohemia,
1053 3066 1200 3142 sive,
1252 3068 1411 3147 quod
1454 3067 1691 3141 malim,
1739 3066 1838 3127 hic
1887 3066 2146 3130 Graetii.
2242 3069 2486 3130 Interea
2529 3066 2848 3147 paullatim
2895 3066 2957 3128 in
3003 3066 3304 3129 medicina

566 3153 987 3235 progrederer.
1080 3154 1189 3217 Ad.
1246 3156 1360 3217 hoc
1419 3156 1761 3217 institutum
1818 3175 1967 3235 opus
2014 3157 2160 3219 mihi
2215 3165 2312 3218 est
2367 3157 2813 3219 continuatione
2861 3156 3086 3229 salarii,
3137 3157 3296 3237 quod

571 3242 649 3305 ab
696 3240 1025 3305 Ordinibus
1070 3243 1246 3323 huJus
1293 3244 1635 3325 provinciae
1682 3243 1893 3319 habeo,
1938 3262 2087 3324 opus
2133 3253 2196 3307 et
2225 3245 2552 3307 securitate
2589 3246 2648 3305 in
2688 3244 2996 3324 religionis
3025 3245 3293 3324 negotio,

571 3350 751 3412 quam
794 3341 1111 3410 praestare
1156 3332 1433 3413 princeps
1479 3340 1714 3413 potest,
1772 3334 1932 3413 quali
1981 3334 2168 3396 etiam
2211 3334 2418 3415 Tycho
2466 3332 2575 3395 sub
2625 3332 2894 3397 Caesare
2943 3334 3158 3395 fruitur
3203 3334 3296 3405 (in

574 3440 775 3501 marg:
822 3421 1098 3501 utrinque
1146 3442 1239 3483 me
1282 3430 1456 3484 extra
1502 3430 1725 3485 metum
1771 3442 1908 3485 esse
1956 3425 2248 3503 oportet).

744 3508 807 3571 A
852 3515 915 3570 te
961 3528 1123 3585 vero,
1173 3512 1259 3575 M.
1312 3511 1452 3586 Vir,
1502 3511 1615 3572 hoc
1660 3518 1842 3590 peto,
1888 3514 2140 3592 primum
2187 3520 2256 3575 ut
2301 3510 2610 3573 consultor
2655 3510 2798 3571 mihi
2845 3509 3108 3589 optimus
3156 3528 3294 3571 esse

567 3597 749 3675 velis,
800 3597 1042 3673 deinde,
1093 3600 1221 3661 sive
1269 3599 1461 3672 aliud,
1510 3599 1639 3661 sive
1687 3600 1832 3672 hoc,
1882 3602 2037 3681 quod
2085 3620 2198 3681 ego
2248 3601 2441 3681 elegi,
2490 3599 2781 3673 suaseris,
2851 3598 2940 3660 uti
2985 3599 3187 3660 media
3231 3607 3299 3659 et

568 3684 796 3749 indices
845 3694 909 3749 et
954 3688 1412 3769 subministres,
1462 3708 1709 3770 quorum
1756 3690 2014 3751 alterum
2058 3690 2247 3770 probe
2289 3690 2480 3763 nosti,
2533 3688 2785 3749 alterum
2832 3688 3026 3767 polles
3073 3686 3294 3749 illustri

486 3788 495 3800 '
568 3775 701 3837 loco
748 3777 1137 3851 constitutus,
1184 3778 1246 3838 in
1294 3778 1409 3838 hac
1454 3776 1813 3857 praesertim
1857 3777 2338 3847 Monacbieusis‚
2390 3776 2754 3839 Graezensis
2821 3786 2885 3839 et
2929 3772 3296 3838 Bohemicae

568 3864 744 3925 aulae
790 3873 1001 3927 mutua
1046 3866 1413 3926 connexione
1462 3872 1525 3926 et
1568 3865 2010 3943 praestantium
2057 3868 2383 3929 autoritate
2433 3866 2691 3926 virorum
2739 3865 2976 3930 notitia.

746 3950 1032 4027 Quaeris,
1083 3952 1167 4027 si,
1219 3954 1375 4033 quod
1434 3953 1533 4014 hic
1596 3954 1791 4015 habeo
1839 3956 2151 4031 salarium,
2220 3976 2354 4019 cum
2399 3972 2685 4017 caesareo
2744 3954 2946 4016 forsan
3005 3954 3294 4034 ampliore

571 4048 1044 4105 commutaretur
1064 4089 1079 4116 ,
1144 4040 1243 4121 qui
1306 4040 1367 4103 id
1434 4042 1576 4105 mihi
1642 4042 1725 4104 sit
1790 4052 2106 4128 acceptum
2165 4045 2426 4109 futurum
2443 4045 2486 4105 ’ἰ-
2563 4042 2826 4105 Primum
2885 4062 3202 4123 separarer
3257 4064 3298 4103 a

457 4130 463 4136 ’
578 4128 810 4212 Styria,
862 4130 956 4195 cui
1004 4150 1137 4191 sum
1184 4130 1471 4193 astrictus
1517 4131 1721 4194 multis
1768 4133 2328 4196 necessitudinibus.
2380 4133 2447 4194 Id
2496 4130 2795 4194 vinculum
2841 4132 2902 4195 in
2949 4152 3132 4195 uxore
3161 4151 3302 4193 mea

571 4218 821 4299 ejusque
888 4218 1062 4280 bonis
1128 4218 1460 4299 stringitur.
1555 4221 1789 4283 Deinde
1855 4240 1950 4283 me
2017 4222 2277 4301 vestigia
2335 4228 2583 4284 terrent.
2678 4220 2920 4302 Tycho‚
2985 4222 3080 4284 vir
3138 4220 3297 4284 tanti

570 4306 847 4381 nominis,
898 4314 1075 4369 tanta
1122 4304 1409 4371 Caesaris
1455 4308 1675 4389 gratia,
1730 4328 1924 4373 annuo
1971 4330 2081 4374 suo
2129 4310 2430 4391 stipendio
2475 4310 2740 4372 maxima
2768 4329 2900 4372 cum
2939 4310 3294 4373 difficultate

570 4394 673 4457 vix
718 4396 987 4475 potitur,
1036 4415 1107 4457 ac
1154 4416 1301 4457 sane
1348 4398 1591 4472 nescio,
1641 4418 1714 4459 an
1762 4398 1994 4477 potitus
2043 4400 2163 4461 sit:
2231 4419 2383 4481 quae
2445 4419 2631 4461 eausa
2687 4398 3114 4461 meditationes
3162 4399 3294 4478 ejus

568 4482 959 4546 vehementer
1002 4484 1227 4547 turbat.
1325 4483 1484 4556 Quid
1543 4506 1685 4566 ergo
1749 4488 1823 4549 de
1871 4506 1963 4549 me
2013 4487 2272 4551 futurum
2329 4488 2542 4551 esset?
2633 4490 2730 4549 An
2780 4508 2894 4549 non
2945 4508 3040 4549 me
3089 4506 3292 4549 meos-

572 4591 683 4655 que
732 4573 791 4635 in
842 4580 1145 4637 extremas
1182 4575 1505 4653 ,angustias
1553 4576 1684 4637 loco
1730 4576 2046 4655 peregrino
2094 4573 2511 4658 conjicerent?
2583 4576 2754 4639 Haec
2800 4596 2988 4639 causa
3033 4584 3148 4650 est,
3189 4596 3296 4639 cur

572 4669 679 4723 aut
722 4661 1005 4723 salarium
1052 4661 1393 4744 Styriacum
1442 4665 1887 4745 quibuscunque
1951 4668 2196 4728 tandem
2261 4666 2454 4727 modis
2521 4666 2998 4740 defendendum,
3051 4674 3188 4738 aut,
3241 4665 3292 4725 si

574 4768 691 4833 qua
734 4750 1073 4813 necessitas
1118 4758 1369 4829 urgeat,
1438 4753 1670 4832 longius
1731 4754 1925 4816 adbuc
1973 4754 2030 4815 in
2083 4754 2468 4817 Germaniam
2527 4754 2954 4816 discedendum
3001 4760 3289 4815 statuam.

748 4836 839 4901 De
892 4838 1103 4902 Wern
1122 4839 1223 4903 eri
1273 4840 1795 4907 observationibus
1845 4842 1971 4904 fieri
2017 4852 2251 4929 potest,
2312 4853 2378 4907 ut
2425 4863 2517 4911 me
2569 4842 2749 4908 fallat
2793 4842 3105 4921 memoria,
3157 4861 3292 4907 cum
