3634 5575
634 323 768 402 200
1549 337 1610 387 In
1645 334 1939 399 Mysum
1974 333 2441 402 comogmpffleum

775 495 858 546 Ad
889 494 1020 546 baec
1057 494 1298 546 cancellis
1327 493 1526 546 inclusa
1559 499 1774 548 annotat
1807 494 2055 559 Keplems
2092 495 2145 546 in
2178 495 2435 562 margine:

793 586 951 640 Haec
1025 585 1238 640 flustra
1303 587 1480 656 leges.
1577 586 1719 639 Nam
1791 586 1920 640 dum
1986 593 2235 642 moratur
2298 586 2529 639 nuncius
2599 586 2679 638 sic
2746 586 2945 639 inveni.
3050 585 3357 639 Intervalla

639 681 860 730 vocum,
919 681 1020 734 per
1061 681 1206 736 quae
1245 665 1358 718 itur
1399 666 1644 719 canendo
1661 705 1676 728 ,
1729 682 1839 720 non
1894 673 2026 720 sunt
2078 684 2153 720 ex
2192 666 2385 736 figuris
2442 667 2922 736 quomodocunque
2962 665 3353 736 regularibus:

635 747 732 800 sed
771 745 1053 798 resultant
1091 763 1168 798 ex
1221 751 1344 799 octo
1387 744 1573 799 solidis
1626 749 1829 815 λογοις.
1912 746 2055 800 Nam
2107 745 2283 814 primo
2338 746 2503 798 datur
2558 746 2629 797 ad
2678 745 3079 815 longitudinem
3130 745 3249 798 fidis
3302 743 3353 798 G

633 823 916 896 proportio
959 824 1318 896 longitudinis
1348 824 1531 879 fidium
1575 826 1628 888 b,
1670 826 1726 888 h,
1771 842 1817 888 c,
1858 826 1908 888 d,
1951 825 2053 888 dis,
2096 843 2145 889 e,
2188 841 2231 894 g
2270 841 2346 877 ex
2382 823 2627 878 fontibus
2654 823 3006 895 geometricis
3048 838 3219 894 supra
3258 825 3353 875 de·

640 904 980 960 monstratis.
1063 905 1188 958 Jam
1231 904 1361 974 quia
1400 919 1562 958 aures
1605 902 1910 972 dijudicant
1950 906 2095 960 inter
2134 905 2381 958 diversas
2433 903 2776 967 harmonias,
2834 904 3135 974 dijudicant
3184 901 3356 956 etiam

635 985 783 1038 inter
835 984 1080 1038 diversos
1136 999 1300 1037 sonos
1353 984 1514 1036 unius
1567 984 1688 1038 fidis
1742 985 2014 1039 variatae.
2098 983 2242 1038 Hinc
2290 983 2491 1038 existit
2544 983 2885 1053 comparatio
2926 987 2963 1037 d
3000 983 3117 1036 fidis
3160 999 3287 1036 cum
3326 999 3359 1033 c

632 1066 772 1127 fide,
827 1079 1060 1134 quarum
1109 1061 1399 1134 longitudo
1439 1069 1530 1118 est
1567 1070 1634 1118 ut
1674 1063 1710 1118 8
1753 1065 1826 1116 ad
1867 1064 1921 1118 9.
2002 1065 2215 1134 Estque
2257 1063 2365 1116 hoc
2416 1062 2774 1117 intervallum
2830 1071 3047 1118 tonus
3100 1061 3355 1130 major.

639 1144 804 1198 Plato
845 1143 902 1198 in
943 1143 1166 1196 Timaeo
1210 1159 1396 1198 omnes
1437 1150 1598 1197 tonos
1642 1143 1831 1197 ordine
1860 1143 1967 1197 hac
1992 1159 2254 1198 mensura
2278 1143 2471 1205 finivit,
2515 1145 2614 1196 sed
2639 1143 2855 1197 vitiose.
2915 1143 3055 1196 Nan
3096 1159 3171 1196 ex
3210 1157 3359 1194 com·

635 1223 931 1296 paratione
959 1240 990 1274 c
1018 1239 1137 1276 cum
1167 1224 1202 1275 b
1231 1229 1332 1276 aut
1354 1224 1392 1276 d
1422 1239 1543 1276 cum
1571 1239 1602 1277 e
1635 1223 1832 1278 existit
1859 1230 2059 1277 tonus
2096 1223 2334 1284 minor,
2374 1223 2731 1292 proportione
2756 1221 2941 1276 fidium
2976 1223 3073 1276 1⁰:
3106 1221 3163 1276 9.
3224 1221 3358 1274 Inde

636 1302 886 1372 sequitur
917 1303 1257 1372 comparatio
1285 1303 1326 1356 h
1355 1304 1426 1355 ad
1453 1319 1484 1354 c
1519 1310 1622 1357 aut
1648 1302 1730 1356 dis
1760 1304 1831 1356 ad
1859 1304 1911 1366 d,
1942 1319 2087 1372 quae
2114 1303 2315 1356 dicitur
2342 1303 2499 1355 dies
2520 1301 2579 1354 is
2608 1295 2685 1370 (si
2724 1318 2843 1356 cum
2871 1301 3106 1355 Platone
3134 1296 3359 1370 loquor)

639 1382 925 1452 proportio
951 1389 1018 1436 ut
1047 1381 1151 1436 15:
1189 1383 1278 1436 16.
1324 1381 1576 1452 Denique
1604 1400 1680 1436 ex
1709 1383 2122 1452 comparatione
2150 1383 2188 1435 h
2218 1397 2341 1435 cum
2366 1383 2403 1434 b
2434 1381 2609 1435 oritur
2633 1382 2919 1450 proportio
2949 1381 3024 1434 24
3052 1382 3121 1434 ad
3150 1379 3251 1443 25,
3282 1379 3361 1432 sic

634 1462 804 1516 etiam
833 1479 908 1514 ex
935 1461 1346 1530 comparatione
1375 1479 1406 1514 e
1436 1479 1556 1516 cum
1584 1459 1685 1515 dis.
1732 1461 1809 1516 Et
1836 1463 2033 1516 dicitur
2065 1462 2511 1516 semitonium.
2558 1461 2699 1515 Nam
2728 1462 2892 1538 diesis
2922 1466 2979 1514 et
3007 1459 3359 1514 semitonium

633 1541 980 1596 constituunt
1013 1547 1202 1594 tonum
1229 1541 1508 1596 minorem.
1565 1541 1720 1603 Quod
1761 1542 1809 1595 si
1853 1541 2027 1595 diesin
2070 1556 2107 1595 a
2146 1547 2279 1594 tono
2320 1539 2531 1608 majore
2574 1541 2842 1604 auferam,
2886 1539 3219 1610 relinquitur
3260 1538 3357 1592 im·

639 1619 946 1692 perfectum
988 1621 1356 1681 intervallum,
1401 1620 1579 1689 majus
1622 1621 1929 1685 semitonio,
1974 1622 2150 1675 minus
2178 1620 2331 1682 diesi,
2376 1637 2451 1673 sc.
2488 1612 2678 1681 ²⁸⁸lm.
2742 1620 2821 1674 Et
2860 1621 2961 1673 hoc
3002 1619 3361 1672 intervallum

637 1709 728 1756 est
753 1700 900 1755 inter
929 1702 995 1764 G,
1029 1701 1144 1763 Gis,
1192 1702 1250 1764 C,
1294 1700 1402 1762 Cis,
1447 1701 1506 1764 F,
1549 1701 1660 1756 Fis.
1722 1700 1921 1771 Sicque
1962 1708 2142 1755 totum
2184 1699 2608 1754 clavichordium
2636 1700 3081 1754 artificiosissime
3122 1705 3185 1752 et
3226 1715 3361 1769 geo·

637 1779 862 1836 metrice
905 1789 994 1834 est
1033 1787 1280 1834 tensum:
1324 1787 1384 1832 et
1425 1785 1548 1834 tota
1587 1782 1834 1835 essentia
1872 1780 2081 1836 musica
2119 1779 2501 1849 philosophice
2538 1788 2599 1834 et
2642 1780 2943 1834 certissime
2971 1780 3265 1850 disputata
3304 1785 3365 1831 et

637 1861 901 1915 discussa.
985 1861 1128 1914 Nam
1166 1860 1295 1914 hinc
1335 1860 1505 1915 etiam
1546 1868 1700 1913 octo
1741 1867 2050 1915 tonorum
2092 1854 2259 1930 (quos
2288 1858 2519 1926 vocant)
2560 1860 2875 1914 differentia
2912 1859 3109 1912 haberi
3148 1863 3361 1928 potest.

793 1967 1009 2022 Deinde
1049 1974 1200 2037 peto,
1244 1975 1310 2022 ut
1349 1968 1396 2021 si
1439 1968 1566 2038 quid
1608 1966 1917 2036 hujusmodi
1960 1972 2169 2022 tractet
2210 1967 2539 2028 Glareanu8‚
2586 1967 2636 2020 id
2678 1965 2812 2020 mihi
2850 1965 3146 2036 significes.
3226 1963 3365 2018 Nam

637 2053 888 2104 autorem
917 2064 1027 2102 non
1055 2047 1254 2101 habeo.
1317 2047 1422 2101 Sed
1465 2047 1839 2117 digrediamur
1881 2049 2103 2102 tandem
2142 2064 2174 2100 e
2216 2047 2425 2100 musica
2463 2051 2523 2098 et
2564 2045 2728 2110 sonis,
2774 2053 2833 2099 et
2874 2061 3206 2117 quaeramus
3250 2043 3369 2098 alia

639 2129 832 2182 horum
873 2131 1063 2198 λογων
1099 2126 1373 2195 subjecta.
1454 2127 1514 2182 Si
1555 2127 1674 2180 soni
1716 2125 1945 2196 capiunt
1984 2127 2085 2180 hos
2127 2131 2316 2198 λογυς,
2357 2124 2616 2180 credibile
2658 2133 2718 2180 et
2757 2126 2823 2178 de
2866 2123 3159 2200 coloribuS.
3222 2123 3367 2178 Nam

637 2207 782 2262 sicut
837 2207 890 2260 in
949 2207 1096 2260 sonis
1139 2223 1177 2260 a
1217 2207 1267 2262 G
1309 2207 1364 2260 in
1404 2225 1448 2278 g
1500 2205 1746 2261 infinitae
1797 2214 1929 2261 sunt
1975 2222 2137 2260 voces
2158 2249 2173 2271 ‚
2236 2214 2300 2261 at
2350 2221 2534 2274 pauca
2588 2204 2809 2260 illarum
2862 2204 3175 2258 discrimina
3234 2202 3369 2256 fecit

639 2294 844 2342 natura
883 2287 1179 2340 secundum
1221 2287 1604 2355 proportiones
1647 2285 2033 2358 geometricas,
2085 2286 2163 2339 sic
2204 2293 2264 2339 et
2304 2285 2448 2340 inter
2489 2285 2666 2339 lucem
2708 2291 2768 2338 et
2808 2285 3069 2340 tenebras
3111 2282 3363 2338 infinitae

637 2373 768 2422 sunt
803 2365 1138 2429 varietates,
1183 2368 1280 2420 sed
1321 2367 1508 2420 docuit
1546 2374 1751 2420 natura
1791 2365 1979 2420 oculos
2020 2382 2232 2436 paucas
2276 2363 2716 2435 appellationes,
2775 2381 2918 2435 quae
2961 2363 3152 2433 procul
3196 2361 3365 2416 dubio

633 2446 942 2500 consistent
982 2446 1037 2500 in
1079 2445 1324 2501 terminis
1367 2446 1635 2500 dictorum
1676 2450 1881 2516 λογων.
1962 2447 2042 2500 Et
2072 2445 2195 2513 jam
2236 2445 2289 2499 in
2330 2443 2655 2514 crepusculo
2707 2445 2909 2505 semel,
2970 2449 3087 2498 tum
3128 2443 3185 2496 in
3230 2443 3366 2496 iride

633 2525 717 2580 bis
757 2531 963 2580 natura
1003 2526 1161 2580 nobis
1203 2543 1269 2580 eo
1314 2525 1550 2596 digitum
1590 2526 1842 2579 intendit.
1921 2526 1983 2578 In
2025 2525 2348 2593 crepusculo
2392 2542 2468 2578 ex
2506 2523 2635 2577 albo
2679 2524 2733 2576 in
2774 2525 2999 2577 rubrum
3040 2529 3101 2576 et
3140 2521 3365 2593 nigrum

631 2606 698 2660 fit
737 2604 1023 2660 transitus.
1093 2607 1159 2660 In
1197 2605 1391 2674 eclipsi
1433 2603 1578 2658 Solis
1621 2622 1696 2658 ex
1737 2606 1869 2659 albo
1908 2620 2012 2675 per
2050 2605 2255 2658 flavum
2300 2611 2361 2657 et
2400 2604 2627 2657 rubrum
2668 2604 2723 2656 in
2764 2601 3000 2673 nigrum.
3084 2601 3365 2656 Sincerius

633 2685 824 2738 forsan
863 2685 922 2738 in
963 2685 1116 2739 iride.
1199 2684 1308 2739 Sed
1351 2685 1502 2738 soleo
1545 2683 1889 2755 distinguere
1944 2701 2064 2737 cum
2104 2691 2325 2738 natura.
2408 2683 2611 2736 Flavus
2654 2683 2819 2736 enim·
2842 2689 2929 2736 est
2970 2681 3365 2752 quodammodo

631 2764 883 2829 medium,
929 2766 1001 2820 ab
1044 2782 1110 2819 eo
1151 2773 1466 2821 extrorsum
1505 2781 1723 2819 versum
1764 2764 1828 2818 fit
1856 2763 2124 2819 transitus
2155 2781 2255 2835 per
2283 2763 2507 2817 rubrum
2536 2762 2591 2815 in
2617 2763 2934 2817 umbrosum
2975 2761 3089 2815 sive
3123 2761 3364 2833 nigrum,

639 2851 866 2916 propter
908 2844 1318 2899 diminutionem
1359 2845 1600 2914 corporis
1642 2844 1854 2899 Solaris
1898 2849 1957 2897 et
2008 2844 2401 2898 admixtionem
2440 2844 2668 2897 umbrae
2711 2844 2766 2896 in
2808 2842 2969 2897 nubis
3012 2857 3203 2895 crassa
3248 2856 3363 2895 ma·

639 2924 800 2979 teria.
881 2927 936 2977 A
978 2924 1118 2977 flavo
1159 2924 1454 2979 introrsum
1496 2941 1600 2993 per
1637 2924 1867 2978 viridem
1908 2923 2239 2986 caeruleum,
2282 2939 2636 2993 purpureum,
2678 2920 3003 2983 violaceum,
3047 2920 3101 2973 in
3144 2921 3369 2992 nigrum

639 3010 727 3057 est
768 3003 1036 3058 transitus
1077 3011 1307 3073 propter
1349 3004 1518 3059 aliam
1553 3019 1797 3058 causam.
1859 3004 2002 3058 Nam
2043 3002 2183 3056 haec
2224 3002 2441 3057 omnino
2482 3007 2571 3054 est
2609 3002 2890 3056 refractio.
2956 3000 3151 3070 Itaque
3192 3016 3370 3069 saepe

640 3082 902 3154 cogitavi,
949 3099 1020 3137 an
1048 3084 1332 3153 proportio
1360 3083 1557 3155 anguli
1583 3082 1933 3139 retractionis
1962 3084 2270 3137 constituat
2296 3082 2575 3143 terminos,
2621 3080 2675 3135 in
2717 3081 2915 3151 quibus
2958 3080 3174 3134 dicatur
3216 3081 3370 3135 color

529 3176 538 3185 ·
640 3163 844 3226 viridis,
889 3164 1186 3231 caeruleus⁴
1209 3160 1304 3218 άο.
1367 3163 1443 3217 Ut
1484 3164 1532 3217 si
1571 3162 1833 3217 refractio
1875 3163 2102 3227 directa,
2150 3162 2392 3233 angulus
2432 3160 2617 3215 nullus
2656 3160 2963 3214 constituat
2986 3162 3205 3223 flavum,
3252 3160 3371 3213 sive

639 3242 826 3313 potius
869 3240 922 3295 id
965 3245 1107 3314 quod
1148 3250 1237 3297 est
1278 3242 1776 3312 splendidissimum
1815 3243 1873 3297 in
1911 3244 2074 3305 flavo,
2118 3244 2220 3297 lux
2263 3242 2402 3311 ipsa.
2472 3243 2553 3293 At
2592 3240 2807 3310 quando
2850 3239 3112 3295 refractio
3154 3238 3229 3295 sit
3274 3255 3368 3292 an-

642 3321 815 3396 gulus
855 3329 1072 3384 rectus,
1115 3322 1193 3377 ibi
1235 3330 1418 3376 cesset
1458 3322 1628 3375 omnis
1671 3322 1803 3386 lux,
1864 3322 1995 3392 quia
2035 3338 2232 3390 nempe
2272 3327 2431 3375 recta
2473 3318 2731 3389 objicitur
2774 3337 3003 3389 corpus,
3060 3318 3117 3373 in
3159 3336 3269 3389 quo
3310 3318 3373 3371 fit

643 3401 921 3456 refractio.
994 3401 1086 3456 Sic
1123 3420 1224 3472 pro
1252 3401 1469 3457 ratione
1499 3400 1778 3455 divisionis
1818 3401 1957 3455 recti
2000 3401 2193 3473 anguli
2236 3400 2646 3455 constituuntur
2687 3399 2918 3454 colores.
2994 3402 3079 3468 (In
3114 3406 3369 3471 margine:

639 3481 867 3536 Rectius
897 3480 1002 3537 sic:
1045 3482 1443 3552 Agnoscendus
1487 3488 1576 3535 est
1617 3480 1778 3535 albus
1819 3480 1876 3534 in
1914 3480 2089 3537 medio
2117 3480 2248 3534 flavi
2280 3487 2341 3535 et
2379 3479 2582 3543 viridis,
2628 3478 2717 3551 qui
2762 3479 2923 3533 albus
2966 3485 3055 3533 est
3098 3478 3225 3549 ipsa
3266 3479 3367 3531 lux

639 3560 804 3616 Solis.
859 3560 985 3614 Jam
1023 3562 1200 3615 flavus
1228 3562 1528 3630 respondet
1553 3559 1728 3623 viridi,
1773 3560 2005 3615 adustus
2036 3590 2115 3599 -—
2142 3560 2367 3613 schiller
2397 3588 2468 3597 —
2501 3560 2775 3622 caeruleo,
2819 3560 3027 3612 rubens
3068 3573 3367 3627 purpureo,

642 3646 946 3713 sequuntur
983 3640 1240 3712 utrinque
1284 3642 1568 3695 tenebrae.
1652 3640 1873 3695 Priores
1916 3648 2049 3695 sunt
2089 3640 2273 3703 terrei,
2318 3639 2653 3708 posteriores
2696 3638 2993 3708 aquatiles.
3076 3636 3368 3706 Ptoportio

641 3716 908 3777 mistionis
949 3719 1218 3776 materiae
1260 3715 1504 3787 eadem.)
1585 3720 1692 3775 Sed
1749 3721 2014 3792 quomodo
2065 3720 2340 3775 dividatur
2398 3719 2641 3789 angulus
2694 3717 3045 3773 refractionis
3096 3716 3368 3773 maximus

640 3817 742 3869 pro
785 3799 1031 3853 terminis
1075 3800 1332 3863 colorum,
1377 3799 1597 3853 difficile
1639 3806 1730 3853 est
1755 3800 1921 3854 dictu.
1994 3800 2168 3856 Credo
2212 3806 2399 3854 tamen
2440 3800 2654 3853 omnino
2696 3796 2743 3851 si
2782 3798 3105 3868 designetur
3154 3790 3234 3859 Vs,
3286 3790 3363 3858 Ἲς,

649 3872 728 3943 Ἲς,
779 3874 860 3943 Ἃ,
913 3872 972 3939 'la
1019 3878 1173 3941 recti.
1220 3880 1273 3933 in
1301 3897 1366 3932 eo
1395 3880 1744 3934 refractionis
1776 3880 1987 3950 angulo
2017 3880 2278 3933 constitui
2308 3880 2523 3937 flavum.
2566 3878 2808 3940 viridem,
2854 3877 3193 3939 caeruleum,
3235 3892 3366 3945 pur-

644 3975 898 4031 pureum.
951 3958 1230 4014 cinerium.
1310 3960 1457 4013 Ecce
1501 3960 1736 4013 altitudo
1779 3958 1930 4014 iridis
1975 3977 2095 4013 cum
2136 3958 2506 4013 semicirculus
2552 3966 2669 4023 est,
2720 3955 2979 4026 numquid
3023 3972 3239 4025 semper
3280 3961 3369 4008 est

643 4039 860 4095 circiter
903 4038 977 4095 45
1005 4032 1046 4103 ⁰,
1091 4037 1182 4109 qui
1227 4040 1498 4110 angulum
1537 4040 1886 4095 semirectum
1928 4039 2171 4093 metitur.
2254 4038 2363 4092 Sed
2404 4039 2517 4091 sint
2556 4037 2665 4091 hae
2707 4036 3065 4107 suspiciones.
3148 4036 3369 4089 Pariter

643 4125 705 4174 et
760 4120 828 4173 de
889 4119 1178 4189 saporibus
1233 4120 1300 4172 de
1353 4119 1717 4189 odoribusque
1767 4120 2053 4173 dicendum
2106 4118 2230 4173 erit.
2314 4119 2401 4173 De
2454 4116 2687 4185 objectis
2742 4123 2925 4172 tactus
2978 4131 3089 4169 non
3130 4114 3364 4177 videtur,

643 4205 774 4253 sunt
813 4199 958 4253 enim
996 4197 1318 4253 materiales
1363 4199 1666 4269 qualitates
1685 4240 1702 4263 ‚
1764 4206 1825 4253 et
1878 4199 2029 4255 calor
2084 4215 2231 4253 mere
2288 4197 2475 4253 activa
2528 4197 2771 4265 qualitas
2792 4236 2808 4259 ,
2868 4196 2987 4249 sine
3042 4194 3367 4257 discrimine,

645 4278 810 4351 quale
851 4277 910 4333 in
951 4278 1149 4333 ceteris
1193 4278 1338 4333 inest
1379 4278 1693 4333 sensilibus.
1775 4278 1867 4333 De
1909 4277 2281 4333 communibus
2332 4276 2627 4331 sensilibus
2683 4276 2809 4345 quid
2862 4291 3001 4344 opus
3042 4282 3133 4329 est
3168 4273 3367 4336 dicere,

645 4375 768 4413 cum
797 4355 920 4427 jam
960 4357 1292 4413 dixerimus?
1361 4358 1538 4413 Sonus
1581 4358 1724 4413 enim
1765 4366 1857 4412 est
1894 4365 2073 4413 motus
2116 4358 2263 4411 aeris
2315 4363 2377 4411 et
2424 4362 2653 4425 propter
2692 4363 2898 4410 motum
2938 4354 3138 4425 recipit
3180 4356 3367 4425 loyes,

645 4438 778 4491 fides
820 4435 964 4492 enim
1015 4437 1182 4507 duplo
1237 4438 1458 4509 longior
1511 4439 1679 4507 duplo
1735 4444 1987 4493 movetur
2030 4438 2259 4491 tardius.
2340 4436 2511 4489 Porro
2555 4436 2823 4505 quomodo
2866 4435 2922 4488 in
2962 4433 3173 4487 musica
3214 4439 3274 4485 et
3316 4432 3367 4487 in

647 4518 1037 4571 saltationibus
1079 4526 1260 4571 motus
1303 4524 1363 4571 et
1403 4522 1584 4572 status
1627 4518 2134 4589 proportionentur‚
2178 4516 2501 4571 audivimus.
2583 4516 2725 4578 Quid
2766 4518 2833 4570 de
2886 4512 3123 4567 numeris
3174 4513 3365 4575 dicam,

647 4596 742 4666 qui
779 4602 1084 4668 sequuntur
1125 4586 1510 4666 quantitates?
1572 4598 1814 4652 Videant
1843 4596 2153 4660 anatomici,
2198 4613 2271 4651 an
2315 4596 2371 4649 hi
2414 4602 2583 4669 λογοι
2620 4596 2731 4649 sint
2770 4595 2915 4649 inter
2956 4594 3204 4647 membra
3242 4607 3365 4660 per·

649 4675 780 4729 fecti
821 4675 1044 4731 humani
1086 4678 1346 4746 corporis.
1417 4677 1702 4731 Vitruvius
1746 4678 2005 4747 praeivit.
2076 4678 2162 4731 De
2204 4677 2396 4747 figuris
2430 4694 2561 4731 vero
2590 4675 2865 4743 praecipit
2892 4672 3193 4734 Vitruvius.
3238 4687 3365 4741 quo-

649 4755 804 4809 modo
845 4755 921 4809 sit
959 4755 1300 4811 instituenda
1341 4756 1732 4811 architectura.
1811 4757 2054 4826 Figurae
2096 4764 2227 4809 sunt
2268 4772 2471 4810 causae
2514 4760 2719 4823 λογων.
2790 4755 3041 4821 Corpora
3080 4749 3365 4821 regularia

649 4834 834 4893 omnia
871 4840 1105 4893 utuntur
1157 4836 1243 4889 his
1299 4840 1510 4911 λογοις.
1595 4836 1869 4908 Compara
1908 4836 2122 4899 latera,
2184 4836 2391 4907 plana,
2454 4835 2712 4909 angulos.
2794 4834 3071 4906 Compara
3108 4844 3366 4889 summum
3450 4834 3461 4845 '
