3634 5575
1568 367 1732 434 cnm
1766 367 1836 419 11-
2927 367 3050 437 125

362 526 571 589 baculo
618 546 887 606 gressum
933 528 1174 589 firmans
1223 529 1319 601 (ut
1366 527 1491 606 ipse
1538 527 1798 588 Rhetico
1849 527 2044 591 dicere
2092 528 2303 589 solitus
2353 530 2477 602 est)
2513 521 2595 602 ⁸¹)
2656 527 2814 592 felici
2862 532 3054 611 magis

360 635 536 696 quam
583 617 899 678 confidenti
943 617 1288 695 conjectura
1315 618 1648 688 constituit,
1680 618 1880 697 'atque
1926 614 2013 678 ita
2059 635 2194 678 sese
2241 615 2461 678 habere
2510 617 2782 693 credidit,
2832 637 2906 680 ea
2952 619 3049 680 in-

359 723 532 785 quam
581 707 777 766 omnia
823 706 1152 768 rationibus
1201 727 1236 766 a
1281 705 1479 784 priori,
1531 729 1565 766 a
1604 707 1825 777 causiS,
1873 725 1910 766 a
1955 704 2276 768 creationis
2325 705 2463 767 idea
2509 705 2784 769 deductis
2828 706 3050 772 rectis·-

357 793 503 856 simc
551 795 881 856 constituta
928 814 1059 856 esse
1110 793 1645 873 deprehendantur.

529 883 691 944 Nam
746 886 795 944 si
853 884 983 963 quis
1042 883 1485 962 philosophicas
1542 884 1695 944 istas
1762 883 2024 944 rationes
2081 883 2210 944 sine
2269 883 2599 944 rationibus
2647 893 2710 946 et
2755 886 2884 948 solo
2930 885 3054 948 risu

356 972 627 1050 excipere
674 980 855 1053 atque
900 973 1139 1034 eludere
1184 972 1457 1046 voluerit,
1504 981 1826 1052 propterea
1872 973 2026 1052 quod
2067 990 2251 1034 novus
2290 973 2462 1034 homo
2501 971 2612 1034 sub
2649 974 2821 1036 finem
2867 994 3048 1036 secu-

356 1061 563 1131 lorum,
612 1061 953 1122 tacentibus
1001 1061 1121 1122 illis
1156 1061 1569 1140 philosophiae
1601 1061 1914 1122 luminibus
1952 1060 2228 1140 antiquis,
2279 1061 2694 1142 philosophica
2737 1063 2862 1124 ista
2905 1081 3050 1144 pro-

357 1149 563 1222 feram,
610 1150 699 1212 illi
730 1168 839 1230 ego
871 1150 1098 1226 ducem,
1146 1158 1451 1212 auctorem
1497 1158 1558 1211 et
1602 1156 2212 1229 praemonstratorem
2261 1169 2335 1212 ex
2382 1150 2802 1232 antiquissimo
2848 1154 3051 1213 seculo

351 1239 647 1320 proferam
684 1238 1213 1321 Pythagoram:
1262 1239 1429 1318 cujus
1467 1238 1655 1301 multa
1698 1239 1760 1300 in
1792 1237 2015 1300 scholis
2051 1239 2292 1314 mentio,
2343 1240 2498 1319 quod
2544 1259 2674 1302 cum
2727 1250 3050 1319 praestan-

352 1327 496 1390 tiam
544 1327 777 1389 videret
822 1327 1075 1408 quinque
1135 1345 1480 1408 corporum,
1549 1327 1727 1390 simili
1786 1328 1966 1408 plane
2021 1328 2252 1388 ratione
2302 1336 2444 1389 ante
2489 1329 2582 1390 bis
2629 1329 2791 1390 mille
2839 1349 3048 1403 annOS,

352 1436 467 1497 qua
494 1435 647 1477 nunc
678 1435 809 1494 ege,
858 1415 1167 1479 Creatoris
1198 1436 1339 1478 cura
1374 1435 1486 1478 non
1534 1417 1838 1496 indignum
1887 1415 2187 1479 censuerit
2233 1417 2306 1477 ad
2353 1417 2460 1478 illa
2504 1417 2819 1498 respicere,
2872 1427 3049 1500 atque
3137 1489 3140 1492 ,

348 1505 525 1570 rebus
572 1505 1011 1569 mathematicis
1056 1505 1301 1586 physice
1350 1513 1413 1566 et
1460 1525 1534 1568 ex
1583 1525 1693 1568 sua
1742 1505 2009 1586 qualibet
2045 1505 2413 1585 proprietate
2453 1506 2860 1569 accidentaria
2907 1527 3047 1569 cen-

348 1595 483 1658 sitis
539 1614 637 1656 res
686 1614 801 1657 non
846 1595 1307 1657 mathematicas
1359 1593 1918 1658 accommodaverit.
1995 1593 2240 1656 Terram
2288 1593 2443 1656 enim
2493 1595 2642 1656 cubo
2689 1596 3047 1676 aequipara-

354 1685 459 1759 vit,
490 1685 547 1757 κ)
595 1683 737 1763 quia
780 1683 1019 1746 stabilis
1066 1693 1336 1764 uterque,
1386 1684 1542 1764 quod
1588 1692 1791 1745 tamen
1831 1684 1905 1744 de
1942 1682 2091 1744 cubo
2131 1701 2244 1744 non
2283 1684 2518 1761 proprie
2557 1684 2792 1758 dicitur.
2862 1683 3047 1746 Coelo

352 1773 726 1836 icosaedrum
773 1773 957 1845 dedit,
1008 1773 1147 1852 quia
1174 1783 1483 1852 utrumque
1512 1772 1791 1834 volubile.
1857 1772 1990 1850 Igni
2029 1771 2358 1853 pyramida,
2407 1772 2546 1852 quia
2591 1772 2740 1834 haec
2784 1772 3048 1834 volantis

348 1862 589 1942 igniculi
619 1863 836 1922 forma:
884 1861 1115 1941 reliqua
1158 1861 1275 1922 duo
1320 1878 1573 1940 corpora
1617 1862 1776 1923 inter
1822 1878 2019 1922 aerem
2067 1869 2131 1921 et
2175 1879 2390 1941 aquam
2421 1860 2758 1938 distribuit,
2803 1869 3050 1942 propter

347 1951 597 2012 similem
654 1952 929 2031 utrinque
994 1969 1125 2012 cum
1190 1949 1402 2012 vicinis
1462 1951 1895 2030 cognationem.
1985 1947 2108 2010 Sed
2156 1951 2309 2011 enim
2357 1947 2726 2029 Copernicus
2781 1951 2872 2012 illi
2915 1951 3048 2012 viro

348 2039 555 2114 defuit,
606 2041 705 2119 qui
750 2039 933 2119 prim,
985 2039 1123 2120 quid
1172 2048 1338 2101 esset
1383 2040 1440 2101 in
1489 2039 1728 2115 mundo,
1776 2039 2043 2100 diceret:
2093 2039 2316 2119 absque
2365 2057 2434 2099 eo
2483 2057 2596 2100 non
2647 2039 2877 2116 fuisset,
2930 2040 3044 2101 du·-

344 2129 501 2191 bium
548 2147 663 2188 non
716 2135 844 2205 est,
893 2128 1028 2210 quin
1080 2147 1258 2209 quare
1308 2134 1500 2204 esset,
1558 2127 1921 2199 invenisset,
1978 2136 2158 2209 atque
2204 2127 2352 2190 haec
2399 2129 2696 2190 coelorum
2739 2129 3045 2212 proportio

348 2221 465 2282 tam
512 2225 656 2278 nota
692 2213 853 2280 'nunc
903 2225 1097 2293 essct,
1149 2237 1320 2299 quam
1367 2217 1501 2298 ipsa
1548 2218 1798 2298 quinque
1849 2235 2124 2296 corpora,
2187 2227 2310 2280 tam
2357 2217 2499 2279 item
2547 2229 2821 2298 recep-ta,
2870 2237 3044 2299 quam

346 2308 457 2369 hoc
522 2316 852 2387 temporum
912 2307 1163 2368 decursu
1220 2305 1473 2368 invaluit
1525 2305 1633 2368 illa
1696 2307 1769 2368 de
1834 2304 1997 2368 Solis
2059 2315 2222 2386 motu
2289 2307 2477 2387 deque
2544 2307 2742 2386 quiete
2788 2307 3044 2370 Telluris

345 2415 379 2458 o
422 2415 561 2460 imo,

382 2415 418 2478 p
518 2487 743 2548 Verum
790 2502 904 2564 age
950 2485 1048 2547 vel
1103 2484 1345 2546 tandem
1402 2483 1809 2563 experiamur,
1871 2493 2067 2546 utrum
2123 2483 2280 2546 inter
2335 2484 2510 2546 orbes
2557 2480 2874 2563 Copernici
2919 2485 3042 2551 sint

344 2575 495 2638 istae
542 2592 856 2654 corporum
898 2574 1335 2653 proportiones,
1402 2575 1497 2634 Ac
1543 2572 1715 2634 initio
1753 2591 1879 2635 rem
1911 2573 2306 2635 crassiuscule
2335 2590 2704 2634 censeamus.
2772 2571 3042 2636 Maxima

342 2663 763 2726 distantiarum
810 2663 1145 2724 differentia
1190 2663 1249 2723 in
1300 2661 1631 2740 Copernico
1678 2670 1776 2724 est
1819 2662 1978 2724 inter
2020 2660 2232 2722 Jovem
2283 2669 2348 2724 et
2389 2662 2683 2734 Martem,
2748 2669 2816 2722 ut
2868 2661 3040 2725 vides

342 2753 399 2816 in
446 2751 845 2833 explicatione
894 2751 1311 2833 hypothesium
1358 2749 1506 2813 Tab.
1556 2747 1635 2814 10
1680 2758 1749 2812 et
1790 2750 1950 2813 infra
1993 2768 2124 2832 cap.
2181 2746 2262 2814 14
2309 2759 2372 2813 et
2421 2748 2521 2815 15.
2616 2750 2836 2813 Martis
2883 2751 3038 2813 enim

340 2842 632 2905 distantia
678 2863 715 2903 a
763 2841 905 2904 Sole
953 2860 1067 2903 uon
1116 2849 1339 2921 aequat
1390 2838 1632 2902 tertiam
1675 2848 1914 2920 partem
1958 2838 2192 2903 Joviae.
2288 2839 2628 2911 Quaeratur
2671 2840 2853 2918 igitur
2899 2858 3035 2902 cor-

339 2952 470 3013 pus,
511 2934 665 3013 quod
694 2932 1014 2993 maximam
1046 2930 1193 2992 facit
1222 2929 1615 2991 differentiam
1644 2928 1801 2991 inter
1830 2928 2029 2991 orbem
2060 2930 2564 3010 circumscriptum
2593 2938 2653 2990 et
2682 2928 3039 3010 inscriptum

342 3024 731 3095 (concedatur
776 3020 945 3082 nobis
992 3020 1139 3081 haec
1187 3041 1537 3101 καταχρησις
1598 3038 1806 3080 cavum
1861 3038 1968 3098 pro
2025 3018 2216 3081 solido
2277 3016 2586 3092 censendi)
2616 3016 2677 3091 ¹¹)
2737 3019 2890 3099 quod
2941 3028 3037 3081 est

340 3112 705 3174 tetraedrum
752 3110 877 3171 sive
923 3108 1206 3192 pyramis.
1280 3108 1399 3171 Est
1442 3108 1624 3187 igitur
1669 3109 1824 3169 inter
1859 3105 2072 3169 Jovem
2119 3116 2184 3169 et
2217 3107 2479 3171 Martem
2523 3106 2808 3190 pyramis,
2883 3106 3039 3170 Post

340 3200 448 3263 hos
514 3203 829 3263 maximam
895 3198 1121 3260 faciunt
1185 3196 1579 3261 differentiam
1642 3196 1969 3259 distantiae
2025 3196 2263 3277 Jupiter
2323 3205 2386 3260 et
2430 3196 2748 3259 Saturnus.
2841 3196 3034 3277 Hujus

339 3290 498 3352 enim
545 3289 645 3353 ille
691 3288 871 3369 paulo
916 3288 1051 3368 plus
1097 3286 1401 3348 dimidium
1448 3295 1687 3366 aequat.
1780 3284 2010 3347 Similis
2073 3296 2330 3367 apparet
2389 3286 2450 3347 in
2517 3286 2652 3349 cubi
2707 3284 2914 3349 intimo
2971 3295 3034 3347 et

340 3380 559 3443 extimo
606 3379 747 3441 orbe
795 3376 1147 3439 differentia.
1244 3372 1473 3437 Cubum
1519 3374 1699 3454 igitur
1734 3373 2042 3438 Saturnus
2089 3376 2310 3451 ambit,
2360 3375 2543 3437 cubus
2589 3374 2818 3438 Jovem.

512 3467 803 3547 Aequalis
852 3467 973 3528 fere
1018 3464 1325 3546 proportio
1372 3472 1469 3525 est
1514 3464 1672 3525 inter
1708 3464 2006 3525 Venerem
2053 3471 2118 3526 et
2161 3464 2535 3539 Mercurium,
2585 3483 2695 3525 nec
2743 3464 3034 3528 absimilis

338 3558 494 3620 inter
538 3558 713 3619 orbes
758 3555 1047 3617 octaedri.
1140 3555 1349 3614 Venus
1395 3553 1575 3633 igitur
1619 3552 1731 3613 hoc
1777 3570 1994 3632 corpus
2037 3552 2254 3626 ambit,
2299 3552 2630 3615 Mercurius
2673 3553 2886 3615 induit.

513 3647 804 3727 Reliquae
852 3644 1007 3707 duae
1052 3641 1470 3723 proportiones
1529 3641 1688 3708 inter
1730 3640 2032 3702 Venerem
2087 3648 2152 3702 et
2195 3642 2442 3704 Terram
2462 3689 2478 3717 ,
2544 3642 2700 3705 inter
2760 3642 2916 3703 hanc
2971 3649 3036 3703 et

338 3736 602 3798 Martem
644 3735 919 3797 minimae
966 3740 1131 3807 sunt,
1195 3740 1257 3794 et
1304 3731 1427 3792 fere
1489 3732 1799 3810 aequales,
1860 3748 2070 3809 nempe
2115 3730 2363 3793 interior
2409 3730 2724 3793 exterioris
2771 3730 3033 3792 dodrans

339 3830 444 3887 aut
486 3826 594 3886 bes
644 3819 1423 3907 (³ln²l³)·1¹¹50⁰ssaffl¹'⁰
1454 3828 1518 3882 et
1554 3820 1928 3881 dodecaedro
1961 3827 2100 3880 sunt
2146 3820 2331 3881 etiam
2378 3820 2658 3901 aequales
2707 3818 3032 3881 distantiae

342 3916 604 3978 binorum
653 3914 915 3987 orbium,
966 3920 1029 3973 et
1072 3910 1451 3991 proportione
1498 3916 1744 3971 utuntur
1790 3908 2033 3970 minima
2079 3908 2233 3969 inter
2279 3910 2506 3990 reliqua
2549 3910 2847 3989 regularia
2893 3926 3030 3970 cor-

335 4022 503 4084 pora.
588 4002 788 4075 Quare
836 4002 1154 4065 verisimile
1202 4007 1316 4075 est,
1365 4000 1622 4060 Martem
1671 3997 1894 4060 ambire
1943 3998 2188 4059 Terram
2232 3998 2532 4061 mediante
2581 3998 2869 4061 alterutro
2916 3998 3030 4059 ho-

338 4112 463 4157 rum
512 4110 839 4173 corporum,
886 4094 1131 4153 Terram
1180 4097 1378 4150 autem
1408 4110 1445 4149 a
1476 4070 1725 4150 Venere
1743 4094 2118 4162 summotam,
2165 4088 2467 4149 mediante
2513 4086 2760 4168 reliquo.
2828 4085 3030 4159 Quare

338 4182 391 4245 si
438 4182 569 4263 quis
616 4202 691 4244 ex
736 4202 827 4243 me
876 4188 1149 4262 quaerat,
1195 4198 1299 4242 cur
1345 4178 1469 4240 sint
1510 4184 1743 4239 tantum
1788 4195 1900 4237 sex
1927 4176 2102 4239 orbes
2131 4174 2402 4251 mobiles,
2451 4176 2840 4257 respondebo,
2893 4176 3031 4257 quia

338 4292 453 4338 non
502 4281 783 4352 oporteat
825 4271 1027 4350 plures
1058 4268 1309 4349 quinque
1339 4266 1749 4347 proportiones
1780 4284 1934 4341 esse,
1983 4266 2236 4328 totidem
2281 4285 2513 4347 nempe,
2560 4274 2706 4346 quot
2731 4265 3032 4346 regularia
3085 4328 3096 4335 ,

340 4370 479 4423 sunt
511 4362 573 4423 in
608 4362 867 4424 mathesi
896 4377 1164 4438 corpora.
1231 4356 1355 4419 Sex
1400 4362 1599 4417 autem
1644 4354 1884 4417 termini
1929 4364 2342 4417 consummant
2381 4357 2536 4418 hunc
2579 4355 3026 4435 proportionum

338 4467 657 4515 numerum·
