<?xml version="1.0" encoding="UTF-8"?>
<!DOCTYPE html PUBLIC "-//W3C//DTD XHTML 1.0 Transitional//EN"
    "http://www.w3.org/TR/xhtml1/DTD/xhtml1-transitional.dtd">
<html xmlns="http://www.w3.org/1999/xhtml" xml:lang="en" lang="en">
 <head>
  <title>
</title>
<meta http-equiv="Content-Type" content="text/html;charset=utf-8" />
  <meta name='ocr-system' content='tesseract 3.04.00' />
  <meta name='ocr-capabilities' content='ocr_page ocr_carea ocr_par ocr_line ocrx_word'/>
</head>
<body>
  <div class='ocr_page' id='page_1' title='image "./joanniskepleria30frisgoog_0314.png"; bbox 0 0 3634 5575; ppageno 0'>
   <div class='ocr_carea' id='block_1_1' title="bbox 905 365 3111 439">
    <p class='ocr_par' dir='ltr' id='par_1_1' title="bbox 905 365 3111 439">
     <span class='ocr_line' id='line_1_1' title="bbox 905 365 3111 439; baseline 0.003 -23"><span class='ocrx_word' id='word_1_1' title='bbox 905 366 1110 418; x_wconf 78' lang='lat' dir='ltr'><strong>Literas</strong></span> <span class='ocrx_word' id='word_1_2' title='bbox 1147 365 1354 432; x_wconf 59' lang='grc' dir='ltr'><strong>Καμεὶ</strong></span> <span class='ocrx_word' id='word_1_3' title='bbox 1401 367 1712 434; x_wconf 72' lang='lat' dir='ltr'><strong>aliumque</strong></span> <span class='ocrx_word' id='word_1_4' title='bbox 1747 375 1957 422; x_wconf 79' lang='lat' dir='ltr'><strong>mutuae</strong></span> <span class='ocrx_word' id='word_1_5' title='bbox 2002 367 2067 422; x_wconf 83' lang='lat' dir='ltr'><strong>de</strong></span> <span class='ocrx_word' id='word_1_6' title='bbox 2098 371 2249 423; x_wconf 74' lang='lat' dir='ltr'><strong>rebus</strong></span> <span class='ocrx_word' id='word_1_7' title='bbox 2284 371 2607 439; x_wconf 57' lang='lat' dir='ltr'><strong>analogicis.</strong></span> <span class='ocrx_word' id='word_1_8' title='bbox 2979 369 3111 439; x_wconf 73' lang='lat'><strong>295</strong></span> 
     </span>
    </p>
   </div>
   <div class='ocr_carea' id='block_1_2' title="bbox 396 521 3115 1833">
    <p class='ocr_par' dir='ltr' id='par_1_2' title="bbox 396 521 3115 1043">
     <span class='ocr_line' id='line_1_2' title="bbox 397 521 3110 608; baseline 0.004 -22"><span class='ocrx_word' id='word_1_9' title='bbox 397 523 583 602; x_wconf 82' lang='lat' dir='ltr'><strong>elegit</strong></span> <span class='ocrx_word' id='word_1_10' title='bbox 635 522 908 586; x_wconf 84' lang='lat' dir='ltr'><strong>modum:</strong></span> <span class='ocrx_word' id='word_1_11' title='bbox 977 521 1030 586; x_wconf 89' lang='lat' dir='ltr'><strong>si</strong></span> <span class='ocrx_word' id='word_1_12' title='bbox 1075 522 1188 588; x_wconf 84' lang='lat' dir='ltr'><strong>Sol</strong></span> <span class='ocrx_word' id='word_1_13' title='bbox 1242 525 1340 587; x_wconf 86' lang='lat' dir='ltr'><strong>die</strong></span> <span class='ocrx_word' id='word_1_14' title='bbox 1398 526 1740 588; x_wconf 83' lang='lat' dir='ltr'><strong>nativitatis</strong></span> <span class='ocrx_word' id='word_1_15' title='bbox 1807 527 2118 608; x_wconf 86' lang='lat' dir='ltr'><strong>cujusdam</strong></span> <span class='ocrx_word' id='word_1_16' title='bbox 2182 528 2439 592; x_wconf 85' lang='lat' dir='ltr'><strong>hominis</strong></span> <span class='ocrx_word' id='word_1_17' title='bbox 2494 538 2727 594; x_wconf 89' lang='lat' dir='ltr'><strong>certum</strong></span> <span class='ocrx_word' id='word_1_18' title='bbox 2790 531 2985 594; x_wconf 89' lang='lat' dir='ltr'><strong>locum</strong></span> <span class='ocrx_word' id='word_1_19' title='bbox 3048 531 3110 596; x_wconf 89' lang='lat' dir='ltr'><strong>in</strong></span> 
     </span>
     <span class='ocr_line' id='line_1_3' title="bbox 396 610 3109 698; baseline 0.003 -24"><span class='ocrx_word' id='word_1_20' title='bbox 396 610 646 674; x_wconf 78' lang='lat' dir='ltr'><strong>zodiaco</strong></span> <span class='ocrx_word' id='word_1_21' title='bbox 696 611 956 674; x_wconf 81' lang='lat' dir='ltr'><strong>obtinuit</strong></span> <span class='ocrx_word' id='word_1_22' title='bbox 1011 619 1074 673; x_wconf 92' lang='lat' dir='ltr'><strong>et</strong></span> <span class='ocrx_word' id='word_1_23' title='bbox 1119 613 1366 691; x_wconf 79' lang='lat' dir='ltr'><strong>planeta</strong></span> <span class='ocrx_word' id='word_1_24' title='bbox 1414 613 1634 692; x_wconf 88' lang='lat' dir='ltr'><strong>aliquis</strong></span> <span class='ocrx_word' id='word_1_25' title='bbox 1690 617 2077 694; x_wconf 89' lang='lat' dir='ltr'><strong>postmodum</strong></span> <span class='ocrx_word' id='word_1_26' title='bbox 2132 617 2255 679; x_wconf 88' lang='lat' dir='ltr'><strong>alio</strong></span> <span class='ocrx_word' id='word_1_27' title='bbox 2306 617 2565 698; x_wconf 86' lang='lat' dir='ltr'><strong>quodam</strong></span> <span class='ocrx_word' id='word_1_28' title='bbox 2608 617 2912 682; x_wconf 82' lang='lat' dir='ltr'><strong>invenitur</strong></span> <span class='ocrx_word' id='word_1_29' title='bbox 2956 617 3109 694; x_wconf 87' lang='lat' dir='ltr'><strong>loco,</strong></span> 
     </span>
     <span class='ocr_line' id='line_1_4' title="bbox 399 700 3111 785; baseline 0.001 -23"><span class='ocrx_word' id='word_1_30' title='bbox 399 701 724 762; x_wconf 87' lang='lat' dir='ltr'><strong>secundum</strong></span> <span class='ocrx_word' id='word_1_31' title='bbox 769 700 1214 780; x_wconf 77' lang='lat' dir='ltr'><strong>astrologo-rum</strong></span> <span class='ocrx_word' id='word_1_32' title='bbox 1261 701 1626 762; x_wconf 88' lang='lat' dir='ltr'><strong>sententiam</strong></span> <span class='ocrx_word' id='word_1_33' title='bbox 1673 704 1876 781; x_wconf 83' lang='lat' dir='ltr'><strong>gravi,</strong></span> <span class='ocrx_word' id='word_1_34' title='bbox 1925 712 2235 784; x_wconf 86' lang='lat' dir='ltr'><strong>computat</strong></span> <span class='ocrx_word' id='word_1_35' title='bbox 2284 711 2430 785; x_wconf 88' lang='lat' dir='ltr'><strong>quot</strong></span> <span class='ocrx_word' id='word_1_36' title='bbox 2475 706 2685 768; x_wconf 82' lang='lat' dir='ltr'><strong>diebus</strong></span> <span class='ocrx_word' id='word_1_37' title='bbox 2732 726 2771 766; x_wconf 87' lang='lat' dir='ltr'><strong>a</strong></span> <span class='ocrx_word' id='word_1_38' title='bbox 2816 705 3111 768; x_wconf 81' lang='lat' dir='ltr'><strong>nativita-</strong></span> 
     </span>
     <span class='ocr_line' id='line_1_5' title="bbox 399 786 3115 872; baseline 0.003 -23"><span class='ocrx_word' id='word_1_39' title='bbox 399 788 479 849; x_wconf 91' lang='lat' dir='ltr'><strong>tis</strong></span> <span class='ocrx_word' id='word_1_40' title='bbox 525 788 624 849; x_wconf 90' lang='lat' dir='ltr'><strong>die</strong></span> <span class='ocrx_word' id='word_1_41' title='bbox 671 786 783 848; x_wconf 90' lang='lat' dir='ltr'><strong>Sol</strong></span> <span class='ocrx_word' id='word_1_42' title='bbox 829 787 908 848; x_wconf 88' lang='lat' dir='ltr'><strong>ad</strong></span> <span class='ocrx_word' id='word_1_43' title='bbox 954 789 1206 850; x_wconf 87' lang='lat' dir='ltr'><strong>eundem</strong></span> <span class='ocrx_word' id='word_1_44' title='bbox 1251 788 1594 867; x_wconf 86' lang='lat' dir='ltr'><strong>pervenerit</strong></span> <span class='ocrx_word' id='word_1_45' title='bbox 1640 789 1865 863; x_wconf 86' lang='lat' dir='ltr'><strong>locum;</strong></span> <span class='ocrx_word' id='word_1_46' title='bbox 1922 811 2199 854; x_wconf 87' lang='lat' dir='ltr'><strong>numerus</strong></span> <span class='ocrx_word' id='word_1_47' title='bbox 2261 793 2467 854; x_wconf 88' lang='lat' dir='ltr'><strong>horum</strong></span> <span class='ocrx_word' id='word_1_48' title='bbox 2528 795 2757 855; x_wconf 84' lang='lat' dir='ltr'><strong>dierum</strong></span> <span class='ocrx_word' id='word_1_49' title='bbox 2814 793 3115 872; x_wconf 81' lang='lat' dir='ltr'><strong>signifieat</strong></span> 
     </span>
     <span class='ocr_line' id='line_1_6' title="bbox 399 875 3111 1025; baseline 0.001 -87"><span class='ocrx_word' id='word_1_50' title='bbox 399 876 922 1025; x_wconf 61' lang='grc' dir='ltr'><strong>ωῑὶάθωάἷηιιοε,</strong></span> <span class='ocrx_word' id='word_1_51' title='bbox 973 876 1186 954; x_wconf 86' lang='lat' dir='ltr'><strong>quibus</strong></span> <span class='ocrx_word' id='word_1_52' title='bbox 1235 876 1460 956; x_wconf 84' lang='lat' dir='ltr'><strong>elapsis</strong></span> <span class='ocrx_word' id='word_1_53' title='bbox 1507 875 1644 937; x_wconf 90' lang='lat' dir='ltr'><strong>inde</strong></span> <span class='ocrx_word' id='word_1_54' title='bbox 1693 897 1730 937; x_wconf 87' lang='lat' dir='ltr'><strong>a</strong></span> <span class='ocrx_word' id='word_1_55' title='bbox 1776 879 2121 940; x_wconf 83' lang='lat' dir='ltr'><strong>nativitatis</strong></span> <span class='ocrx_word' id='word_1_56' title='bbox 2168 880 2268 941; x_wconf 88' lang='lat' dir='ltr'><strong>die</strong></span> <span class='ocrx_word' id='word_1_57' title='bbox 2316 881 2412 942; x_wconf 83' lang='lat' dir='ltr'><strong>vis</strong></span> <span class='ocrx_word' id='word_1_58' title='bbox 2463 881 2639 960; x_wconf 87' lang='lat' dir='ltr'><strong>hujus</strong></span> <span class='ocrx_word' id='word_1_59' title='bbox 2688 881 3111 942; x_wconf 75' lang='lat' dir='ltr'><strong>constellatio-</strong></span> 
     </span>
     <span class='ocr_line' id='line_1_7' title="bbox 397 963 824 1043; baseline -0.002 -17"><span class='ocrx_word' id='word_1_60' title='bbox 397 963 492 1026; x_wconf 87' lang='lat' dir='ltr'><strong>nis</strong></span> <span class='ocrx_word' id='word_1_61' title='bbox 538 982 646 1043; x_wconf 90' lang='lat' dir='ltr'><strong>pro</strong></span> <span class='ocrx_word' id='word_1_62' title='bbox 693 963 712 1024; x_wconf 86' lang='lat' dir='ltr'><strong>i</strong></span> <span class='ocrx_word' id='word_1_63' title='bbox 755 964 824 1026; x_wconf 90' lang='lat' dir='ltr'><strong>it.</strong></span> 
     </span>
    </p>

    <p class='ocr_par' dir='ltr' id='par_1_3' title="bbox 397 1050 3113 1817">
     <span class='ocr_line' id='line_1_8' title="bbox 573 1050 3109 1136; baseline 0.001 -23"><span class='ocrx_word' id='word_1_64' title='bbox 573 1051 970 1130; x_wconf 79' lang='lat' dir='ltr'><strong>Ptaecipuam</strong></span> <span class='ocrx_word' id='word_1_65' title='bbox 1015 1050 1134 1114; x_wconf 87' lang='lat' dir='ltr'><strong>vim</strong></span> <span class='ocrx_word' id='word_1_66' title='bbox 1190 1051 1418 1112; x_wconf 88' lang='lat' dir='ltr'><strong>habent</strong></span> <span class='ocrx_word' id='word_1_67' title='bbox 1475 1051 1801 1114; x_wconf 88' lang='lat' dir='ltr'><strong>secundum</strong></span> <span class='ocrx_word' id='word_1_68' title='bbox 1858 1052 2201 1132; x_wconf 75' lang='lat' dir='ltr'><strong>astrologos</strong></span> <span class='ocrx_word' id='word_1_69' title='bbox 2248 1055 2568 1129; x_wconf 74' lang='lat' dir='ltr'><strong>duodecim</strong></span> <span class='ocrx_word' id='word_1_70' title='bbox 2624 1054 2858 1117; x_wconf 82' lang='lat' dir='ltr'><strong>zodiaci</strong></span> <span class='ocrx_word' id='word_1_71' title='bbox 2912 1054 3109 1136; x_wconf 88' lang='lat' dir='ltr'><strong>signa,</strong></span> 
     </span>
     <span class='ocr_line' id='line_1_9' title="bbox 400 1138 3113 1218; baseline 0.001 -16"><span class='ocrx_word' id='word_1_72' title='bbox 400 1139 699 1218; x_wconf 84' lang='lat' dir='ltr'><strong>disposita</strong></span> <span class='ocrx_word' id='word_1_73' title='bbox 719 1157 851 1200; x_wconf 90' lang='lat' dir='ltr'><strong>cum</strong></span> <span class='ocrx_word' id='word_1_74' title='bbox 879 1139 1040 1212; x_wconf 84' lang='lat' dir='ltr'><strong>bina,</strong></span> <span class='ocrx_word' id='word_1_75' title='bbox 1090 1146 1216 1200; x_wconf 86' lang='lat' dir='ltr'><strong>tum</strong></span> <span class='ocrx_word' id='word_1_76' title='bbox 1245 1138 1404 1200; x_wconf 80' lang='lat' dir='ltr'><strong>trina</strong></span> <span class='ocrx_word' id='word_1_77' title='bbox 1442 1139 1552 1202; x_wconf 67' lang='lat' dir='ltr'><strong>Sic.</strong></span> <span class='ocrx_word' id='word_1_78' title='bbox 1643 1139 1791 1201; x_wconf 90' lang='lat' dir='ltr'><strong>Alia</strong></span> <span class='ocrx_word' id='word_1_79' title='bbox 1838 1148 1979 1202; x_wconf 89' lang='lat' dir='ltr'><strong>sunt</strong></span> <span class='ocrx_word' id='word_1_80' title='bbox 2024 1141 2279 1214; x_wconf 82' lang='lat' dir='ltr'><strong>aestiva,</strong></span> <span class='ocrx_word' id='word_1_81' title='bbox 2330 1141 2455 1204; x_wconf 87' lang='lat' dir='ltr'><strong>alia</strong></span> <span class='ocrx_word' id='word_1_82' title='bbox 2499 1143 2781 1216; x_wconf 72' lang='lat' dir='ltr'><strong>hiberna:</strong></span> <span class='ocrx_word' id='word_1_83' title='bbox 2832 1142 2959 1205; x_wconf 89' lang='lat' dir='ltr'><strong>alia</strong></span> <span class='ocrx_word' id='word_1_84' title='bbox 2998 1161 3113 1204; x_wconf 87' lang='lat' dir='ltr'><strong>ca-</strong></span> 
     </span>
     <span class='ocr_line' id='line_1_10' title="bbox 399 1217 3111 1306; baseline 0.001 -18"><span class='ocrx_word' id='word_1_85' title='bbox 399 1227 542 1301; x_wconf 85' lang='lat' dir='ltr'><strong>lida,</strong></span> <span class='ocrx_word' id='word_1_86' title='bbox 594 1227 896 1306; x_wconf 87' lang='lat' dir='ltr'><strong>aquatica,</strong></span> <span class='ocrx_word' id='word_1_87' title='bbox 943 1235 1150 1288; x_wconf 88' lang='lat' dir='ltr'><strong>terrea</strong></span> <span class='ocrx_word' id='word_1_88' title='bbox 1177 1228 1286 1288; x_wconf 78' lang='lat' dir='ltr'><strong>&amp;c.</strong></span> <span class='ocrx_word' id='word_1_89' title='bbox 1309 1272 1322 1299; x_wconf 95' lang='lat'>,</span> <span class='ocrx_word' id='word_1_90' title='bbox 1371 1227 1708 1288; x_wconf 78' lang='lat' dir='ltr'><strong>masculina</strong></span> <span class='ocrx_word' id='word_1_91' title='bbox 1739 1236 1802 1289; x_wconf 87' lang='lat' dir='ltr'><strong>et</strong></span> <span class='ocrx_word' id='word_1_92' title='bbox 1830 1228 2129 1303; x_wconf 86' lang='lat' dir='ltr'><strong>feminina,</strong></span> <span class='ocrx_word' id='word_1_93' title='bbox 2180 1230 2437 1291; x_wconf 88' lang='lat' dir='ltr'><strong>humana</strong></span> <span class='ocrx_word' id='word_1_94' title='bbox 2466 1238 2531 1292; x_wconf 87' lang='lat' dir='ltr'><strong>et</strong></span> <span class='ocrx_word' id='word_1_95' title='bbox 2556 1230 2735 1292; x_wconf 87' lang='lat' dir='ltr'><strong>bruta</strong></span> <span class='ocrx_word' id='word_1_96' title='bbox 2763 1232 2869 1295; x_wconf 70' lang='grc' dir='ltr'><strong>διο.</strong></span> <span class='ocrx_word' id='word_1_97' title='bbox 2958 1217 3111 1292; x_wconf 71' lang='lat' dir='ltr'><strong>‘Sin-</strong></span> 
     </span>
     <span class='ocr_line' id='line_1_11' title="bbox 399 1314 3113 1396; baseline 0.001 -20"><span class='ocrx_word' id='word_1_98' title='bbox 399 1315 576 1396; x_wconf 86' lang='lat' dir='ltr'><strong>gulae</strong></span> <span class='ocrx_word' id='word_1_99' title='bbox 639 1314 862 1376; x_wconf 82' lang='lat' dir='ltr'>Terrae</span> <span class='ocrx_word' id='word_1_100' title='bbox 925 1314 1201 1394; x_wconf 76' lang='lat' dir='ltr'><strong>regiones</strong></span> <span class='ocrx_word' id='word_1_101' title='bbox 1261 1314 1380 1375; x_wconf 88' lang='lat' dir='ltr'><strong>illis</strong></span> <span class='ocrx_word' id='word_1_102' title='bbox 1437 1315 1714 1393; x_wconf 84' lang='lat' dir='ltr'><strong>subjecta</strong></span> <span class='ocrx_word' id='word_1_103' title='bbox 1777 1322 1949 1389; x_wconf 88' lang='lat' dir='ltr'><strong>sunt,</strong></span> <span class='ocrx_word' id='word_1_104' title='bbox 2026 1325 2089 1377; x_wconf 89' lang='lat' dir='ltr'><strong>et</strong></span> <span class='ocrx_word' id='word_1_105' title='bbox 2152 1317 2243 1379; x_wconf 89' lang='lat' dir='ltr'><strong>sic</strong></span> <span class='ocrx_word' id='word_1_106' title='bbox 2298 1335 2495 1396; x_wconf 88' lang='lat' dir='ltr'><strong>porro.</strong></span> <span class='ocrx_word' id='word_1_107' title='bbox 2538 1349 2619 1362; x_wconf 87' lang='lat'><strong>·-</strong></span> <span class='ocrx_word' id='word_1_108' title='bbox 2660 1316 2728 1378; x_wconf 89' lang='lat' dir='ltr'><strong>Si</strong></span> <span class='ocrx_word' id='word_1_109' title='bbox 2794 1317 2927 1396; x_wconf 88' lang='lat' dir='ltr'><strong>quis</strong></span> <span class='ocrx_word' id='word_1_110' title='bbox 2980 1330 3113 1380; x_wconf 81' lang='lat' dir='ltr'><strong>rem</strong></span> 
     </span>
     <span class='ocr_line' id='line_1_12' title="bbox 397 1401 3109 1484; baseline 0.001 -20"><span class='ocrx_word' id='word_1_111' title='bbox 397 1401 634 1484; x_wconf 79' lang='lat' dir='ltr'><strong>plenius</strong></span> <span class='ocrx_word' id='word_1_112' title='bbox 671 1420 1036 1482; x_wconf 78' lang='lat' dir='ltr'><strong>cognoscere</strong></span> <span class='ocrx_word' id='word_1_113' title='bbox 1081 1401 1246 1473; x_wconf 89' lang='lat' dir='ltr'><strong>velit,</strong></span> <span class='ocrx_word' id='word_1_114' title='bbox 1297 1421 1430 1462; x_wconf 89' lang='lat' dir='ltr'><strong>eum</strong></span> <span class='ocrx_word' id='word_1_115' title='bbox 1477 1402 1831 1481; x_wconf 87' lang='lat' dir='ltr'><strong>ablegamus</strong></span> <span class='ocrx_word' id='word_1_116' title='bbox 1880 1403 1957 1464; x_wconf 89' lang='lat' dir='ltr'><strong>ad</strong></span> <span class='ocrx_word' id='word_1_117' title='bbox 1984 1404 2401 1466; x_wconf 87' lang='lat' dir='ltr'><strong>Ptolemaei</strong></span> <span class='ocrx_word' id='word_1_118' title='bbox 2454 1406 2591 1479; x_wconf 88' lang='lat' dir='ltr'><strong>„De</strong></span> <span class='ocrx_word' id='word_1_119' title='bbox 2627 1405 2873 1484; x_wconf 87' lang='lat' dir='ltr'><strong>judiciis</strong></span> <span class='ocrx_word' id='word_1_120' title='bbox 2902 1411 3109 1468; x_wconf 85' lang='lat' dir='ltr'><strong>astro-</strong></span> 
     </span>
     <span class='ocr_line' id='line_1_13' title="bbox 401 1487 3111 1572; baseline 0 -20"><span class='ocrx_word' id='word_1_121' title='bbox 401 1493 574 1564; x_wconf 81' lang='lat' dir='ltr'><strong>rum“</strong></span> <span class='ocrx_word' id='word_1_122' title='bbox 621 1489 840 1551; x_wconf 89' lang='lat' dir='ltr'><strong>Libros</strong></span> <span class='ocrx_word' id='word_1_123' title='bbox 887 1490 999 1564; x_wconf 90' lang='lat' dir='ltr'><strong>IV,</strong></span> <span class='ocrx_word' id='word_1_124' title='bbox 1050 1490 1144 1553; x_wconf 89' lang='lat' dir='ltr'><strong>vel</strong></span> <span class='ocrx_word' id='word_1_125' title='bbox 1191 1489 1272 1550; x_wconf 87' lang='lat' dir='ltr'><strong>ad</strong></span> <span class='ocrx_word' id='word_1_126' title='bbox 1320 1487 1425 1551; x_wconf 85' lang='lat' dir='ltr'><strong>Ca</strong></span> <span class='ocrx_word' id='word_1_127' title='bbox 1445 1489 1656 1552; x_wconf 86' lang='lat' dir='ltr'><strong>rdani</strong></span> <span class='ocrx_word' id='word_1_128' title='bbox 1705 1490 2217 1554; x_wconf 76' lang='lat' dir='ltr'><strong>commentarium</strong></span> <span class='ocrx_word' id='word_1_129' title='bbox 2264 1494 2342 1554; x_wconf 88' lang='lat' dir='ltr'><strong>ad</strong></span> <span class='ocrx_word' id='word_1_130' title='bbox 2389 1494 2503 1554; x_wconf 87' lang='lat' dir='ltr'><strong>hoc</strong></span> <span class='ocrx_word' id='word_1_131' title='bbox 2548 1511 2716 1572; x_wconf 88' lang='lat' dir='ltr'><strong>opus,</strong></span> <span class='ocrx_word' id='word_1_132' title='bbox 2764 1493 2860 1554; x_wconf 80' lang='lat' dir='ltr'><strong>vel</strong></span> <span class='ocrx_word' id='word_1_133' title='bbox 2905 1492 3111 1571; x_wconf 87' lang='lat' dir='ltr'><strong>potis-</strong></span> 
     </span>
     <span class='ocr_line' id='line_1_14' title="bbox 403 1575 3105 1660; baseline 0.001 -22"><span class='ocrx_word' id='word_1_134' title='bbox 403 1579 618 1640; x_wconf 86' lang='lat' dir='ltr'><strong>simum</strong></span> <span class='ocrx_word' id='word_1_135' title='bbox 665 1578 742 1637; x_wconf 88' lang='lat' dir='ltr'><strong>ad</strong></span> <span class='ocrx_word' id='word_1_136' title='bbox 791 1575 1106 1657; x_wconf 88' lang='lat' dir='ltr'><strong>Origani</strong></span> <span class='ocrx_word' id='word_1_137' title='bbox 1149 1575 1584 1656; x_wconf 85' lang='lat' dir='ltr'><strong>Ephemerides</strong></span> <span class='ocrx_word' id='word_1_138' title='bbox 1634 1579 1945 1648; x_wconf 79' lang='lat' dir='ltr'><strong>(Francos.</strong></span> <span class='ocrx_word' id='word_1_139' title='bbox 2000 1576 2234 1654; x_wconf 81' lang='lat'><strong>1609),</strong></span> <span class='ocrx_word' id='word_1_140' title='bbox 2293 1581 2393 1660; x_wconf 88' lang='lat' dir='ltr'><strong>qui</strong></span> <span class='ocrx_word' id='word_1_141' title='bbox 2438 1579 2753 1660; x_wconf 75' lang='lat' dir='ltr'><strong>praemisit</strong></span> <span class='ocrx_word' id='word_1_142' title='bbox 2795 1580 2891 1642; x_wconf 84' lang='lat' dir='ltr'><strong>his</strong></span> <span class='ocrx_word' id='word_1_143' title='bbox 2936 1580 3105 1642; x_wconf 85' lang='lat' dir='ltr'><strong>inte-</strong></span> 
     </span>
     <span class='ocr_line' id='line_1_15' title="bbox 405 1663 3105 1817; baseline 0.001 -89"><span class='ocrx_word' id='word_1_144' title='bbox 405 1685 576 1817; x_wconf 58' lang='lat' dir='ltr'><strong>grum</strong></span> <span class='ocrx_word' id='word_1_145' title='bbox 631 1665 935 1740; x_wconf 84' lang='lat' dir='ltr'><strong>volumen,</strong></span> <span class='ocrx_word' id='word_1_146' title='bbox 1000 1666 1060 1726; x_wconf 91' lang='lat' dir='ltr'><strong>in</strong></span> <span class='ocrx_word' id='word_1_147' title='bbox 1123 1683 1238 1742; x_wconf 79' lang='lat' dir='ltr'><strong>qno</strong></span> <span class='ocrx_word' id='word_1_148' title='bbox 1303 1666 1378 1727; x_wconf 87' lang='lat' dir='ltr'><strong>de</strong></span> <span class='ocrx_word' id='word_1_149' title='bbox 1423 1664 1756 1744; x_wconf 85' lang='lat' dir='ltr'><strong>astrologia</strong></span> <span class='ocrx_word' id='word_1_150' title='bbox 1811 1667 2109 1745; x_wconf 85' lang='lat' dir='ltr'><strong>exquisite</strong></span> <span class='ocrx_word' id='word_1_151' title='bbox 2166 1675 2232 1729; x_wconf 91' lang='lat' dir='ltr'><strong>et</strong></span> <span class='ocrx_word' id='word_1_152' title='bbox 2288 1677 2569 1730; x_wconf 86' lang='lat' dir='ltr'><strong>accurate</strong></span> <span class='ocrx_word' id='word_1_153' title='bbox 2626 1667 2895 1749; x_wconf 79' lang='lat' dir='ltr'><strong>(paginis</strong></span> <span class='ocrx_word' id='word_1_154' title='bbox 2944 1663 3105 1740; x_wconf 82' lang='lat'>790)</span> 
     </span>
    </p>

    <p class='ocr_par' dir='ltr' id='par_1_4' title="bbox 447 1753 694 1833">
     <span class='ocr_line' id='line_1_16' title="bbox 447 1753 694 1833; baseline -0.008 -18"><span class='ocrx_word' id='word_1_155' title='bbox 447 1753 694 1833; x_wconf 86' lang='lat' dir='ltr'><strong>isputat.</strong></span> 
     </span>
    </p>
   </div>
   <div class='ocr_carea' id='block_1_3' title="bbox 389 1908 3169 4292">
    <p class='ocr_par' dir='ltr' id='par_1_5' title="bbox 400 1908 3113 2114">
     <span class='ocr_line' id='line_1_17' title="bbox 542 1908 3113 1978; baseline 0 -18"><span class='ocrx_word' id='word_1_156' title='bbox 542 1910 636 1960; x_wconf 86' lang='lat' dir='ltr'><strong>His</strong></span> <span class='ocrx_word' id='word_1_157' title='bbox 669 1908 952 1974; x_wconf 82' lang='lat' dir='ltr'><strong>praemissis</strong></span> <span class='ocrx_word' id='word_1_158' title='bbox 987 1909 1253 1958; x_wconf 71' lang='lat' dir='ltr'><strong>transimus</strong></span> <span class='ocrx_word' id='word_1_159' title='bbox 1290 1908 1356 1958; x_wconf 86' lang='lat' dir='ltr'><strong>ad</strong></span> <span class='ocrx_word' id='word_1_160' title='bbox 1394 1923 1484 1966; x_wconf 85' lang='lat' dir='ltr'><strong>ea,</strong></span> <span class='ocrx_word' id='word_1_161' title='bbox 1536 1922 1663 1972; x_wconf 86' lang='lat' dir='ltr'><strong>quae</strong></span> <span class='ocrx_word' id='word_1_162' title='bbox 1701 1908 1947 1973; x_wconf 82' lang='lat' dir='ltr'><strong>Keplerus</strong></span> <span class='ocrx_word' id='word_1_163' title='bbox 1986 1911 2091 1975; x_wconf 87' lang='lat' dir='ltr'><strong>egit</strong></span> <span class='ocrx_word' id='word_1_164' title='bbox 2140 1926 2253 1962; x_wconf 88' lang='lat' dir='ltr'><strong>cum</strong></span> <span class='ocrx_word' id='word_1_165' title='bbox 2291 1912 2465 1964; x_wconf 86' lang='lat' dir='ltr'><strong>amicis</strong></span> <span class='ocrx_word' id='word_1_166' title='bbox 2504 1912 2565 1962; x_wconf 86' lang='lat' dir='ltr'><strong>de</strong></span> <span class='ocrx_word' id='word_1_167' title='bbox 2601 1912 2746 1962; x_wconf 87' lang='lat' dir='ltr'><strong>rebus</strong></span> <span class='ocrx_word' id='word_1_168' title='bbox 2786 1911 3113 1978; x_wconf 69' lang='lat' dir='ltr'><strong>astrologicis,</strong></span> 
     </span>
     <span class='ocr_line' id='line_1_18' title="bbox 400 1979 3111 2048; baseline 0 -16"><span class='ocrx_word' id='word_1_169' title='bbox 400 1982 684 2046; x_wconf 81' lang='lat' dir='ltr'><strong>libellosque</strong></span> <span class='ocrx_word' id='word_1_170' title='bbox 721 1979 851 2042; x_wconf 86' lang='lat' dir='ltr'><strong>ipsos</strong></span> <span class='ocrx_word' id='word_1_171' title='bbox 867 2013 882 2036; x_wconf 83' lang='lat'><strong>.</strong></span> <span class='ocrx_word' id='word_1_172' title='bbox 939 1993 1060 2042; x_wconf 87' lang='lat' dir='ltr'><strong>quos</strong></span> <span class='ocrx_word' id='word_1_173' title='bbox 1097 1979 1159 2029; x_wconf 91' lang='lat' dir='ltr'><strong>de</strong></span> <span class='ocrx_word' id='word_1_174' title='bbox 1197 1979 1465 2048; x_wconf 83' lang='lat' dir='ltr'><strong>astrologia</strong></span> <span class='ocrx_word' id='word_1_175' title='bbox 1500 1979 1680 2044; x_wconf 85' lang='lat' dir='ltr'><strong>publici</strong></span> <span class='ocrx_word' id='word_1_176' title='bbox 1711 1981 1835 2042; x_wconf 81' lang='lat' dir='ltr'><strong>juris</strong></span> <span class='ocrx_word' id='word_1_177' title='bbox 1890 1981 2036 2039; x_wconf 82' lang='lat' dir='ltr'><strong>fecit,</strong></span> <span class='ocrx_word' id='word_1_178' title='bbox 2086 1984 2197 2046; x_wconf 89' lang='lat' dir='ltr'><strong>qui,</strong></span> <span class='ocrx_word' id='word_1_179' title='bbox 2246 1987 2303 2032; x_wconf 88' lang='lat' dir='ltr'><strong>ut</strong></span> <span class='ocrx_word' id='word_1_180' title='bbox 2351 1983 2559 2030; x_wconf 87' lang='lat' dir='ltr'><strong>diximus</strong></span> <span class='ocrx_word' id='word_1_181' title='bbox 2573 2017 2587 2038; x_wconf 92' lang='lat'><strong>,</strong></span> <span class='ocrx_word' id='word_1_182' title='bbox 2649 1983 2797 2045; x_wconf 83' lang='lat' dir='ltr'><strong>pauci</strong></span> <span class='ocrx_word' id='word_1_183' title='bbox 2835 1989 2977 2040; x_wconf 87' lang='lat' dir='ltr'><strong>sunt.</strong></span> <span class='ocrx_word' id='word_1_184' title='bbox 3032 1995 3111 2032; x_wconf 89' lang='lat' dir='ltr'><strong>re·</strong></span> 
     </span>
     <span class='ocr_line' id='line_1_19' title="bbox 403 2049 1568 2114; baseline -0.005 -11"><span class='ocrx_word' id='word_1_185' title='bbox 403 2065 654 2103; x_wconf 75' lang='lat' dir='ltr'><strong>servamus</strong></span> <span class='ocrx_word' id='word_1_186' title='bbox 691 2049 946 2099; x_wconf 87' lang='lat' dir='ltr'><strong>addendos</strong></span> <span class='ocrx_word' id='word_1_187' title='bbox 981 2050 1138 2100; x_wconf 86' lang='lat' dir='ltr'><strong>literis</strong></span> <span class='ocrx_word' id='word_1_188' title='bbox 1173 2049 1394 2114; x_wconf 78' lang='lat' dir='ltr'><strong>privatis.</strong></span> <span class='ocrx_word' id='word_1_189' title='bbox 1563 2103 1568 2108; x_wconf 54' lang='grc'><strong>,</strong></span> 
     </span>
    </p>

    <p class='ocr_par' dir='ltr' id='par_1_6' title="bbox 399 2116 3120 2949">
     <span class='ocr_line' id='line_1_20' title="bbox 544 2116 3113 2184; baseline -0.002 -12"><span class='ocrx_word' id='word_1_190' title='bbox 544 2120 998 2172; x_wconf 78' lang='lat' dir='ltr'><strong>calendarium</strong></span> <span class='ocrx_word' id='word_1_191' title='bbox 1033 2123 1154 2170; x_wconf 86' lang='lat' dir='ltr'><strong>anni</strong></span> <span class='ocrx_word' id='word_1_192' title='bbox 1193 2116 1330 2170; x_wconf 75' lang='lat'><strong>1595</strong></span> <span class='ocrx_word' id='word_1_193' title='bbox 1369 2120 1648 2184; x_wconf 84' lang='lat' dir='ltr'><strong>Tubingam</strong></span> <span class='ocrx_word' id='word_1_194' title='bbox 1683 2120 1818 2170; x_wconf 84' lang='lat' dir='ltr'><strong>misit</strong></span> <span class='ocrx_word' id='word_1_195' title='bbox 1856 2121 2121 2184; x_wconf 69' lang='grc' dir='ltr'><strong>Κορῐοω,</strong></span> <span class='ocrx_word' id='word_1_196' title='bbox 2160 2121 2533 2172; x_wconf 73' lang='lat' dir='ltr'><strong>Haestlino</strong></span> <span class='ocrx_word' id='word_1_197' title='bbox 2568 2120 2649 2170; x_wconf 86' lang='lat' dir='ltr'><strong>die</strong></span> <span class='ocrx_word' id='word_1_198' title='bbox 2686 2117 2773 2169; x_wconf 74' lang='lat'><strong>2⁹.</strong></span> <span class='ocrx_word' id='word_1_199' title='bbox 2802 2119 2913 2171; x_wconf 87' lang='lat' dir='ltr'><strong>Oct.</strong></span> <span class='ocrx_word' id='word_1_200' title='bbox 2954 2117 3113 2178; x_wconf 76' lang='lat'><strong>1⁵04,</strong></span> 
     </span>
     <span class='ocr_line' id='line_1_21' title="bbox 404 2190 3117 2255; baseline 0 -11"><span class='ocrx_word' id='word_1_201' title='bbox 404 2195 464 2244; x_wconf 86' lang='lat' dir='ltr'><strong>de</strong></span> <span class='ocrx_word' id='word_1_202' title='bbox 505 2198 675 2252; x_wconf 86' lang='lat' dir='ltr'><strong>„statu</strong></span> <span class='ocrx_word' id='word_1_203' title='bbox 711 2203 872 2240; x_wconf 84' lang='lat' dir='ltr'><strong>rerum</strong></span> <span class='ocrx_word' id='word_1_204' title='bbox 907 2191 1140 2240; x_wconf 79' lang='lat' dir='ltr'><strong>suarum⁴⁴</strong></span> <span class='ocrx_word' id='word_1_205' title='bbox 1179 2191 1502 2254; x_wconf 80' lang='lat' dir='ltr'><strong>perscribens,</strong></span> <span class='ocrx_word' id='word_1_206' title='bbox 1543 2191 1608 2238; x_wconf 87' lang='lat' dir='ltr'><strong>ab</strong></span> <span class='ocrx_word' id='word_1_207' title='bbox 1635 2205 1789 2254; x_wconf 87' lang='lat' dir='ltr'><strong>eoque</strong></span> <span class='ocrx_word' id='word_1_208' title='bbox 1813 2197 2006 2255; x_wconf 78' lang='lat' dir='ltr'><strong>petens,</strong></span> <span class='ocrx_word' id='word_1_209' title='bbox 2042 2197 2102 2241; x_wconf 85' lang='lat' dir='ltr'><strong>ut</strong></span> <span class='ocrx_word' id='word_1_210' title='bbox 2140 2191 2477 2254; x_wconf 74' lang='lat' dir='ltr'><strong>¹,exemplaria</strong></span> <span class='ocrx_word' id='word_1_211' title='bbox 2514 2190 2799 2242; x_wconf 80' lang='lat' dir='ltr'><strong>Calendarii</strong></span> <span class='ocrx_word' id='word_1_212' title='bbox 2837 2205 2870 2240; x_wconf 88' lang='lat' dir='ltr'><strong>a</strong></span> <span class='ocrx_word' id='word_1_213' title='bbox 2902 2205 2957 2241; x_wconf 89' lang='lat' dir='ltr'><strong>se</strong></span> <span class='ocrx_word' id='word_1_214' title='bbox 2995 2191 3117 2244; x_wconf 77' lang='lat' dir='ltr'><strong>editi</strong></span> 
     </span>
     <span class='ocr_line' id='line_1_22' title="bbox 405 2257 3115 2329; baseline -0.001 -15"><span class='ocrx_word' id='word_1_215' title='bbox 405 2265 480 2320; x_wconf 86' lang='lat' dir='ltr'><strong>iis,</strong></span> <span class='ocrx_word' id='word_1_216' title='bbox 540 2263 716 2329; x_wconf 84' lang='lat' dir='ltr'><strong>quibus</strong></span> <span class='ocrx_word' id='word_1_217' title='bbox 752 2261 990 2324; x_wconf 86' lang='lat' dir='ltr'><strong>inscripta</strong></span> <span class='ocrx_word' id='word_1_218' title='bbox 1027 2266 1221 2318; x_wconf 81' lang='lat' dir='ltr'><strong>erant‚“</strong></span> <span class='ocrx_word' id='word_1_219' title='bbox 1265 2261 1593 2311; x_wconf 81' lang='lat' dir='ltr'><strong>distribueret.</strong></span> <span class='ocrx_word' id='word_1_220' title='bbox 1669 2260 1873 2312; x_wconf 86' lang='lat' dir='ltr'><strong>Literae</strong></span> <span class='ocrx_word' id='word_1_221' title='bbox 1909 2262 2028 2321; x_wconf 85' lang='lat' dir='ltr'><strong>hae.</strong></span> <span class='ocrx_word' id='word_1_222' title='bbox 2067 2263 2241 2325; x_wconf 85' lang='lat' dir='ltr'><strong>quibus</strong></span> <span class='ocrx_word' id='word_1_223' title='bbox 2272 2261 2520 2324; x_wconf 83' lang='lat' dir='ltr'><strong>Keplerus</strong></span> <span class='ocrx_word' id='word_1_224' title='bbox 2556 2261 2755 2314; x_wconf 80' lang='lat' dir='ltr'><strong>initium</strong></span> <span class='ocrx_word' id='word_1_225' title='bbox 2790 2261 2912 2312; x_wconf 79' lang='lat' dir='ltr'><strong>fecit</strong></span> <span class='ocrx_word' id='word_1_226' title='bbox 2946 2257 3115 2312; x_wconf 82' lang='lat' dir='ltr'><strong>litera·</strong></span> 
     </span>
     <span class='ocr_line' id='line_1_23' title="bbox 401 2328 3113 2396; baseline -0.001 -12"><span class='ocrx_word' id='word_1_227' title='bbox 401 2349 510 2384; x_wconf 87' lang='lat' dir='ltr'><strong>rum</strong></span> <span class='ocrx_word' id='word_1_228' title='bbox 559 2333 834 2383; x_wconf 86' lang='lat' dir='ltr'><strong>dandarum</strong></span> <span class='ocrx_word' id='word_1_229' title='bbox 884 2332 1374 2394; x_wconf 87' lang='lat' dir='ltr'><strong>recipiendarumque</strong></span> <span class='ocrx_word' id='word_1_230' title='bbox 1411 2345 1522 2380; x_wconf 88' lang='lat' dir='ltr'><strong>cum</strong></span> <span class='ocrx_word' id='word_1_231' title='bbox 1567 2328 1853 2388; x_wconf 81' lang='lat' dir='ltr'><strong>Maestlino,</strong></span> <span class='ocrx_word' id='word_1_232' title='bbox 1921 2333 1973 2380; x_wconf 88' lang='lat' dir='ltr'><strong>in</strong></span> <span class='ocrx_word' id='word_1_233' title='bbox 2030 2332 2321 2382; x_wconf 83' lang='lat' dir='ltr'><strong>collectione</strong></span> <span class='ocrx_word' id='word_1_234' title='bbox 2376 2332 2819 2393; x_wconf 83' lang='lat' dir='ltr'><strong>manuscriptorum</strong></span> <span class='ocrx_word' id='word_1_235' title='bbox 2862 2329 3113 2396; x_wconf 82' lang='lat' dir='ltr'><strong>Stuttgar-</strong></span> 
     </span>
     <span class='ocr_line' id='line_1_24' title="bbox 399 2395 3111 2466; baseline -0.001 -12"><span class='ocrx_word' id='word_1_236' title='bbox 399 2405 547 2454; x_wconf 84' lang='lat' dir='ltr'><strong>tiensi</strong></span> <span class='ocrx_word' id='word_1_237' title='bbox 586 2401 764 2466; x_wconf 86' lang='lat' dir='ltr'><strong>(comp.</strong></span> <span class='ocrx_word' id='word_1_238' title='bbox 802 2417 852 2464; x_wconf 88' lang='lat' dir='ltr'><strong>p.</strong></span> <span class='ocrx_word' id='word_1_239' title='bbox 893 2399 970 2460; x_wconf 84' lang='grc'><strong>7.)</strong></span> <span class='ocrx_word' id='word_1_240' title='bbox 1008 2402 1202 2452; x_wconf 86' lang='lat' dir='ltr'><strong>desunt.</strong></span> <span class='ocrx_word' id='word_1_241' title='bbox 1277 2399 1666 2465; x_wconf 84' lang='lat' dir='ltr'><strong>Responsioncm</strong></span> <span class='ocrx_word' id='word_1_242' title='bbox 1712 2417 1826 2450; x_wconf 79' lang='lat' dir='ltr'><strong>vero</strong></span> <span class='ocrx_word' id='word_1_243' title='bbox 1878 2401 2215 2452; x_wconf 84' lang='lat' dir='ltr'><strong>Maestlinl</strong></span> <span class='ocrx_word' id='word_1_244' title='bbox 2266 2401 2465 2451; x_wconf 81' lang='lat' dir='ltr'><strong>exhibet</strong></span> <span class='ocrx_word' id='word_1_245' title='bbox 2506 2395 2793 2451; x_wconf 82' lang='lat' dir='ltr'><strong>Hanschius</strong></span> <span class='ocrx_word' id='word_1_246' title='bbox 2839 2413 2885 2464; x_wconf 87' lang='lat' dir='ltr'><strong>p.</strong></span> <span class='ocrx_word' id='word_1_247' title='bbox 2927 2397 2977 2449; x_wconf 82' lang='lat'><strong>1.</strong></span> <span class='ocrx_word' id='word_1_248' title='bbox 3027 2400 3111 2451; x_wconf 86' lang='lat' dir='ltr'><strong>de·</strong></span> 
     </span>
     <span class='ocr_line' id='line_1_25' title="bbox 403 2469 3117 2535; baseline -0.002 -11"><span class='ocrx_word' id='word_1_249' title='bbox 403 2481 620 2524; x_wconf 85' lang='lat' dir='ltr'><strong>sumtam</strong></span> <span class='ocrx_word' id='word_1_250' title='bbox 657 2488 686 2521; x_wconf 88' lang='lat' dir='ltr'><strong>e</strong></span> <span class='ocrx_word' id='word_1_251' title='bbox 722 2472 833 2520; x_wconf 83' lang='lat' dir='ltr'><strong>Vol.</strong></span> <span class='ocrx_word' id='word_1_252' title='bbox 863 2471 988 2521; x_wconf 76' lang='lat' dir='ltr'><strong>Mas.</strong></span> <span class='ocrx_word' id='word_1_253' title='bbox 1027 2473 1258 2522; x_wconf 80' lang='lat' dir='ltr'><strong>Viennae</strong></span> <span class='ocrx_word' id='word_1_254' title='bbox 1305 2477 1590 2522; x_wconf 77' lang='lat' dir='ltr'><strong>conservato</strong></span> <span class='ocrx_word' id='word_1_255' title='bbox 1639 2469 1774 2532; x_wconf 78' lang='lat' dir='ltr'><strong>(vide</strong></span> <span class='ocrx_word' id='word_1_256' title='bbox 1810 2486 1961 2535; x_wconf 87' lang='lat' dir='ltr'><strong>supra</strong></span> <span class='ocrx_word' id='word_1_257' title='bbox 2006 2485 2055 2534; x_wconf 89' lang='lat' dir='ltr'><strong>p.</strong></span> <span class='ocrx_word' id='word_1_258' title='bbox 2096 2471 2126 2520; x_wconf 85' lang='grc'><strong>7</strong></span> <span class='ocrx_word' id='word_1_259' title='bbox 2164 2477 2219 2521; x_wconf 85' lang='lat' dir='ltr'><strong>et</strong></span> <span class='ocrx_word' id='word_1_260' title='bbox 2254 2469 2384 2532; x_wconf 55' lang='grc' dir='ltr'><strong>θα).</strong></span> <span class='ocrx_word' id='word_1_261' title='bbox 2458 2471 2773 2534; x_wconf 82' lang='lat' dir='ltr'><strong>Exemplaria</strong></span> <span class='ocrx_word' id='word_1_262' title='bbox 2815 2469 3117 2527; x_wconf 75' lang='lat' dir='ltr'><strong>Galmdarii.</strong></span> 
     </span>
     <span class='ocr_line' id='line_1_26' title="bbox 402 2539 3118 2606; baseline -0.001 -12"><span class='ocrx_word' id='word_1_263' title='bbox 402 2545 574 2596; x_wconf 85' lang='lat' dir='ltr'><strong>scribit</strong></span> <span class='ocrx_word' id='word_1_264' title='bbox 621 2542 939 2600; x_wconf 78' lang='lat' dir='ltr'><strong>&#39;Maestlinus,</strong></span> <span class='ocrx_word' id='word_1_265' title='bbox 995 2556 1030 2593; x_wconf 87' lang='lat' dir='ltr'><strong>a</strong></span> <span class='ocrx_word' id='word_1_266' title='bbox 1063 2548 1115 2592; x_wconf 90' lang='lat' dir='ltr'><strong>te</strong></span> <span class='ocrx_word' id='word_1_267' title='bbox 1153 2543 1274 2592; x_wconf 88' lang='lat' dir='ltr'><strong>editi</strong></span> <span class='ocrx_word' id='word_1_268' title='bbox 1329 2543 1552 2592; x_wconf 84' lang='lat' dir='ltr'><strong>distribui</strong></span> <span class='ocrx_word' id='word_1_269' title='bbox 1605 2543 1690 2598; x_wconf 88' lang='lat' dir='ltr'><strong>iis,</strong></span> <span class='ocrx_word' id='word_1_270' title='bbox 1747 2543 1921 2606; x_wconf 87' lang='lat' dir='ltr'><strong>quibus</strong></span> <span class='ocrx_word' id='word_1_271' title='bbox 1974 2543 2211 2606; x_wconf 79' lang='lat' dir='ltr'><strong>inscripta</strong></span> <span class='ocrx_word' id='word_1_272' title='bbox 2264 2545 2423 2592; x_wconf 82' lang='lat' dir='ltr'><strong>erant.</strong></span> <span class='ocrx_word' id='word_1_273' title='bbox 2499 2541 2577 2590; x_wconf 85' lang='lat' dir='ltr'><strong>Ea</strong></span> <span class='ocrx_word' id='word_1_274' title='bbox 2634 2539 2783 2606; x_wconf 81' lang='lat' dir='ltr'><strong>longe</strong></span> <span class='ocrx_word' id='word_1_275' title='bbox 2834 2543 3118 2604; x_wconf 81' lang='lat' dir='ltr'><strong>gratissima</strong></span> 
     </span>
     <span class='ocr_line' id='line_1_27' title="bbox 401 2613 3117 2677; baseline -0.003 -11"><span class='ocrx_word' id='word_1_276' title='bbox 401 2617 630 2671; x_wconf 82' lang='lat' dir='ltr'><strong>fuerunt,</strong></span> <span class='ocrx_word' id='word_1_277' title='bbox 674 2615 768 2662; x_wconf 87' lang='lat' dir='ltr'><strong>nisi</strong></span> <span class='ocrx_word' id='word_1_278' title='bbox 806 2614 936 2677; x_wconf 87' lang='lat' dir='ltr'><strong>quod</strong></span> <span class='ocrx_word' id='word_1_279' title='bbox 971 2629 1152 2664; x_wconf 78' lang='lat' dir='ltr'><strong>novum</strong></span> <span class='ocrx_word' id='word_1_280' title='bbox 1197 2613 1380 2673; x_wconf 85' lang='lat' dir='ltr'><strong>stilum,</strong></span> <span class='ocrx_word' id='word_1_281' title='bbox 1435 2613 1568 2675; x_wconf 87' lang='lat' dir='ltr'><strong>apud</strong></span> <span class='ocrx_word' id='word_1_282' title='bbox 1603 2627 1691 2662; x_wconf 86' lang='lat' dir='ltr'><strong>nos</strong></span> <span class='ocrx_word' id='word_1_283' title='bbox 1735 2613 2027 2662; x_wconf 84' lang='lat' dir='ltr'><strong>inusitatum</strong></span> <span class='ocrx_word' id='word_1_284' title='bbox 2040 2647 2057 2670; x_wconf 87' lang='lat'>‚</span> <span class='ocrx_word' id='word_1_285' title='bbox 2104 2627 2215 2662; x_wconf 87' lang='lat' dir='ltr'><strong>cum</strong></span> <span class='ocrx_word' id='word_1_286' title='bbox 2261 2613 2415 2662; x_wconf 80' lang='lat' dir='ltr'><strong>veteri</strong></span> <span class='ocrx_word' id='word_1_287' title='bbox 2450 2617 2615 2660; x_wconf 88' lang='lat' dir='ltr'><strong>nostro</strong></span> <span class='ocrx_word' id='word_1_288' title='bbox 2662 2613 2981 2672; x_wconf 82' lang='lat' dir='ltr'><strong>conjunctum</strong></span> <span class='ocrx_word' id='word_1_289' title='bbox 3016 2625 3117 2660; x_wconf 90' lang='lat' dir='ltr'><strong>non</strong></span> 
     </span>
     <span class='ocr_line' id='line_1_28' title="bbox 399 2681 3117 2748; baseline -0.003 -11"><span class='ocrx_word' id='word_1_290' title='bbox 399 2686 604 2736; x_wconf 86' lang='lat' dir='ltr'><strong>habent.</strong></span> <span class='ocrx_word' id='word_1_291' title='bbox 679 2685 878 2732; x_wconf 82' lang='lat' dir='ltr'><strong>Gratias</strong></span> <span class='ocrx_word' id='word_1_292' title='bbox 914 2698 1018 2733; x_wconf 89' lang='lat' dir='ltr'><strong>una</strong></span> <span class='ocrx_word' id='word_1_293' title='bbox 1052 2697 1249 2732; x_wconf 88' lang='lat' dir='ltr'><strong>mecum</strong></span> <span class='ocrx_word' id='word_1_294' title='bbox 1286 2689 1444 2748; x_wconf 86' lang='lat' dir='ltr'><strong>agunt</strong></span> <span class='ocrx_word' id='word_1_295' title='bbox 1479 2683 1721 2734; x_wconf 82' lang='lat' dir='ltr'><strong>maximas</strong></span> <span class='ocrx_word' id='word_1_296' title='bbox 1757 2689 1905 2746; x_wconf 86' lang='lat' dir='ltr'><strong>teque</strong></span> <span class='ocrx_word' id='word_1_297' title='bbox 1942 2685 1992 2732; x_wconf 89' lang='lat' dir='ltr'><strong>in</strong></span> <span class='ocrx_word' id='word_1_298' title='bbox 2030 2684 2245 2732; x_wconf 87' lang='lat' dir='ltr'><strong>statione</strong></span> <span class='ocrx_word' id='word_1_299' title='bbox 2281 2683 2369 2732; x_wconf 88' lang='lat' dir='ltr'><strong>illa</strong></span> <span class='ocrx_word' id='word_1_300' title='bbox 2404 2689 2496 2731; x_wconf 88' lang='lat' dir='ltr'><strong>tua</strong></span> <span class='ocrx_word' id='word_1_301' title='bbox 2530 2695 2735 2746; x_wconf 78' lang='lat' dir='ltr'><strong>pergere</strong></span> <span class='ocrx_word' id='word_1_302' title='bbox 2767 2681 2970 2744; x_wconf 78' lang='lat' dir='ltr'><strong>jubent.</strong></span> <span class='ocrx_word' id='word_1_303' title='bbox 3022 2692 3117 2730; x_wconf 87' lang='lat' dir='ltr'><strong>nec</strong></span> 
     </span>
     <span class='ocr_line' id='line_1_29' title="bbox 401 2751 3117 2820; baseline -0.002 -13"><span class='ocrx_word' id='word_1_304' title='bbox 401 2757 604 2808; x_wconf 86' lang='lat' dir='ltr'><strong>dubium</strong></span> <span class='ocrx_word' id='word_1_305' title='bbox 641 2761 746 2813; x_wconf 81' lang='lat' dir='ltr'><strong>est,</strong></span> <span class='ocrx_word' id='word_1_306' title='bbox 785 2755 903 2818; x_wconf 77' lang='lat' dir='ltr'><strong>quin</strong></span> <span class='ocrx_word' id='word_1_307' title='bbox 939 2769 1032 2819; x_wconf 88' lang='lat' dir='ltr'><strong>ope</strong></span> <span class='ocrx_word' id='word_1_308' title='bbox 1071 2755 1235 2804; x_wconf 76' lang='lat' dir='ltr'><strong>divina</strong></span> <span class='ocrx_word' id='word_1_309' title='bbox 1271 2751 1506 2818; x_wconf 79' lang='lat' dir='ltr'><strong>Spartam</strong></span> <span class='ocrx_word' id='word_1_310' title='bbox 1541 2759 1680 2803; x_wconf 87' lang='lat' dir='ltr'><strong>tuam</strong></span> <span class='ocrx_word' id='word_1_311' title='bbox 1717 2755 1919 2820; x_wconf 76' lang='lat' dir='ltr'><strong>egregie</strong></span> <span class='ocrx_word' id='word_1_312' title='bbox 1954 2755 2021 2803; x_wconf 86' lang='lat' dir='ltr'><strong>sis</strong></span> <span class='ocrx_word' id='word_1_313' title='bbox 2058 2760 2394 2805; x_wconf 83' lang='lat' dir='ltr'><strong>exomaturus.</strong></span> <span class='ocrx_word' id='word_1_314' title='bbox 2436 2789 2449 2803; x_wconf 92' lang='lat'><strong>.</strong></span> <span class='ocrx_word' id='word_1_315' title='bbox 2479 2785 2493 2802; x_wconf 86' lang='lat'><strong>.</strong></span> <span class='ocrx_word' id='word_1_316' title='bbox 2523 2785 2538 2801; x_wconf 88' lang='lat'><strong>.</strong></span> <span class='ocrx_word' id='word_1_317' title='bbox 2587 2752 2781 2803; x_wconf 81' lang='lat' dir='ltr'><strong>Thema</strong></span> <span class='ocrx_word' id='word_1_318' title='bbox 2816 2751 2983 2803; x_wconf 77' lang='lat' dir='ltr'><strong>affluis</strong></span> <span class='ocrx_word' id='word_1_319' title='bbox 3017 2752 3117 2801; x_wconf 87' lang='lat' dir='ltr'><strong>mei</strong></span> 
     </span>
     <span class='ocr_line' id='line_1_30' title="bbox 399 2822 3120 2947; baseline -0.003 -68"><span class='ocrx_word' id='word_1_320' title='bbox 399 2827 448 2879; x_wconf 78' lang='lat' dir='ltr'><strong>J.</strong></span> <span class='ocrx_word' id='word_1_321' title='bbox 475 2828 532 2877; x_wconf 88' lang='lat' dir='ltr'><strong>C.</strong></span> <span class='ocrx_word' id='word_1_322' title='bbox 558 2824 868 2947; x_wconf 41' lang='lat'><strong>32:¹¹¹&amp;</strong></span> <span class='ocrx_word' id='word_1_323' title='bbox 903 2825 1120 2877; x_wconf 85' lang='lat' dir='ltr'><strong>nondum</strong></span> <span class='ocrx_word' id='word_1_324' title='bbox 1157 2827 1354 2875; x_wconf 84' lang='lat' dir='ltr'><strong>omnino</strong></span> <span class='ocrx_word' id='word_1_325' title='bbox 1377 2825 1581 2889; x_wconf 85' lang='lat' dir='ltr'><strong>perlegi,</strong></span> <span class='ocrx_word' id='word_1_326' title='bbox 1620 2838 1714 2875; x_wconf 87' lang='lat' dir='ltr'><strong>nec</strong></span> <span class='ocrx_word' id='word_1_327' title='bbox 1735 2825 1897 2875; x_wconf 84' lang='lat' dir='ltr'><strong>adhuc</strong></span> <span class='ocrx_word' id='word_1_328' title='bbox 1924 2838 2095 2875; x_wconf 84' lang='lat' dir='ltr'><strong>socero</strong></span> <span class='ocrx_word' id='word_1_329' title='bbox 2120 2840 2231 2875; x_wconf 87' lang='lat' dir='ltr'><strong>meo</strong></span> <span class='ocrx_word' id='word_1_330' title='bbox 2256 2825 2465 2875; x_wconf 80' lang='lat' dir='ltr'><strong>exhibui.</strong></span> <span class='ocrx_word' id='word_1_331' title='bbox 2540 2822 2589 2872; x_wconf 90' lang='lat' dir='ltr'><strong>Is</strong></span> <span class='ocrx_word' id='word_1_332' title='bbox 2613 2823 2697 2873; x_wconf 84' lang='lat' dir='ltr'><strong>ubi</strong></span> <span class='ocrx_word' id='word_1_333' title='bbox 2722 2835 2855 2872; x_wconf 87' lang='lat' dir='ltr'><strong>nunc</strong></span> <span class='ocrx_word' id='word_1_334' title='bbox 2896 2829 3120 2872; x_wconf 81' lang='lat' dir='ltr'><strong>versetur</strong></span> 
     </span>
     <span class='ocr_line' id='line_1_31' title="bbox 403 2913 699 2949; baseline -0.024 0"><span class='ocrx_word' id='word_1_335' title='bbox 403 2913 572 2949; x_wconf 73' lang='lat' dir='ltr'><strong>nescio</strong></span> <span class='ocrx_word' id='word_1_336' title='bbox 685 2930 699 2942; x_wconf 93' lang='lat'><strong>.</strong></span> 
     </span>
    </p>

    <p class='ocr_par' dir='ltr' id='par_1_7' title="bbox 389 2960 3119 3243">
     <span class='ocr_line' id='line_1_32' title="bbox 544 2960 3119 3030; baseline -0.002 -12"><span class='ocrx_word' id='word_1_337' title='bbox 544 2968 691 3029; x_wconf 74' lang='lat' dir='ltr'><strong>Quae</strong></span> <span class='ocrx_word' id='word_1_338' title='bbox 741 2968 808 3017; x_wconf 82' lang='lat' dir='ltr'><strong>ad</strong></span> <span class='ocrx_word' id='word_1_339' title='bbox 856 2966 948 3017; x_wconf 81' lang='lat' dir='ltr'><strong>has</strong></span> <span class='ocrx_word' id='word_1_340' title='bbox 983 2964 1237 3015; x_wconf 77' lang='lat' dir='ltr'><strong>Maestliai</strong></span> <span class='ocrx_word' id='word_1_341' title='bbox 1290 2965 1460 3015; x_wconf 78' lang='lat' dir='ltr'><strong>literas</strong></span> <span class='ocrx_word' id='word_1_342' title='bbox 1507 2966 1760 3027; x_wconf 74' lang='lat' dir='ltr'><strong>respondis</strong></span> <span class='ocrx_word' id='word_1_343' title='bbox 1792 2964 2067 3028; x_wconf 79' lang='lat' dir='ltr'><strong>Keplerus,</strong></span> <span class='ocrx_word' id='word_1_344' title='bbox 2126 2964 2360 3030; x_wconf 68' lang='lat' dir='ltr'><strong>leguntur</strong></span> <span class='ocrx_word' id='word_1_345' title='bbox 2408 2976 2560 3027; x_wconf 80' lang='lat' dir='ltr'><strong>supra</strong></span> <span class='ocrx_word' id='word_1_346' title='bbox 2603 2978 2653 3026; x_wconf 80' lang='lat' dir='ltr'><strong>p.</strong></span> <span class='ocrx_word' id='word_1_347' title='bbox 2691 2960 2753 3021; x_wconf 82' lang='lat'><strong>⁷,</strong></span> <span class='ocrx_word' id='word_1_348' title='bbox 2798 2964 2853 3011; x_wconf 88' lang='lat' dir='ltr'><strong>in</strong></span> <span class='ocrx_word' id='word_1_349' title='bbox 2896 2973 2997 3027; x_wconf 73' lang='lat' dir='ltr'><strong>qua</strong></span> <span class='ocrx_word' id='word_1_350' title='bbox 3030 2974 3119 3013; x_wconf 86' lang='lat' dir='ltr'><strong>re-</strong></span> 
     </span>
     <span class='ocr_line' id='line_1_33' title="bbox 399 3030 3117 3103; baseline -0.001 -16"><span class='ocrx_word' id='word_1_351' title='bbox 399 3040 662 3103; x_wconf 76' lang='lat' dir='ltr'><strong>sponsione</strong></span> <span class='ocrx_word' id='word_1_352' title='bbox 715 3036 988 3102; x_wconf 81' lang='lat' dir='ltr'><strong>Keplerum</strong></span> <span class='ocrx_word' id='word_1_353' title='bbox 1033 3034 1442 3099; x_wconf 64' lang='lat' dir='ltr'><strong>deprehendimus</strong></span> <span class='ocrx_word' id='word_1_354' title='bbox 1490 3036 1871 3087; x_wconf 73' lang='lat' dir='ltr'><strong>divinationibus</strong></span> <span class='ocrx_word' id='word_1_355' title='bbox 1924 3036 2027 3085; x_wconf 86' lang='lat' dir='ltr'><strong>suis</strong></span> <span class='ocrx_word' id='word_1_356' title='bbox 2078 3035 2142 3085; x_wconf 85' lang='lat' dir='ltr'><strong>de</strong></span> <span class='ocrx_word' id='word_1_357' title='bbox 2200 3041 2501 3097; x_wconf 72' lang='lat' dir='ltr'><strong>tes-pestate</strong></span> <span class='ocrx_word' id='word_1_358' title='bbox 2552 3034 2673 3083; x_wconf 82' lang='lat' dir='ltr'><strong>anni</strong></span> <span class='ocrx_word' id='word_1_359' title='bbox 2724 3030 2863 3083; x_wconf 75' lang='lat'>1595</span> <span class='ocrx_word' id='word_1_360' title='bbox 2910 3038 3117 3085; x_wconf 67' lang='lat' dir='ltr'><strong>ceum·</strong></span> 
     </span>
     <span class='ocr_line' id='line_1_34' title="bbox 389 3102 3117 3169; baseline -0.003 -9"><span class='ocrx_word' id='word_1_361' title='bbox 389 3106 539 3167; x_wconf 49' lang='lat' dir='ltr'><strong>&#39;tuum</strong></span> <span class='ocrx_word' id='word_1_362' title='bbox 587 3108 909 3159; x_wconf 71' lang='lat' dir='ltr'><strong>scribentem:</strong></span> <span class='ocrx_word' id='word_1_363' title='bbox 961 3108 1122 3169; x_wconf 82' lang='lat' dir='ltr'><strong>ipsum</strong></span> <span class='ocrx_word' id='word_1_364' title='bbox 1157 3106 1355 3169; x_wconf 71' lang='lat' dir='ltr'><strong>quides-</strong></span> <span class='ocrx_word' id='word_1_365' title='bbox 1391 3104 1744 3157; x_wconf 81' lang='lat' dir='ltr'><strong>Calendarium</strong></span> <span class='ocrx_word' id='word_1_366' title='bbox 1781 3106 1945 3157; x_wconf 82' lang='lat' dir='ltr'><strong>adhuc</strong></span> <span class='ocrx_word' id='word_1_367' title='bbox 1982 3102 2093 3166; x_wconf 80' lang='lat'><strong>(18.</strong></span> <span class='ocrx_word' id='word_1_368' title='bbox 2128 3102 2275 3167; x_wconf 66' lang='lat' dir='ltr'><strong>Ian.)</strong></span> <span class='ocrx_word' id='word_1_369' title='bbox 2314 3113 2506 3155; x_wconf 70' lang='lat' dir='ltr'><strong>carmin</strong></span> <span class='ocrx_word' id='word_1_370' title='bbox 2543 3110 2637 3153; x_wconf 87' lang='lat' dir='ltr'><strong>est.</strong></span> <span class='ocrx_word' id='word_1_371' title='bbox 2712 3103 2885 3168; x_wconf 81' lang='lat' dir='ltr'><strong>Frigus</strong></span> <span class='ocrx_word' id='word_1_372' title='bbox 2920 3102 3117 3155; x_wconf 67' lang='lat' dir='ltr'><strong>haudi-</strong></span> 
     </span>
     <span class='ocr_line' id='line_1_35' title="bbox 406 3170 3063 3243; baseline -0.004 -13"><span class='ocrx_word' id='word_1_373' title='bbox 406 3187 512 3231; x_wconf 82' lang='lat' dir='ltr'><strong>tnm</strong></span> <span class='ocrx_word' id='word_1_374' title='bbox 545 3181 598 3229; x_wconf 86' lang='lat' dir='ltr'><strong>in</strong></span> <span class='ocrx_word' id='word_1_375' title='bbox 633 3178 714 3229; x_wconf 77' lang='lat' dir='ltr'><strong>his</strong></span> <span class='ocrx_word' id='word_1_376' title='bbox 747 3177 1032 3243; x_wconf 82' lang='lat' dir='ltr'><strong>regionibus</strong></span> <span class='ocrx_word' id='word_1_377' title='bbox 1068 3174 1158 3227; x_wconf 67' lang='lat' dir='ltr'><strong>duc.</strong></span> <span class='ocrx_word' id='word_1_378' title='bbox 1213 3214 1226 3219; x_wconf 90' lang='lat'><em>-</em></span> <span class='ocrx_word' id='word_1_379' title='bbox 3058 3170 3063 3175; x_wconf 80' lang='grc'><em>’</em></span> 
     </span>
    </p>

    <p class='ocr_par' dir='ltr' id='par_1_8' title="bbox 401 3242 3169 4292">
     <span class='ocr_line' id='line_1_36' title="bbox 547 3242 3117 3309; baseline -0.003 -8"><span class='ocrx_word' id='word_1_380' title='bbox 547 3250 731 3301; x_wconf 87' lang='lat' dir='ltr'><strong>Iisdem</strong></span> <span class='ocrx_word' id='word_1_381' title='bbox 792 3248 856 3297; x_wconf 89' lang='lat' dir='ltr'><strong>ad</strong></span> <span class='ocrx_word' id='word_1_382' title='bbox 903 3246 1226 3297; x_wconf 78' lang='lat' dir='ltr'><strong>Maestlinum</strong></span> <span class='ocrx_word' id='word_1_383' title='bbox 1279 3246 1410 3295; x_wconf 81' lang='lat' dir='ltr'><strong>datis</strong></span> <span class='ocrx_word' id='word_1_384' title='bbox 1463 3245 1619 3295; x_wconf 83' lang='lat' dir='ltr'><strong>literis</strong></span> <span class='ocrx_word' id='word_1_385' title='bbox 1674 3246 1903 3307; x_wconf 67' lang='lat' dir='ltr'><strong>adjunxit</strong></span> <span class='ocrx_word' id='word_1_386' title='bbox 1952 3244 2197 3309; x_wconf 79' lang='lat' dir='ltr'><strong>Keplerus</strong></span> <span class='ocrx_word' id='word_1_387' title='bbox 2256 3245 2427 3295; x_wconf 81' lang='lat' dir='ltr'><strong>literas</strong></span> <span class='ocrx_word' id='word_1_388' title='bbox 2478 3244 2543 3294; x_wconf 82' lang='lat' dir='ltr'><strong>ad</strong></span> <span class='ocrx_word' id='word_1_389' title='bbox 2590 3242 2714 3293; x_wconf 86' lang='lat' dir='ltr'><strong>alios</strong></span> <span class='ocrx_word' id='word_1_390' title='bbox 2769 3243 2883 3292; x_wconf 90' lang='lat' dir='ltr'><strong>olim</strong></span> <span class='ocrx_word' id='word_1_391' title='bbox 2942 3254 3117 3307; x_wconf 79' lang='lat' dir='ltr'><strong>„prae-</strong></span> 
     </span>
     <span class='ocr_line' id='line_1_37' title="bbox 407 3312 3115 3384; baseline -0.003 -13"><span class='ocrx_word' id='word_1_392' title='bbox 407 3318 661 3384; x_wconf 75' lang='lat' dir='ltr'><strong>ceptores⁸⁴</strong></span> <span class='ocrx_word' id='word_1_393' title='bbox 739 3332 886 3375; x_wconf 85' lang='lat' dir='ltr'><strong>suos,</strong></span> <span class='ocrx_word' id='word_1_394' title='bbox 955 3316 1358 3368; x_wconf 80' lang='lat' dir='ltr'><strong>Matthaeum</strong></span> <span class='ocrx_word' id='word_1_395' title='bbox 1431 3314 1963 3365; x_wconf 74' lang='lat' dir='ltr'><strong>Hafenrefferum</strong></span> <span class='ocrx_word' id='word_1_396' title='bbox 2061 3313 2185 3377; x_wconf 83' lang='lat' dir='ltr'><strong>(„D.</strong></span> <span class='ocrx_word' id='word_1_397' title='bbox 2248 3314 2314 3363; x_wconf 89' lang='lat' dir='ltr'><strong>D.</strong></span> <span class='ocrx_word' id='word_1_398' title='bbox 2385 3313 2693 3364; x_wconf 70' lang='lat' dir='ltr'><strong>naserofforo</strong></span> <span class='ocrx_word' id='word_1_399' title='bbox 2760 3312 2921 3363; x_wconf 78' lang='lat' dir='ltr'><strong>scribo</strong></span> <span class='ocrx_word' id='word_1_400' title='bbox 2995 3312 3115 3365; x_wconf 77' lang='lat' dir='ltr'><strong>hao-</strong></span> 
     </span>
     <span class='ocr_line' id='line_1_38' title="bbox 411 3382 3169 3451; baseline -0.003 -10"><span class='ocrx_word' id='word_1_401' title='bbox 411 3398 582 3446; x_wconf 79' lang='lat' dir='ltr'><strong>tenus,</strong></span> <span class='ocrx_word' id='word_1_402' title='bbox 637 3394 692 3439; x_wconf 87' lang='lat' dir='ltr'><strong>et</strong></span> <span class='ocrx_word' id='word_1_403' title='bbox 737 3393 844 3451; x_wconf 76' lang='lat' dir='ltr'><strong>jam</strong></span> <span class='ocrx_word' id='word_1_404' title='bbox 893 3390 1154 3451; x_wconf 86' lang='lat' dir='ltr'><strong>septimam</strong></span> <span class='ocrx_word' id='word_1_405' title='bbox 1207 3388 1444 3451; x_wconf 87' lang='lat' dir='ltr'><strong>paginam</strong></span> <span class='ocrx_word' id='word_1_406' title='bbox 1495 3386 1714 3436; x_wconf 80' lang='lat' dir='ltr'><strong>absolvi¹⁴</strong></span> <span class='ocrx_word' id='word_1_407' title='bbox 1768 3387 1979 3435; x_wconf 83' lang='lat' dir='ltr'><strong>nunciat</strong></span> <span class='ocrx_word' id='word_1_408' title='bbox 2012 3382 2307 3444; x_wconf 65' lang='lat' dir='ltr'><strong>Maeni-lino)</strong></span> <span class='ocrx_word' id='word_1_409' title='bbox 2356 3390 2409 3434; x_wconf 82' lang='lat' dir='ltr'><strong>et</strong></span> <span class='ocrx_word' id='word_1_410' title='bbox 2446 3382 2841 3445; x_wconf 64' lang='lat' dir='ltr'><strong>Stephanum</strong></span> <span class='ocrx_word' id='word_1_411' title='bbox 2897 3382 3117 3433; x_wconf 80' lang='lat' dir='ltr'><strong>Gerla·</strong></span> <span class='ocrx_word' id='word_1_412' title='bbox 3161 3397 3169 3403; x_wconf 84' lang='lat'><em>·</em></span> 
     </span>
     <span class='ocr_line' id='line_1_39' title="bbox 407 3452 3121 3529; baseline -0.003 -19"><span class='ocrx_word' id='word_1_413' title='bbox 407 3460 612 3511; x_wconf 87' lang='lat' dir='ltr'><strong>chium</strong></span> <span class='ocrx_word' id='word_1_414' title='bbox 647 3456 952 3529; x_wconf 74' lang='lat' dir='ltr'><strong>(theologiae</strong></span> <span class='ocrx_word' id='word_1_415' title='bbox 976 3458 1300 3522; x_wconf 75' lang='lat' dir='ltr'><strong>professorem</strong></span> <span class='ocrx_word' id='word_1_416' title='bbox 1326 3456 1536 3521; x_wconf 84' lang='lat' dir='ltr'><strong>Tubing.</strong></span> <span class='ocrx_word' id='word_1_417' title='bbox 1575 3454 1610 3517; x_wconf 91' lang='lat'>†</span> <span class='ocrx_word' id='word_1_418' title='bbox 1632 3452 1812 3516; x_wconf 76' lang='lat'>1612).</span> <span class='ocrx_word' id='word_1_419' title='bbox 1885 3454 2089 3505; x_wconf 85' lang='lat' dir='ltr'><strong>Literae</strong></span> <span class='ocrx_word' id='word_1_420' title='bbox 2125 3455 2191 3505; x_wconf 86' lang='lat' dir='ltr'><strong>ad</strong></span> <span class='ocrx_word' id='word_1_421' title='bbox 2214 3452 2612 3503; x_wconf 78' lang='lat' dir='ltr'><strong>Hafenrefferum</strong></span> <span class='ocrx_word' id='word_1_422' title='bbox 2634 3454 2787 3503; x_wconf 84' lang='lat' dir='ltr'><strong>datae</strong></span> <span class='ocrx_word' id='word_1_423' title='bbox 2811 3453 3019 3508; x_wconf 57' lang='lat' dir='ltr'><strong>denunti</strong></span> <span class='ocrx_word' id='word_1_424' title='bbox 3058 3466 3121 3503; x_wconf 75' lang='lat' dir='ltr'><strong>ex</strong></span> 
     </span>
     <span class='ocr_line' id='line_1_40' title="bbox 403 3522 3117 3595; baseline -0.004 -14"><span class='ocrx_word' id='word_1_425' title='bbox 403 3534 482 3587; x_wconf 84' lang='lat' dir='ltr'><strong>iis,</strong></span> <span class='ocrx_word' id='word_1_426' title='bbox 519 3544 652 3595; x_wconf 79' lang='lat' dir='ltr'><strong>quae</strong></span> <span class='ocrx_word' id='word_1_427' title='bbox 686 3530 940 3593; x_wconf 83' lang='lat' dir='ltr'><strong>respondit</strong></span> <span class='ocrx_word' id='word_1_428' title='bbox 972 3529 1082 3583; x_wconf 84' lang='lat' dir='ltr'><strong>ille.</strong></span> <span class='ocrx_word' id='word_1_429' title='bbox 1119 3528 1248 3577; x_wconf 85' lang='lat' dir='ltr'><strong>haec</strong></span> <span class='ocrx_word' id='word_1_430' title='bbox 1286 3528 1599 3589; x_wconf 79' lang='lat' dir='ltr'><strong>apponimus:</strong></span> <span class='ocrx_word' id='word_1_431' title='bbox 1637 3526 1823 3589; x_wconf 80' lang='lat' dir='ltr'><strong>Accepi</strong></span> <span class='ocrx_word' id='word_1_432' title='bbox 1861 3539 2038 3575; x_wconf 82' lang='lat' dir='ltr'><strong>munus</strong></span> <span class='ocrx_word' id='word_1_433' title='bbox 2086 3532 2224 3573; x_wconf 85' lang='lat' dir='ltr'><strong>tuum</strong></span> <span class='ocrx_word' id='word_1_434' title='bbox 2252 3523 2647 3587; x_wconf 85' lang='lat' dir='ltr'><strong>chronologicum</strong></span> <span class='ocrx_word' id='word_1_435' title='bbox 2684 3530 2736 3571; x_wconf 87' lang='lat' dir='ltr'><strong>et</strong></span> <span class='ocrx_word' id='word_1_436' title='bbox 2764 3522 2889 3587; x_wconf 87' lang='lat' dir='ltr'><strong>legi.</strong></span> <span class='ocrx_word' id='word_1_437' title='bbox 2929 3522 3117 3571; x_wconf 84' lang='lat' dir='ltr'><strong>duobus</strong></span> 
     </span>
     <span class='ocr_line' id='line_1_41' title="bbox 405 3590 3121 3665; baseline -0.004 -15"><span class='ocrx_word' id='word_1_438' title='bbox 405 3600 526 3651; x_wconf 86' lang='lat' dir='ltr'><strong>mihi</strong></span> <span class='ocrx_word' id='word_1_439' title='bbox 562 3600 838 3651; x_wconf 84' lang='lat' dir='ltr'><strong>nominibus</strong></span> <span class='ocrx_word' id='word_1_440' title='bbox 875 3600 1234 3665; x_wconf 83' lang='lat' dir='ltr'><strong>gratissimum,</strong></span> <span class='ocrx_word' id='word_1_441' title='bbox 1285 3602 1337 3645; x_wconf 88' lang='lat' dir='ltr'><strong>et</strong></span> <span class='ocrx_word' id='word_1_442' title='bbox 1372 3596 1504 3660; x_wconf 88' lang='lat' dir='ltr'><strong>quod</strong></span> <span class='ocrx_word' id='word_1_443' title='bbox 1539 3596 1694 3651; x_wconf 82' lang='lat' dir='ltr'><strong>dono.</strong></span> <span class='ocrx_word' id='word_1_444' title='bbox 1751 3602 1802 3645; x_wconf 87' lang='lat' dir='ltr'><strong>et</strong></span> <span class='ocrx_word' id='word_1_445' title='bbox 1837 3594 2051 3645; x_wconf 83' lang='lat' dir='ltr'><strong>maxime</strong></span> <span class='ocrx_word' id='word_1_446' title='bbox 2068 3630 2079 3645; x_wconf 92' lang='lat'><strong>.</strong></span> <span class='ocrx_word' id='word_1_447' title='bbox 2141 3593 2271 3659; x_wconf 84' lang='lat' dir='ltr'><strong>quod</strong></span> <span class='ocrx_word' id='word_1_448' title='bbox 2308 3608 2341 3641; x_wconf 89' lang='lat' dir='ltr'><strong>a</strong></span> <span class='ocrx_word' id='word_1_449' title='bbox 2376 3600 2436 3642; x_wconf 89' lang='lat' dir='ltr'><strong>te</strong></span> <span class='ocrx_word' id='word_1_450' title='bbox 2473 3592 2623 3642; x_wconf 79' lang='lat' dir='ltr'><strong>venit.</strong></span> <span class='ocrx_word' id='word_1_451' title='bbox 2700 3590 2846 3651; x_wconf 86' lang='lat' dir='ltr'><strong>Quod</strong></span> <span class='ocrx_word' id='word_1_452' title='bbox 2874 3592 3121 3655; x_wconf 74' lang='lat' dir='ltr'><strong>judicium</strong></span> 
     </span>
     <span class='ocr_line' id='line_1_42' title="bbox 403 3660 3117 3735; baseline -0.004 -14"><span class='ocrx_word' id='word_1_453' title='bbox 403 3686 574 3721; x_wconf 86' lang='lat' dir='ltr'><strong>meum</strong></span> <span class='ocrx_word' id='word_1_454' title='bbox 609 3672 822 3735; x_wconf 86' lang='lat' dir='ltr'><strong>expetis.</strong></span> <span class='ocrx_word' id='word_1_455' title='bbox 875 3671 996 3720; x_wconf 89' lang='lat' dir='ltr'><strong>illud</strong></span> <span class='ocrx_word' id='word_1_456' title='bbox 1031 3683 1154 3719; x_wconf 88' lang='lat' dir='ltr'><strong>sane</strong></span> <span class='ocrx_word' id='word_1_457' title='bbox 1199 3668 1540 3717; x_wconf 83' lang='lat' dir='ltr'><strong>lubentissime</strong></span> <span class='ocrx_word' id='word_1_458' title='bbox 1594 3668 1682 3716; x_wconf 90' lang='lat' dir='ltr'><strong>tibi</strong></span> <span class='ocrx_word' id='word_1_459' title='bbox 1719 3680 2037 3729; x_wconf 87' lang='lat' dir='ltr'><strong>exponerem:</strong></span> <span class='ocrx_word' id='word_1_460' title='bbox 2094 3664 2183 3714; x_wconf 88' lang='lat' dir='ltr'><strong>sed</strong></span> <span class='ocrx_word' id='word_1_461' title='bbox 2217 3663 2496 3713; x_wconf 87' lang='lat' dir='ltr'><strong>huiusmodi</strong></span> <span class='ocrx_word' id='word_1_462' title='bbox 2533 3662 2707 3711; x_wconf 85' lang='lat' dir='ltr'><strong>studiis</strong></span> <span class='ocrx_word' id='word_1_463' title='bbox 2745 3660 2983 3711; x_wconf 88' lang='lat' dir='ltr'><strong>delectari</strong></span> <span class='ocrx_word' id='word_1_464' title='bbox 3020 3675 3117 3727; x_wconf 83' lang='lat' dir='ltr'><strong>ego</strong></span> 
     </span>
     <span class='ocr_line' id='line_1_43' title="bbox 405 3730 3111 3807; baseline -0.004 -16"><span class='ocrx_word' id='word_1_465' title='bbox 405 3742 568 3807; x_wconf 85' lang='lat' dir='ltr'><strong>magis</strong></span> <span class='ocrx_word' id='word_1_466' title='bbox 603 3755 752 3805; x_wconf 86' lang='lat' dir='ltr'><strong>quam</strong></span> <span class='ocrx_word' id='word_1_467' title='bbox 789 3742 1002 3791; x_wconf 87' lang='lat' dir='ltr'><strong>exerceri</strong></span> <span class='ocrx_word' id='word_1_468' title='bbox 1039 3740 1190 3796; x_wconf 88' lang='lat' dir='ltr'><strong>soleo,</strong></span> <span class='ocrx_word' id='word_1_469' title='bbox 1228 3737 1596 3786; x_wconf 82' lang='lat' dir='ltr'><strong>mathematicis</strong></span> <span class='ocrx_word' id='word_1_470' title='bbox 1635 3752 1748 3787; x_wconf 89' lang='lat' dir='ltr'><strong>cum</strong></span> <span class='ocrx_word' id='word_1_471' title='bbox 1783 3736 1976 3799; x_wconf 82' lang='lat' dir='ltr'><strong>primis;</strong></span> <span class='ocrx_word' id='word_1_472' title='bbox 2016 3734 2314 3799; x_wconf 81' lang='lat' dir='ltr'><strong>astrologica</strong></span> <span class='ocrx_word' id='word_1_473' title='bbox 2350 3748 2462 3782; x_wconf 81' lang='lat' dir='ltr'><strong>vero</strong></span> <span class='ocrx_word' id='word_1_474' title='bbox 2502 3748 2535 3782; x_wconf 91' lang='lat' dir='ltr'><strong>a</strong></span> <span class='ocrx_word' id='word_1_475' title='bbox 2558 3732 2725 3779; x_wconf 88' lang='lat' dir='ltr'><strong>multis</strong></span> <span class='ocrx_word' id='word_1_476' title='bbox 2753 3732 2899 3780; x_wconf 88' lang='lat' dir='ltr'><strong>annis</strong></span> <span class='ocrx_word' id='word_1_477' title='bbox 2937 3737 2990 3781; x_wconf 90' lang='lat' dir='ltr'><strong>et</strong></span> <span class='ocrx_word' id='word_1_478' title='bbox 3026 3730 3111 3779; x_wconf 87' lang='lat' dir='ltr'><strong>de-</strong></span> 
     </span>
     <span class='ocr_line' id='line_1_44' title="bbox 401 3801 3112 3879; baseline -0.005 -18"><span class='ocrx_word' id='word_1_479' title='bbox 401 3813 598 3879; x_wconf 76' lang='lat' dir='ltr'><strong>gustavi</strong></span> <span class='ocrx_word' id='word_1_480' title='bbox 633 3818 686 3861; x_wconf 85' lang='lat' dir='ltr'><strong>et</strong></span> <span class='ocrx_word' id='word_1_481' title='bbox 722 3812 932 3861; x_wconf 78' lang='lat' dir='ltr'><strong>deserui.</strong></span> <span class='ocrx_word' id='word_1_482' title='bbox 1007 3809 1200 3875; x_wconf 76' lang='lat' dir='ltr'><strong>Legum</strong></span> <span class='ocrx_word' id='word_1_483' title='bbox 1234 3813 1405 3856; x_wconf 86' lang='lat' dir='ltr'><strong>tamen</strong></span> <span class='ocrx_word' id='word_1_484' title='bbox 1443 3814 1496 3856; x_wconf 90' lang='lat' dir='ltr'><strong>et</strong></span> <span class='ocrx_word' id='word_1_485' title='bbox 1549 3808 1590 3855; x_wconf 90' lang='lat' dir='ltr'><strong>si</strong></span> <span class='ocrx_word' id='word_1_486' title='bbox 1627 3808 1701 3856; x_wconf 86' lang='lat' dir='ltr'><strong>ita</strong></span> <span class='ocrx_word' id='word_1_487' title='bbox 1735 3807 1963 3862; x_wconf 79' lang='lat' dir='ltr'><strong>volueris,</strong></span> <span class='ocrx_word' id='word_1_488' title='bbox 2014 3805 2257 3869; x_wconf 80' lang='lat' dir='ltr'><strong>judicium</strong></span> <span class='ocrx_word' id='word_1_489' title='bbox 2292 3818 2460 3852; x_wconf 86' lang='lat' dir='ltr'><strong>meum</strong></span> <span class='ocrx_word' id='word_1_490' title='bbox 2494 3801 2586 3851; x_wconf 86' lang='lat' dir='ltr'><strong>tibi</strong></span> <span class='ocrx_word' id='word_1_491' title='bbox 2624 3802 2871 3864; x_wconf 82' lang='lat' dir='ltr'><strong>aperiam,</strong></span> <span class='ocrx_word' id='word_1_492' title='bbox 2910 3802 2951 3850; x_wconf 91' lang='lat' dir='ltr'><strong>si</strong></span> <span class='ocrx_word' id='word_1_493' title='bbox 2977 3802 3112 3865; x_wconf 89' lang='lat' dir='ltr'><strong>cogi-</strong></span> 
     </span>
     <span class='ocr_line' id='line_1_45' title="bbox 405 3870 3115 3943; baseline -0.005 -11"><span class='ocrx_word' id='word_1_494' title='bbox 405 3883 622 3932; x_wconf 81' lang='lat' dir='ltr'><strong>tationes</strong></span> <span class='ocrx_word' id='word_1_495' title='bbox 672 3888 790 3932; x_wconf 86' lang='lat' dir='ltr'><strong>tuas</strong></span> <span class='ocrx_word' id='word_1_496' title='bbox 824 3882 988 3931; x_wconf 77' lang='lat' dir='ltr'><strong>videro</strong></span> <span class='ocrx_word' id='word_1_497' title='bbox 1039 3880 1100 3929; x_wconf 87' lang='lat' dir='ltr'><strong>de</strong></span> <span class='ocrx_word' id='word_1_498' title='bbox 1137 3878 1312 3927; x_wconf 77' lang='lat' dir='ltr'><strong>studiis</strong></span> <span class='ocrx_word' id='word_1_499' title='bbox 1359 3877 1666 3943; x_wconf 80' lang='lat' dir='ltr'><strong>astrologicis</strong></span> <span class='ocrx_word' id='word_1_500' title='bbox 1703 3878 1855 3926; x_wconf 86' lang='lat' dir='ltr'><strong>literis</strong></span> <span class='ocrx_word' id='word_1_501' title='bbox 1893 3876 2271 3941; x_wconf 78' lang='lat' dir='ltr'><strong>comprehensas</strong></span> <span class='ocrx_word' id='word_1_502' title='bbox 2289 3909 2301 3927; x_wconf 81' lang='lat'>.</span> <span class='ocrx_word' id='word_1_503' title='bbox 2360 3875 2431 3922; x_wconf 84' lang='lat' dir='ltr'><strong>uti</strong></span> <span class='ocrx_word' id='word_1_504' title='bbox 2474 3876 2580 3935; x_wconf 86' lang='lat' dir='ltr'><strong>jam</strong></span> <span class='ocrx_word' id='word_1_505' title='bbox 2630 3870 2875 3935; x_wconf 84' lang='lat' dir='ltr'><strong>pollicitus</strong></span> <span class='ocrx_word' id='word_1_506' title='bbox 2913 3886 2981 3920; x_wconf 91' lang='lat' dir='ltr'><strong>es.</strong></span> <span class='ocrx_word' id='word_1_507' title='bbox 3056 3870 3115 3919; x_wconf 87' lang='lat' dir='ltr'><strong>In</strong></span> 
     </span>
     <span class='ocr_line' id='line_1_46' title="bbox 402 3943 3113 4017; baseline -0.005 -15"><span class='ocrx_word' id='word_1_508' title='bbox 402 3953 600 4017; x_wconf 80' lang='lat' dir='ltr'><strong>reliquis</strong></span> <span class='ocrx_word' id='word_1_509' title='bbox 635 3950 932 4003; x_wconf 79' lang='lat' dir='ltr'><strong>Maestlinus</strong></span> <span class='ocrx_word' id='word_1_510' title='bbox 967 3958 1135 4000; x_wconf 87' lang='lat' dir='ltr'><strong>noster</strong></span> <span class='ocrx_word' id='word_1_511' title='bbox 1168 3948 1338 4013; x_wconf 89' lang='lat' dir='ltr'><strong>procul</strong></span> <span class='ocrx_word' id='word_1_512' title='bbox 1377 3948 1522 3997; x_wconf 85' lang='lat' dir='ltr'><strong>dubio</strong></span> <span class='ocrx_word' id='word_1_513' title='bbox 1559 3961 1812 4011; x_wconf 86' lang='lat' dir='ltr'><strong>nunquam</strong></span> <span class='ocrx_word' id='word_1_514' title='bbox 1846 3948 1937 3996; x_wconf 86' lang='lat' dir='ltr'><strong>tibi</strong></span> <span class='ocrx_word' id='word_1_515' title='bbox 1974 3948 2145 3998; x_wconf 80' lang='lat' dir='ltr'><strong>deerit.</strong></span> <span class='ocrx_word' id='word_1_516' title='bbox 2220 3943 2273 3994; x_wconf 82' lang='lat' dir='ltr'><strong>Si</strong></span> <span class='ocrx_word' id='word_1_517' title='bbox 2308 3958 2463 3993; x_wconf 89' lang='lat' dir='ltr'><strong>unum</strong></span> <span class='ocrx_word' id='word_1_518' title='bbox 2498 3944 2650 3992; x_wconf 86' lang='lat' dir='ltr'><strong>liceat</strong></span> <span class='ocrx_word' id='word_1_519' title='bbox 2686 3944 2933 4006; x_wconf 82' lang='lat' dir='ltr'><strong>attingere</strong></span> <span class='ocrx_word' id='word_1_520' title='bbox 2951 3976 2965 3997; x_wconf 88' lang='lat'>,</span> <span class='ocrx_word' id='word_1_521' title='bbox 3026 3955 3113 4003; x_wconf 83' lang='lat' dir='ltr'><strong>op·</strong></span> 
     </span>
     <span class='ocr_line' id='line_1_47' title="bbox 403 4012 3113 4089; baseline -0.005 -17"><span class='ocrx_word' id='word_1_522' title='bbox 403 4029 592 4073; x_wconf 83' lang='lat' dir='ltr'><strong>tassem</strong></span> <span class='ocrx_word' id='word_1_523' title='bbox 629 4037 740 4089; x_wconf 83' lang='lat' dir='ltr'><strong>ego.</strong></span> <span class='ocrx_word' id='word_1_524' title='bbox 789 4024 889 4072; x_wconf 80' lang='lat' dir='ltr'><strong>tuis</strong></span> <span class='ocrx_word' id='word_1_525' title='bbox 941 4019 1330 4085; x_wconf 85' lang='lat' dir='ltr'><strong>ephemeridibus</strong></span> <span class='ocrx_word' id='word_1_526' title='bbox 1381 4025 1434 4068; x_wconf 85' lang='lat' dir='ltr'><strong>et</strong></span> <span class='ocrx_word' id='word_1_527' title='bbox 1469 4018 1718 4068; x_wconf 83' lang='lat' dir='ltr'><strong>calculum</strong></span> <span class='ocrx_word' id='word_1_528' title='bbox 1754 4024 1804 4067; x_wconf 87' lang='lat' dir='ltr'><strong>et</strong></span> <span class='ocrx_word' id='word_1_529' title='bbox 1859 4031 2046 4067; x_wconf 81' lang='lat' dir='ltr'><strong>annum</strong></span> <span class='ocrx_word' id='word_1_530' title='bbox 2080 4016 2335 4067; x_wconf 83' lang='lat' dir='ltr'><strong>Julianum</strong></span> <span class='ocrx_word' id='word_1_531' title='bbox 2373 4014 2677 4079; x_wconf 85' lang='lat' dir='ltr'><strong>Gregoriano</strong></span> <span class='ocrx_word' id='word_1_532' title='bbox 2727 4012 2950 4062; x_wconf 82' lang='lat' dir='ltr'><strong>additum</strong></span> <span class='ocrx_word' id='word_1_533' title='bbox 2988 4023 3113 4060; x_wconf 82' lang='lat' dir='ltr'><strong>esse.</strong></span> 
     </span>
     <span class='ocr_line' id='line_1_48' title="bbox 405 4080 3113 4155; baseline -0.005 -12"><span class='ocrx_word' id='word_1_534' title='bbox 405 4092 487 4144; x_wconf 85' lang='lat' dir='ltr'><strong>Sic</strong></span> <span class='ocrx_word' id='word_1_535' title='bbox 524 4094 656 4144; x_wconf 85' lang='lat' dir='ltr'><strong>enim</strong></span> <span class='ocrx_word' id='word_1_536' title='bbox 701 4096 938 4155; x_wconf 76' lang='lat' dir='ltr'><strong>majorem</strong></span> <span class='ocrx_word' id='word_1_537' title='bbox 980 4106 1125 4140; x_wconf 82' lang='lat' dir='ltr'><strong>usum</strong></span> <span class='ocrx_word' id='word_1_538' title='bbox 1161 4096 1214 4138; x_wconf 80' lang='lat' dir='ltr'><strong>et</strong></span> <span class='ocrx_word' id='word_1_539' title='bbox 1245 4090 1434 4138; x_wconf 86' lang='lat' dir='ltr'><strong>lucrum</strong></span> <span class='ocrx_word' id='word_1_540' title='bbox 1473 4087 1604 4151; x_wconf 81' lang='lat' dir='ltr'><strong>apud</strong></span> <span class='ocrx_word' id='word_1_541' title='bbox 1649 4102 1738 4137; x_wconf 89' lang='lat' dir='ltr'><strong>nos</strong></span> <span class='ocrx_word' id='word_1_542' title='bbox 1773 4089 2093 4144; x_wconf 67' lang='lat' dir='ltr'><strong>habuissentz</strong></span> <span class='ocrx_word' id='word_1_543' title='bbox 2142 4086 2229 4136; x_wconf 86' lang='lat' dir='ltr'><strong>sed</strong></span> <span class='ocrx_word' id='word_1_544' title='bbox 2274 4090 2331 4134; x_wconf 85' lang='lat' dir='ltr'><strong>tu</strong></span> <span class='ocrx_word' id='word_1_545' title='bbox 2366 4086 2569 4135; x_wconf 82' lang='lat' dir='ltr'><strong>inservis</strong></span> <span class='ocrx_word' id='word_1_546' title='bbox 2608 4084 2711 4132; x_wconf 74' lang='lat' dir='ltr'><strong>foro</strong></span> <span class='ocrx_word' id='word_1_547' title='bbox 2748 4081 2837 4132; x_wconf 57' lang='lat' dir='ltr'><strong>xe.</strong></span> <span class='ocrx_word' id='word_1_548' title='bbox 2910 4080 3113 4131; x_wconf 69' lang='lat' dir='ltr'><strong>Calvae</strong></span> 
     </span>
     <span class='ocr_line' id='line_1_49' title="bbox 405 4154 3113 4226; baseline -0.004 -15"><span class='ocrx_word' id='word_1_549' title='bbox 405 4161 488 4212; x_wconf 80' lang='lat'><strong>14.</strong></span> <span class='ocrx_word' id='word_1_550' title='bbox 529 4160 666 4226; x_wconf 74' lang='lat'><strong>(²⁴.)</strong></span> <span class='ocrx_word' id='word_1_551' title='bbox 704 4164 828 4214; x_wconf 76' lang='lat' dir='ltr'><strong>Nov-</strong></span> <span class='ocrx_word' id='word_1_552' title='bbox 870 4160 1023 4212; x_wconf 77' lang='lat'>159⁴.</span> <span class='ocrx_word' id='word_1_553' title='bbox 1098 4158 1270 4221; x_wconf 81' lang='lat' dir='ltr'><strong>(Quod</strong></span> <span class='ocrx_word' id='word_1_554' title='bbox 1323 4174 1443 4223; x_wconf 85' lang='lat' dir='ltr'><strong>opus</strong></span> <span class='ocrx_word' id='word_1_555' title='bbox 1483 4158 1944 4224; x_wconf 68' lang='lat' dir='ltr'><strong>„chronologicum”</strong></span> <span class='ocrx_word' id='word_1_556' title='bbox 2002 4159 2097 4207; x_wconf 82' lang='lat' dir='ltr'><strong>nisi</strong></span> <span class='ocrx_word' id='word_1_557' title='bbox 2142 4160 2303 4221; x_wconf 84' lang='lat' dir='ltr'><strong>ipsum</strong></span> <span class='ocrx_word' id='word_1_558' title='bbox 2355 4156 2477 4205; x_wconf 90' lang='lat' dir='ltr'><strong>illud</strong></span> <span class='ocrx_word' id='word_1_559' title='bbox 2514 4154 2863 4205; x_wconf 74' lang='lat' dir='ltr'><strong>Calendarium</strong></span> <span class='ocrx_word' id='word_1_560' title='bbox 2914 4156 3113 4216; x_wconf 82' lang='lat' dir='ltr'><strong>specta-</strong></span> 
     </span>
     <span class='ocr_line' id='line_1_50' title="bbox 404 4222 3118 4292; baseline -0.006 -8"><span class='ocrx_word' id='word_1_561' title='bbox 404 4236 530 4286; x_wconf 75' lang='lat' dir='ltr'><strong>verit</strong></span> <span class='ocrx_word' id='word_1_562' title='bbox 552 4234 946 4291; x_wconf 78' lang='lat' dir='ltr'><strong>Hafenrefferus,</strong></span> <span class='ocrx_word' id='word_1_563' title='bbox 983 4233 1248 4282; x_wconf 84' lang='lat' dir='ltr'><strong>nescimus.</strong></span> <span class='ocrx_word' id='word_1_564' title='bbox 1323 4228 1470 4281; x_wconf 86' lang='lat' dir='ltr'><strong>Certe</strong></span> <span class='ocrx_word' id='word_1_565' title='bbox 1496 4229 1743 4292; x_wconf 84' lang='lat' dir='ltr'><strong>Keplerus</strong></span> <span class='ocrx_word' id='word_1_566' title='bbox 1777 4230 1861 4277; x_wconf 89' lang='lat' dir='ltr'><strong>illo</strong></span> <span class='ocrx_word' id='word_1_567' title='bbox 1898 4234 2119 4291; x_wconf 84' lang='lat' dir='ltr'><strong>tempore</strong></span> <span class='ocrx_word' id='word_1_568' title='bbox 2142 4227 2570 4292; x_wconf 63' lang='lat' dir='ltr'><strong>parum-addictus</strong></span> <span class='ocrx_word' id='word_1_569' title='bbox 2592 4225 2687 4275; x_wconf 76' lang='lat' dir='ltr'><strong>fuit</strong></span> <span class='ocrx_word' id='word_1_570' title='bbox 2708 4224 2883 4274; x_wconf 78' lang='lat' dir='ltr'><strong>studiis</strong></span> <span class='ocrx_word' id='word_1_571' title='bbox 2909 4222 3118 4271; x_wconf 76' lang='lat' dir='ltr'><strong>chrono-</strong></span> 
     </span>
    </p>
   </div>
   <div class='ocr_carea' id='block_1_4' title="bbox 403 4296 1875 4373">
    <p class='ocr_par' dir='ltr' id='par_1_9' title="bbox 403 4296 1875 4373">
     <span class='ocr_line' id='line_1_51' title="bbox 403 4296 1875 4373; baseline -0.005 -19"><span class='ocrx_word' id='word_1_572' title='bbox 403 4306 592 4371; x_wconf 83' lang='lat' dir='ltr'><strong>logicis,</strong></span> <span class='ocrx_word' id='word_1_573' title='bbox 630 4320 759 4373; x_wconf 88' lang='lat' dir='ltr'><strong>quae</strong></span> <span class='ocrx_word' id='word_1_574' title='bbox 795 4305 861 4353; x_wconf 91' lang='lat' dir='ltr'><strong>ab</strong></span> <span class='ocrx_word' id='word_1_575' title='bbox 896 4318 1027 4355; x_wconf 83' lang='lat' dir='ltr'><strong>anno</strong></span> <span class='ocrx_word' id='word_1_576' title='bbox 1065 4304 1262 4352; x_wconf 82' lang='lat' dir='ltr'><strong>demum</strong></span> <span class='ocrx_word' id='word_1_577' title='bbox 1306 4298 1437 4349; x_wconf 77' lang='lat'>1597</span> <span class='ocrx_word' id='word_1_578' title='bbox 1472 4305 1670 4365; x_wconf 86' lang='lat' dir='ltr'><strong>propius</strong></span> <span class='ocrx_word' id='word_1_579' title='bbox 1707 4296 1875 4361; x_wconf 83' lang='lat' dir='ltr'><strong>adiit.)</strong></span> 
     </span>
    </p>
   </div>
   <div class='ocr_carea' id='block_1_5' title="bbox 403 4448 3113 4588">
    <p class='ocr_par' dir='ltr' id='par_1_10' title="bbox 403 4448 3113 4588">
     <span class='ocr_line' id='line_1_52' title="bbox 497 4448 3113 4585; baseline -0.006 -71"><span class='ocrx_word' id='word_1_580' title='bbox 497 4540 520 4585; x_wconf 55' lang='lat' dir='ltr'><strong>t</strong></span> <span class='ocrx_word' id='word_1_581' title='bbox 549 4462 749 4514; x_wconf 84' lang='lat' dir='ltr'><strong>Literae</strong></span> <span class='ocrx_word' id='word_1_582' title='bbox 785 4476 908 4528; x_wconf 86' lang='lat' dir='ltr'><strong>quas</strong></span> <span class='ocrx_word' id='word_1_583' title='bbox 945 4459 1082 4511; x_wconf 88' lang='lat' dir='ltr'><strong>dedit</strong></span> <span class='ocrx_word' id='word_1_584' title='bbox 1114 4460 1360 4524; x_wconf 84' lang='lat' dir='ltr'><strong>Keplerus</strong></span> <span class='ocrx_word' id='word_1_585' title='bbox 1398 4458 1464 4509; x_wconf 90' lang='lat' dir='ltr'><strong>ad</strong></span> <span class='ocrx_word' id='word_1_586' title='bbox 1502 4458 1944 4511; x_wconf 81' lang='lat' dir='ltr'><strong>Gerlachium,</strong></span> <span class='ocrx_word' id='word_1_587' title='bbox 2005 4471 2034 4508; x_wconf 90' lang='lat' dir='ltr'><strong>e</strong></span> <span class='ocrx_word' id='word_1_588' title='bbox 2070 4454 2371 4507; x_wconf 84' lang='lat' dir='ltr'><strong>bibliotheca</strong></span> <span class='ocrx_word' id='word_1_589' title='bbox 2408 4450 2641 4503; x_wconf 83' lang='lat' dir='ltr'><strong>Gothana</strong></span> <span class='ocrx_word' id='word_1_590' title='bbox 2680 4450 2967 4506; x_wconf 86' lang='lat' dir='ltr'><strong>desumtae,</strong></span> <span class='ocrx_word' id='word_1_591' title='bbox 3014 4448 3113 4499; x_wconf 88' lang='lat' dir='ltr'><strong>hae</strong></span> 
     </span>
     <span class='ocr_line' id='line_1_53' title="bbox 403 4546 1408 4588; baseline -0.008 0"><span class='ocrx_word' id='word_1_592' title='bbox 403 4550 495 4588; x_wconf 80' lang='lat' dir='ltr'><strong>sun</strong></span> <span class='ocrx_word' id='word_1_593' title='bbox 532 4546 544 4585; x_wconf 75' lang='grc' dir='ltr'>ε</span> <span class='ocrx_word' id='word_1_594' title='bbox 1399 4561 1408 4566; x_wconf 92' lang='grc'>-</span> 
     </span>
    </p>
   </div>
   <div class='ocr_carea' id='block_1_6' title="bbox 406 4639 3167 4912">
    <p class='ocr_par' dir='ltr' id='par_1_11' title="bbox 406 4639 3167 4912">
     <span class='ocr_line' id='line_1_54' title="bbox 582 4639 3167 4729; baseline -0.009 -8"><span class='ocrx_word' id='word_1_595' title='bbox 582 4656 722 4721; x_wconf 86' lang='lat' dir='ltr'><strong>Etsi</strong></span> <span class='ocrx_word' id='word_1_596' title='bbox 769 4656 922 4729; x_wconf 90' lang='lat' dir='ltr'><strong>scio,</strong></span> <span class='ocrx_word' id='word_1_597' title='bbox 987 4652 1314 4715; x_wconf 87' lang='lat' dir='ltr'><strong>reverende</strong></span> <span class='ocrx_word' id='word_1_598' title='bbox 1363 4659 1428 4713; x_wconf 88' lang='lat' dir='ltr'><strong>et</strong></span> <span class='ocrx_word' id='word_1_599' title='bbox 1473 4650 1805 4713; x_wconf 85' lang='lat' dir='ltr'><strong>clarissime</strong></span> <span class='ocrx_word' id='word_1_600' title='bbox 1854 4650 1934 4711; x_wconf 91' lang='lat' dir='ltr'><strong>D.</strong></span> <span class='ocrx_word' id='word_1_601' title='bbox 1982 4647 2250 4719; x_wconf 88' lang='lat' dir='ltr'><strong>Doctor,</strong></span> <span class='ocrx_word' id='word_1_602' title='bbox 2318 4643 2690 4721; x_wconf 83' lang='lat' dir='ltr'><strong>Praeceptor</strong></span> <span class='ocrx_word' id='word_1_603' title='bbox 2743 4639 3110 4727; x_wconf 80' lang='lat' dir='ltr'><strong>honorande,</strong></span> <span class='ocrx_word' id='word_1_604' title='bbox 3162 4648 3167 4653; x_wconf 84' lang='grc'><em>“</em></span> 
     </span>
     <span class='ocr_line' id='line_1_55' title="bbox 406 4726 3113 4821; baseline -0.008 -10"><span class='ocrx_word' id='word_1_605' title='bbox 406 4744 840 4811; x_wconf 83' lang='lat' dir='ltr'><strong>Reverentiam</strong></span> <span class='ocrx_word' id='word_1_606' title='bbox 887 4744 1074 4805; x_wconf 88' lang='lat' dir='ltr'><strong>Tuam</strong></span> <span class='ocrx_word' id='word_1_607' title='bbox 1138 4742 1311 4821; x_wconf 83' lang='lat' dir='ltr'><strong>longe</strong></span> <span class='ocrx_word' id='word_1_608' title='bbox 1365 4738 1746 4821; x_wconf 84' lang='lat' dir='ltr'><strong>gravioribus</strong></span> <span class='ocrx_word' id='word_1_609' title='bbox 1796 4734 2015 4799; x_wconf 88' lang='lat' dir='ltr'><strong>studiis</strong></span> <span class='ocrx_word' id='word_1_610' title='bbox 2063 4730 2371 4813; x_wconf 82' lang='lat' dir='ltr'><strong>occupari,</strong></span> <span class='ocrx_word' id='word_1_611' title='bbox 2439 4749 2616 4809; x_wconf 86' lang='lat' dir='ltr'><strong>quam</strong></span> <span class='ocrx_word' id='word_1_612' title='bbox 2684 4736 2751 4793; x_wconf 88' lang='lat' dir='ltr'><strong>ut</strong></span> <span class='ocrx_word' id='word_1_613' title='bbox 2795 4726 2881 4791; x_wconf 86' lang='lat' dir='ltr'><strong>illi</strong></span> <span class='ocrx_word' id='word_1_614' title='bbox 2934 4726 3113 4795; x_wconf 65' lang='lat' dir='ltr'><strong>,adsit</strong></span> 
     </span>
     <span class='ocr_line' id='line_1_56' title="bbox 407 4816 3109 4912; baseline -0.009 -13"><span class='ocrx_word' id='word_1_615' title='bbox 407 4838 598 4900; x_wconf 79' lang='lat' dir='ltr'><strong>otium</strong></span> <span class='ocrx_word' id='word_1_616' title='bbox 663 4832 1070 4912; x_wconf 86' lang='lat' dir='ltr'><strong>inspiciendae</strong></span> <span class='ocrx_word' id='word_1_617' title='bbox 1117 4826 1537 4909; x_wconf 83' lang='lat' dir='ltr'><strong>Epherneridis</strong></span> <span class='ocrx_word' id='word_1_618' title='bbox 1597 4834 1662 4892; x_wconf 85' lang='lat' dir='ltr'><strong>et</strong></span> <span class='ocrx_word' id='word_1_619' title='bbox 1727 4822 2129 4907; x_wconf 80' lang='lat' dir='ltr'><strong>cognoscendi</strong></span> <span class='ocrx_word' id='word_1_620' title='bbox 2177 4820 2426 4883; x_wconf 78' lang='lat' dir='ltr'><strong>frivolas</strong></span> <span class='ocrx_word' id='word_1_621' title='bbox 2474 4816 2917 4897; x_wconf 83' lang='lat' dir='ltr'><strong>astrologorum</strong></span> <span class='ocrx_word' id='word_1_622' title='bbox 2962 4834 3109 4877; x_wconf 87' lang='lat' dir='ltr'><strong>con-</strong></span> 
     </span>
    </p>
   </div>
   <div class='ocr_carea' id='block_1_7' title="bbox 1121 4986 1179 5007">
    <p class='ocr_par' dir='ltr' id='par_1_12' title="bbox 1121 4986 1179 5007">
     <span class='ocr_line' id='line_1_57' title="bbox 1121 4986 1179 5007; baseline 0 0"><span class='ocrx_word' id='word_1_623' title='bbox 1121 4986 1179 5007; x_wconf 63' lang='lat'><strong>⁴-</strong></span> 
     </span>
    </p>
   </div>
  </div>
 </body>
</html>
