3634 5575
577 328 704 397 198
1486 330 1546 379 In
1580 330 1873 393 Mysten-ium
1910 328 2377 395 Gosmographicnm

564 512 942 569 μοποιητικοι.
1015 494 1151 547 Cum
1197 495 1384 545 autem
1423 493 1538 547 sint
1573 491 1770 561 pauci,
1819 506 2045 545 causam
2085 492 2377 545 habebunt
2414 490 2587 549 etiam
2626 506 2929 560 paucarum
2971 490 3289 547 formarum.

565 574 854 637 Breviter,
901 590 1012 629 non
1056 572 1272 625 faciunt
1316 570 1544 641 singula
1587 586 1823 639 corpora
1866 570 2119 640 singulos
2164 576 2361 663 loyes,
2417 588 2527 625 non
2572 571 2767 641 ang-uli
2812 570 2966 640 plani
3012 570 3070 623 in
3116 570 3295 624 solido

570 654 810 725 angulo,
857 653 914 706 in
958 654 1186 722 planum
1231 652 1452 705 extensi
1479 658 1540 705 et
1567 666 1689 704 cum
1733 651 1771 705 4
1797 650 1964 704 rectis
2006 652 2315 720 comparati
2356 648 2634 722 (quamvis
2676 650 2911 720 perfecti
2952 654 3125 722 λογοι
3164 650 3297 703 hinc

569 734 739 789 etiam
765 733 962 787 haberi
989 724 1233 801 possint)
1261 748 1370 784 non
1397 732 1572 800 plana
1599 746 2113 803 σωματοποιητικα,
2152 748 2259 784 ιιοιι
2296 730 2587 800 implentia
2612 738 2675 784 et
2701 730 2977 784 struentia
3002 729 3297 799 planitiem

569 812 902 875 continuam,
947 829 1054 866 non
1085 826 1312 882 quorum
1340 813 1616 881 quadrata
1643 811 1884 864 laterum
1912 816 2043 863 sunt
2068 812 2139 864 ad
2169 812 2497 881 quadratum
2527 810 2797 873 diametri,
2840 816 2907 863 ut
2932 824 3191 863 numerus
3220 812 3293 863 ad

567 909 866 947 numerum.
927 892 1124 946 Omnia
1163 891 1302 944 haec
1341 890 1688 960 perreptavi,
1732 890 1949 945 nullum
1986 906 2166 960 genus
2208 891 2489 946 satisfacit
2528 891 2599 943 ad
2638 890 2813 943 talem
2854 890 3295 944 consumendam

569 972 954 1035 definitionem,
998 987 1140 1042 quae
1183 972 1528 1039 supradictos
1567 976 1690 1023 octo
1720 974 1892 1041 λογες
1930 971 2346 1039 complectatur,
2390 988 2493 1025 nec
2530 971 2735 1039 plures.
2797 970 2937 1032 Quid
2967 968 3143 1041 igitur
3166 977 3293 1023 tan-

571 1054 732 1107 dem?
787 1052 986 1107 Dicam
1029 1051 1414 1114 definitionem,
1463 1058 1663 1119 postea
1707 1048 2009 1120 intelliges.
2066 1051 2223 1122 Ergo
2263 1051 2320 1105 in
2361 1050 2625 1104 divisione
2663 1049 2935 1119 bipartita
2974 1048 3166 1103 circuli
3203 1050 3295 1103 vel

570 1138 810 1203 quatuor
835 1139 1110 1187 rectorum
1138 1130 1492 1185 constituitur
1520 1135 1694 1202 λογος
1719 1129 2030 1199 regularis,
2069 1134 2405 1199 respondens
2442 1128 2769 1201 perfectioni
2812 1146 3099 1198 corporum
3124 1146 3295 1201 regu-

569 1211 786 1273 larium,
825 1212 1042 1281 quoties
1071 1216 1131 1263 et
1156 1216 1350 1279 partes
1379 1210 1524 1265 inter
1563 1226 1622 1264 se
1651 1218 1712 1265 et
1738 1226 1860 1263 oum
1902 1215 2021 1263 toto
2049 1211 2265 1264 habent
2292 1215 2470 1283 λογον
2496 1208 2731 1279 alicujus
2756 1210 2975 1280 figurae
3012 1209 3297 1280 regularis

569 1291 1056 1347 demonstrativae.
1127 1290 1285 1343 Haec
1320 1290 1610 1343 definitio.=
1647 1291 1792 1344 Nam
1833 1288 1978 1342 sicut
2014 1290 2357 1359 regularitas
2396 1306 2686 1360 corporum
2725 1305 2827 1357 per
2860 1289 3294 1359 regularitatem

569 1371 860 1441 planorum
888 1370 1161 1432 definitur,
1201 1368 1280 1422 sic
1307 1373 1478 1440 λογος
1505 1371 1784 1439 perfectus
1813 1376 1888 1431 et,
1918 1374 1985 1421 ut
2010 1368 2095 1421 ita
2122 1370 2314 1432 dicam,
2355 1369 2577 1432 solidus,
2608 1385 2710 1438 per
2738 1372 2946 1439 λογους
2972 1368 3299 1437 simpliciter

569 1452 959 1505 consideratos.
1031 1450 1225 1503 Dicam
1271 1456 1459 1505 autem
1499 1450 1639 1503 idem
1687 1450 1925 1503 fortasse
1969 1468 2511 1525 γεωμετρικωτερον.
2581 1452 2778 1521 Λογος
2823 1448 3030 1501 solidus
3076 1448 3293 1511 existit,

569 1530 784 1601 quoties
815 1536 874 1583 et
902 1531 1172 1583 subtensa
1208 1544 1368 1582 arcus
1407 1536 1496 1583 est
1531 1533 1728 1600 λογικη
1773 1528 1844 1580 ad
1885 1528 2235 1594 diametrum,
2284 1538 2345 1584 et
2390 1547 2549 1583 arcus
2594 1530 2663 1583 ad
2702 1528 2975 1582 residuum
3020 1531 3185 1602 ῥητος
3224 1546 3293 1581 eo

571 1612 728 1667 modo
758 1617 819 1663 et
845 1626 1086 1671 numero,
1118 1625 1223 1678 quo
1253 1625 1412 1661 arcus
1444 1608 1604 1671 aliua
1645 1610 1939 1662 subtensus
1969 1612 2183 1685 λογικῃ,
2222 1612 2290 1663 ad
2320 1610 2579 1664 circulum
2606 1616 2800 1663 totum.

727 1689 835 1743 Hic
876 1688 1006 1759 jure
1049 1688 1374 1758 principium
1415 1690 1680 1760 quoddam
1739 1693 1829 1741 est
1868 1692 2041 1759 λογος
2089 1690 2481 1761 aequalitatis,
2541 1690 2632 1761 qui
2674 1688 2867 1759 nequit
2906 1689 3289 1753 demonstrari,

569 1769 674 1825 nisi
713 1769 902 1839 inepte
918 1810 934 1831 ,
988 1774 1050 1821 ut
1089 1767 1325 1822 circulus
1380 1774 1532 1823 totus
1573 1770 1871 1821 subtensus
1914 1776 2116 1837 puncto
2160 1773 2229 1823 ad
2272 1770 2533 1826 circulum
2584 1786 2643 1825 se
2696 1768 2873 1837 ipsum
2924 1774 3103 1821 totum
3160 1769 3291 1823 sub·

570 1857 786 1903 tensum
827 1848 1016 1902 itidem
1053 1856 1277 1917 puncto.

729 1945 990 2017 Sequitur
1018 1948 1188 2016 λογος
1221 1945 1298 2011 ¹l,·.
1337 1945 1480 1998 Nam
1516 1947 1572 2013 Ἰ,
1616 1944 1806 1998 circuli
1835 1953 1923 1999 est
1958 1948 2229 2001 subtensa
2266 1920 2549 2009 diametro,
2594 1962 2736 2016 quae
2776 1952 2865 1999 est
2906 1948 2974 1999 ad
3013 1963 3072 1999 se
3114 1946 3295 2017 ipsam

571 2031 787 2099 λογικη,
817 2027 1060 2095 adeoque
1091 2024 1260 2077 etiam
1288 2026 1434 2097 ρητη,
1465 2029 1527 2076 ει
1562 2025 1618 2093 Ἰ,
1652 2024 1722 2077 ad
1749 2024 2025 2079 residuum
2063 2029 2115 2094 Ἰ.
2148 2029 2315 2099 (inter
2341 2044 2407 2079 eo
2435 2043 2677 2089 numero,
2708 2042 2814 2095 quo
2844 2031 2995 2079 totus
3023 2032 3194 2080 antea
3222 2028 3295 2081 ad

571 2112 766 2169 totum,
798 2123 873 2159 sc.
903 2112 969 2159 ut
1000 2105 1026 2157 1
1061 2106 1131 2159 ad
1167 2106 1216 2157 l.

603 2210 608 2215 ·
729 2185 915 2239 Tertio
952 2177 1033 2244 Ἰ..
1093 2184 1236 2239 Nam
1269 2176 1324 2245 ²1.
1361 2183 1550 2239 circuli
1578 2182 1929 2238 subtenditur
1958 2186 2137 2240 latere
2168 2183 2438 2257 trianguli
2482 2189 2693 2257 λογικῳ
2735 2187 2805 2240 ad
2844 2184 3187 2250 diametrum,
3233 2192 3295 2239 ει

579 2258 637 2327 Ἰ,
673 2268 743 2321 ad
781 2260 837 2325 Ἰ.
871 2270 962 2318 εει
987 2270 1053 2317 ιιι
1079 2268 1251 2317 antea
1279 2264 1512 2318 circulus
1543 2266 1614 2317 ad
1649 2258 1730 2324 Ὗ..

730 2346 942 2408 Quarto
977 2336 1058 2402 'la
1109 2344 1256 2446 {Nam
1283 2344 1632 2398 subtenditur
1659 2344 1841 2397 latere
1871 2344 2219 2415 tetragonico
2258 2350 2483 2415 λογικῳ.
2524 2352 2587 2399 ει
2618 2338 2678 2404 Ἰ.
2711 2351 2801 2398 εει
2839 2348 2909 2399 ad
2948 2338 3003 2406 Ἰ.
3034 2354 3101 2399 ιιι
3134 2348 3295 2399 modo

575 2433 705 2480 erat
731 2424 1070 2479 circulusad
1126 2422 1188 2485 la.

732 2506 936 2568 Quinto
968 2496 1051 2563 Ἲς.
1109 2505 1252 2558 Nam
1291 2502 1640 2557 subtenditur
1676 2503 1855 2557 latere
1885 2503 2352 2594 quinquangulari
2390 2510 2601 2575 λογικφ
2638 2505 2958 2573 imperfecte
2996 2511 3056 2559 et
3100 2498 3159 2564 *Ιι
3207 2510 3299 2557 εει

569 2578 733 2646 ad¹l⁶
768 2592 834 2639 ιιι
867 2587 1025 2638 modo
1057 2590 1181 2638 erat
1221 2584 1570 2637 circulusad
1503 2574 1691 2641 ati-'li
1749 2582 1856 2635 Hic
1900 2583 2099 2647 nescio,
2146 2602 2216 2639 an
2260 2584 2312 2637 id
2359 2586 2499 2655 quod
2542 2591 2632 2638 est
2670 2584 3100 2640 demonstrabile
3140 2590 3295 2638 recte

569 2666 744 2721 dicam
791 2670 1044 2737 λογικον.
1129 2664 1273 2717 Nam
1320 2664 1650 2733 quadratum
1695 2661 1892 2715 lateris
1940 2662 2435 2735 quinquangularis
2484 2664 2594 2717 scio
2642 2663 2965 2718 irrationale
3012 2663 3146 2726 dici,
3196 2664 3293 2716 sed

573 2750 762 2801 tamen
787 2744 1124 2817 geometrice
1154 2741 1516 2797 demonstrari
1543 2747 1749 2812 potest,
1792 2740 1983 2812 itaque
2014 2744 2161 2800 aliud
2191 2744 2274 2798 illi
2301 2761 2499 2799 nomen
2527 2746 2658 2798 dare
2689 2750 2745 2798 te
2774 2746 3041 2818 magistro
3072 2744 3299 2808 discam,

569 2827 788 2880 interea
813 2831 1043 2878 vocetur
1071 2827 1318 2894 λογικον,
1359 2824 1499 2893 quod
1538 2823 1901 2876 demonstrari
1938 2825 2275 2893 geometrice
2310 2831 2519 2894 potest.
2576 2823 2683 2880 Sed
2712 2831 2877 2894 patet
2902 2825 3031 2878 hinc
3060 2841 3295 2894 quoque,

569 2907 718 2959 hunc
747 2909 918 2975 λογον
943 2901 1402 2972 imperfectiorem
1429 2918 1571 2964 esse,
1603 2919 1724 2956 cum
1751 2918 1863 2956 non
1890 2902 1965 2955 sit
1990 2902 2187 2959 lateris
2216 2904 2575 2975 pentagonici
2602 2907 2929 2974 quadratum
2959 2907 3029 2958 ad
3058 2905 3297 2976 quadra-

571 2991 688 3038 tum
715 2982 989 3044 diametri,
1034 2989 1098 3034 ut
1135 2998 1390 3035 numerus
1421 2983 1491 3035 ad
1529 2997 1843 3043 numerium
1886 2983 1983 3035 sed
2022 2989 2210 3038 tamen
2248 2985 2391 3038 duae
2419 2985 2705 3054 potentiae
2734 2991 2795 3038 et
2819 2985 2983 3053 hujus
3013 2983 3208 3038 lateris
3238 2990 3301 3036 et

577 3064 877 3118 subtensae
905 3062 1116 3131 angulo
1136 3059 1369 3129 junctae
1399 3067 1529 3114 sunt
1556 3062 1626 3115 ad
1655 3061 1964 3130 potentiam
1993 3063 2247 3118 diametri
2274 3073 2339 3118 ut
2367 3065 2400 3117 5
2432 3067 2503 3118 ad
2531 3065 2589 3118 4.

728 3141 903 3196 Sexto
939 3135 1021 3201 οΙ..
1079 3142 1218 3195 Nam
1249 3140 1597 3195 subtenditur
1625 3142 1804 3195 latere
1833 3145 2199 3212 sexangulari
2228 3150 2439 3215 λογικῳ
2475 3145 2723 3214 perfecte
2760 3151 2929 3214 atque
2958 3143 3125 3196 etiam
3155 3145 3301 3214 ῥητῳ

571 3229 632 3276 ει
666 3217 727 3283 Ἰ.
762 3223 832 3274 ad
871 3214 931 3282 Ἰ.
965 3228 1054 3274 εει
1079 3227 1142 3274 ιιι
1169 3222 1326 3274 modo
1355 3219 1589 3274 circulus
1618 3222 1689 3274 ad
1727 3213 1805 3280 Ἰ..

730 3300 974 3371 Septimo
1011 3294 1090 3360 Ἰ..
1147 3301 1290 3354 Nam
1319 3300 1667 3354 subtenditur
1695 3302 1873 3356 latere
1922 3297 1973 3370 Χ
2021 3306 2233 3374 λογικῳ
2267 3303 2618 3374 imperfecte,
2664 3303 2759 3356 sed
2797 3320 2917 3356 cum
2952 3302 3134 3356 latere
3162 3319 3300 3370 pen-

572 3379 768 3452 tagoni
796 3381 1045 3520 juncti?
1060 3383 1271 3452 λογικῳ
1313 3381 1576 3450 perfecte,
1625 3388 1689 3435 ut
1729 3382 1851 3435 loco
1895 3383 2085 3455 quinto
2128 3383 2273 3446 dixi3
2324 3391 2383 3437 et
2417 3375 2584 3443 ’Διά
2621 3376 2677 3444 Ἰ.
2726 3391 2815 3437 εει
2851 3389 2917 3436 ιιι
2958 3398 3131 3451 supra
3171 3387 3301 3436 erat

571 3461 805 3516 circulus
846 3463 916 3514 ad
1000 3488 1021 3520 2

733 3541 942 3595 Octavo
979 3534 1059 3600 Ἰ..
1115 3541 1261 3596 Nam
1297 3539 1646 3596 subtenditur
1673 3542 1859 3596 latere
1904 3541 1967 3617 ῆς
2009 3549 2071 3599 ιο
2074 3561 2215 3614 γικῳ
2250 3539 2569 3611 imperfecte
2607 3542 2943 3611 simpliciter,
2986 3542 3083 3594 sed
3112 3547 3299 3596 tamen

1423 3621 1865 3686 demonstrabili,
1915 3633 1976 3678 et
2028 3616 2086 3682 'lo
2138 3623 2210 3675 ad
2264 3614 2323 3681 Ἰ.
2366 3629 2457 3676 εει
2500 3630 2564 3676 ιιι
2608 3624 2765 3677 modo
2812 3621 3046 3675 circulus
3091 3623 3161 3674 ad
3210 3612 3294 3680 Ἰ..

1030 3761 1066 3826 ¹!
1117 3725 1219 3865 {ss:
1250 3688 1354 3827 μζ.
1432 3699 1538 3754 Hic
1581 3699 1816 3755 omnium
1864 3702 2159 3757 vilissimus
2205 3707 2295 3754 est
2338 3704 2541 3845 λογοὲ,
2589 3707 2877 3835 etidtaxgen
2914 3704 3118 3833 faros,
3134 3706 3300 3833 Hstat

577 3871 630 3936 ¹1,
708 3825 814 3965 :12³
893 3831 946 3934 y·
1024 3799 1088 3934 :12
1330 3797 1353 3830 ⁸
1426 3779 1677 3926 ξὲἱῒιέἒ
1712 3781 2343 3931 3333‘122552331503‘
2358 3798 2635 3931 2530,ss
2693 3799 2916 3916 {affl
2938 3787 3140 3913 mitam
3192 3795 3297 3912 :52²

726 3907 810 3973 Α
907 3906 945 3972 l·
1023 3907 1198 4008 ,ΑΙ
1425 3936 1572 3991 ditur
1600 3948 1920 3996 numerator
1946 3940 2341 3995 denominatori
2385 3947 2446 3994 et
2478 3942 2543 3996 fit
2580 3958 2751 3994 novus
2798 3942 3007 4010 duplex
3050 3939 3292 3993 denomi-

1040 3978 1082 4042 Α
1113 3939 1218 4075 {³4
1157 4011 1215 4076 ‘lo
1423 4023 1604 4082 nator,
1636 4017 1792 4087 cuius
1822 4027 2200 4076 numeratores
2229 4021 2371 4075 fiunt
2396 4026 2513 4075 tam
2544 4019 2922 4075 denominatur
2949 4019 3099 4090 prior
3128 4036 3295 4089 quam

1421 4106 1757 4152 numerator.
1828 4101 1957 4157 [nde
1994 4107 2171 4172 patet,
2216 4118 2312 4155 cur
2350 4118 2457 4154 non
2494 4117 2683 4156 eamus
2721 4099 2973 4154 ulterius.
3030 4098 3294 4168 Exempli

564 4194 738 4234 causa
765 4175 822 4230 in
857 4167 949 4238 Ἰι,
1001 4173 1036 4228 3
1074 4183 1134 4228 ει
1171 4176 1210 4229 4
1247 4182 1378 4229 sunt
1419 4173 1471 4230 7.
1547 4181 1626 4232 At
1661 4180 1998 4236 subtendens
2044 4171 2100 4239 'lv
2150 4198 2258 4234 non
2296 4187 2383 4234 est
2426 4180 2888 4235 demonstrabilis.
2956 4179 3139 4242 Quare
3182 4195 3292 4232 non

563 4264 754 4329 potest
781 4273 905 4310 esse
933 4257 1110 4308 bonus
1140 4259 1320 4325 λογος,
1361 4254 1408 4308 εἰ
1437 4255 1715 4311 circulus'
1701 4276 1756 4312 ιιι
1787 4259 1823 4313 3
1853 4267 1913 4314 ει
1941 4262 1979 4315 4
2006 4259 2299 4315 dividatur.
2357 4259 2448 4314 Sic
2474 4260 2645 4314 etiam
2672 4267 2803 4330 post
2835 4255 2917 4324 ¹l0,
2969 4253 3052 4319 Ἰ,
3095 4275 3291 4329 seque·

559 4345 718 4393 retur
751 4328 835 4400 ¹lv,
871 4328 929 4394 ‘n'
940 4327 1075 4398 ..⁸l2
1113 4329 1196 4393 Ὗς.
1255 4335 1332 4388 Ει
1359 4342 1489 4404 post
1519 4329 1580 4396 ‘lo
1617 4347 1943 4408 sequeretur
1975 4333 2181 4404 ⁸19,⁵l0.
2239 4344 2318 4393 At
2345 4341 2681 4393 subtendens
2712 4333 2774 4399 Ἰ.
2817 4356 2925 4392 ιιοιι
2954 4345 3043 4391 est
3071 4338 3291 4392 demon-

562 4416 833 4473 strabilis.
882 4415 1020 4468 Post
1049 4409 1109 4474 ‘’l-
1133 4419 1193 4468 et
1218 4407 1276 4474 ⁸l.
1311 4423 1636 4485 sequeretur
1670 4410 1778 4480 ‘lm
1817 4412 1923 4484 ἰ’,ιι
1962 4414 2069 4482 'lm
2106 4411 2161 4478 Ἰι
2170 4449 2214 4482 ι,
2246 4426 2309 4472 at
2335 4421 2669 4473 subtendens
2700 4419 2845 4473 tales
2876 4433 3035 4472 arcus
3065 4435 3173 4471 non
3204 4423 3293 4470 est

563 4494 1036 4551 demonstrabilis.
1089 4495 1221 4547 Inde
1250 4501 1427 4562 patet,
1468 4514 1564 4549 cur
1599 4491 1678 4560 Ἃ,
1717 4491 1778 4557 Ἰ.
1810 4499 1985 4553 faciat
2012 4503 2206 4570 λογον)
2247 4505 2309 4553 at
2349 4517 2459 4552 non
2498 4492 2574 4562 70,
2614 4493 2693 4560 Ἰ..
2752 4499 2895 4553 Nam
2923 4497 3031 4551 etsi
3071 4491 3128 4556 Ἰ.
3161 4499 3291 4550 sub·

563 4585 726 4630 tensa
753 4577 1174 4637 demonstratur,
1206 4575 1356 4627 latus
1378 4592 1573 4644 nempe
1589 4579 1880 4648 octogoni3
1912 4584 2097 4633 tamen
2126 4577 2591 4632 constituerentur
2619 4577 2673 4630 in
2701 4577 2903 4632 circulo
2931 4583 3123 4646 partes
3160 4579 3209 4638 1,
3232 4576 3289 4640 7,

562 4673 705 4727 quae
733 4673 844 4710 non
870 4661 1105 4725 possunt
1133 4653 1423 4707 transferri
1450 4653 1504 4708 in
1540 4662 1712 4710 totum
1743 4657 1774 4712 7
1807 4665 1867 4712 et
1894 4659 2017 4728 ejus
2044 4666 2259 4728 partem
2295 4660 2342 4722 1,
2376 4658 2429 4722 6,
2462 4657 2591 4727 quia
2624 4659 2781 4711 modo
2822 4651 2873 4716 'lv
2919 4656 3133 4726 rejecta
3162 4656 3287 4710 fixit.

719 4751 794 4805 Hi
821 4757 954 4806 sunt
979 4767 1117 4822 ergo
1145 4750 1265 4822 logi
1301 4749 1478 4813 solidi,
1521 4751 1567 4804 si
1596 4752 1788 4820 placet
1815 4754 1964 4823 ipsos
1995 4755 2074 4808 sic
2102 4755 2399 4816 nominare,
2441 4754 2571 4826 quia
2599 4755 2739 4809 sicut
2769 4763 2883 4809 tres
2913 4757 2983 4808 ad
3012 4753 3290 4807 minimum

561 4830 758 4908 anguli
787 4838 1118 4888 concurrunt
1157 4831 1229 4884 ad
1267 4828 1514 4896 solidum,
1566 4829 1648 4885 ita
1693 4831 1750 4888 in
1793 4833 2005 4891 musica
2044 4835 2109 4890 fit
2148 4852 2223 4890 ex
2250 4834 2335 4886 his
2363 4837 2559 4910 λεγοις
2587 4835 2750 4892 trium
2780 4851 2972 4890 vocum
2999 4834 3291 4892 harmonia
