3634 5575
543 369 575 436 ί
583 367 670 437 66
1571 371 1796 436 M5⁸¹²0ffi
1836 369 2237 436 cosmam

537 531 615 596 ab
661 531 736 596 iis
784 529 1035 594 discedi.
1123 529 1544 593 Rheinholdus
1589 529 1829 612 quidem
1872 529 1935 592 iu
1981 528 2321 594 Protenicis
2368 529 2571 593 omnia
2609 527 3079 610 diligentissimo
3126 530 3264 594 dis.

533 620 756 704 posuit.
834 617 961 682 Sed
1007 619 1192 681 nolim
1237 619 1454 699 aliquis
1501 619 1616 681 hac
1663 619 1869 698 specie
1916 619 2407 698 scrupulositatis
2460 619 2769 682 inescatus
2830 617 3265 684 crassiusculoe

535 727 814 772 numeros
870 708 930 770 in
989 707 1362 772 astronomia
1424 707 1744 770 fastidiat:
1813 727 1945 770 rem
2006 707 2283 770 exactius
2348 716 2619 770 censeat.
2712 709 2832 772 Illa
2887 707 3099 772 summi
3156 706 3267 770 viri

535 798 769 861 minuta
815 805 880 860 et
923 797 1277 878 scrupulosa
1322 816 1467 858 cura
1513 801 1622 858 aut
1665 805 1763 858 est
1809 801 2061 876 propter
2096 796 2524 859 certitudinem
2554 797 2789 872 calculi,
2836 803 2945 860 aut
2988 813 3105 858 non
3124 815 3263 858 re-

537 885 806 950 cessaria
849 885 908 948 in
955 884 1232 966 partibus
1281 903 1692 959 numerorum,
1737 885 1908 966 ipsos
1956 905 2099 946 vero
2144 891 2314 948 totos
2360 903 2667 960 numeros,
2720 903 2871 966 quos
2917 892 3045 947 tam
3090 903 3263 948 soru-

537 976 745 1056 pulose
793 975 1054 1052 diduxit,
1103 993 1136 1036 e
1187 971 1519 1053 Gopernico
1568 974 1875 1055 excerpsit
1920 973 2099 1036 sicuti
2146 973 2283 1037 illos
2328 974 2579 1054 reperit.

713 1065 810 1127 Ac
855 1062 987 1144 ipse
1036 1063 1274 1144 quidem
1321 1061 1693 1142 Copernicus
1741 1080 1921 1142 quam
1965 1063 2261 1126 humanus
2308 1062 2392 1126 sit
2434 1063 2493 1126 in
2542 1062 2903 1144 recipiendis
2952 1061 3261 1144 qualibus·-

535 1173 764 1235 cunque
811 1151 1100 1228 numeris,
1160 1152 1260 1234 qui
1307 1153 1746 1233 quadamtenus
1793 1169 1871 1213 ex
1938 1159 2080 1214 voto
2144 1153 2471 1215 obveniunt
2530 1160 2595 1214 et
2648 1153 2728 1216 ad
2771 1151 3117 1216 institutum
3163 1152 3259 1214 fa·

534 1241 701 1306 ciunt
719 1289 736 1318 ,
803 1241 866 1303 id
912 1241 1257 1320 experietur
1303 1240 1559 1320 diligens
1607 1239 1931 1321 Copernici
1976 1242 2185 1303 lector.
2280 1241 2581 1304 Numeros
2604 1289 2621 1316 ,
2688 1241 2790 1320 qui
2836 1259 2945 1321 per
2990 1239 3263 1304 diversae

535 1331 916 1412 operationes
959 1331 1024 1392 vi
1083 1328 1620 1392 demonstrationis
1675 1329 1917 1410 penitus
1982 1329 2301 1392 convenire
2368 1329 2710 1398 debebant.
2778 1347 2899 1412 non
2962 1328 3261 1407 repudiat,

533 1419 809 1500 quamvis
875 1420 1218 1498 discrepent
1287 1418 1517 1499 aliquot
1591 1419 1909 1498 scrupulis.
2022 1415 2502 1480 Observationes
2568 1419 2628 1480 in
2695 1418 2975 1482 Waltero
2998 1465 3015 1492 ,
3049 1412 3138 1490 ⁸⁶)
3202 1417 3259 1482 io

531 1509 883 1570 Ptolemaeo
931 1515 997 1570 et
1041 1507 1185 1570 alibi
1233 1507 1320 1570 sic
1367 1507 1534 1587 legit,
1584 1515 1652 1569 ut
1695 1505 1770 1569 iis
1805 1525 1877 1568 eo
1908 1507 2408 1570 commodioribus
2452 1515 2661 1570 utatur
2707 1507 2783 1569 ad
2832 1507 3263 1570 exstruendum

532 1597 846 1670 calculum,
896 1597 1050 1658 unde
1098 1596 1159 1656 in
1207 1604 1476 1675 tempore
1524 1596 1730 1670 horas,
1775 1595 1838 1658 in
1886 1597 2143 1658 arcubus
2173 1597 2539 1676 quadrantes
2567 1597 2859 1677 graduum
2888 1603 2953 1658 et
2996 1594 3257 1675 amplius

531 1685 835 1748 interdum
895 1684 1204 1764 negligere
1266 1686 1362 1746 vel
1419 1692 1654 1746 mutare
1720 1685 1887 1746 nulla
1948 1685 2039 1746 illi
2104 1685 2333 1764 religio.
2426 1684 2708 1759 Alicubi,
2772 1692 2843 1748 ut
2904 1685 2964 1746 in
3028 1691 3263 1746 mutata

531 1774 987 1836 eccentricitate
1017 1772 1240 1835 Martis
1273 1780 1338 1834 et
1367 1773 1650 1846 Veneris,
1700 1774 1866 1834 sinus
1896 1773 2079 1835 etiam
2110 1774 2525 1853 discrepantes
2562 1795 2603 1835 a
2646 1773 2909 1836 veritate
2956 1779 3257 1851 acceptat,

509 1859 772 1926 'tantum
817 1861 972 1936 ideo,
1025 1861 1166 1942 quia
1210 1879 1534 1942 parumper
1581 1863 1660 1924 ad
1707 1881 1834 1938 eos,
1884 1879 2033 1942 qnos
2082 1869 2279 1942 optat,
2329 1863 2585 1942 digitum
2632 1862 2971 1924 intendunt.
3062 1861 3265 1930 Multa

531 1970 684 2032 quae
732 1970 808 2012 ex
853 1950 1045 2031 ipsius
1095 1949 1474 2013 confessione
1522 1950 1899 2012 emendanda
1946 1950 2223 2026 fuissent,
2272 1951 2517 2030 integra
2561 1958 2625 2013 et
2670 1951 2908 2014 sincera
2944 1969 3021 2014 ex
3048 1951 3259 2013 Ptole-
3372 1985 3390 1996 -

529 2059 702 2104 maso
734 2039 1055 2120 depromit,
1102 2039 1356 2102 mutatis
1385 2041 1606 2101 ceteris
1637 2040 1968 2103 similibus:
2020 2049 2199 2121 atque
2246 2039 2323 2103 iis
2368 2047 2587 2121 postea
2634 2041 3027 2102 fundamenta
3072 2056 3261 2102 novae

531 2127 935 2194 astronomiae
983 2129 1261 2191 exstruit.
1332 2126 1602 2199 Quorum
1649 2127 1913 2191 omnium
1959 2129 2104 2191 mibi
2148 2129 2410 2210 plurima
2436 2131 2795 2192 documenta
2823 2129 2993 2191 dedit
3018 2129 3259 2190 Maest-

529 2219 708 2292 linus,
758 2236 912 2298 quae
957 2215 1277 2280 brevitatis
1325 2236 1513 2280 causa
1557 2217 1734 2280 mitto
1773 2218 2100 2280 ascribere.
2175 2218 2383 2299 Atque
2432 2220 2585 2280 adeo
2631 2218 2693 2280 in
2738 2217 3263 2297 reprehensionem

531 2307 832 2372 incurrere
870 2305 1008 2386 jure
1055 2305 1400 2368 videretur:
1461 2306 1576 2368 nisi
1623 2307 1898 2368 consulto
1945 2306 2223 2382 fecisset,
2282 2327 2355 2369 eo
2404 2307 2561 2388 quod
2608 2313 2981 2388 praestaret,
3030 2305 3259 2385 imper·—

531 2395 756 2457 fectam
804 2394 1240 2475 quodammodo
1288 2394 1510 2458 habere
1558 2395 2011 2466 astronomiam,
2059 2414 2241 2476 quam
2276 2397 2517 2476 penitus
2556 2396 2802 2458 nnllam.
2878 2395 3039 2458 Nam
3087 2394 3253 2474 ejus-

529 2483 690 2544 modi
737 2483 976 2563 quidem
1021 2482 1414 2546 difficultates
1463 2490 1808 2558 occurrent,
1860 2483 1999 2546 dum
2046 2485 2249 2547 sidera
2294 2492 2573 2546 current:
2624 2503 2774 2564 quas
2820 2500 3145 2563 superare,
3192 2490 3259 2544 et

530 2589 646 2632 nou
693 2570 1046 2652 impeditum
1093 2571 1171 2633 ad
1217 2573 1712 2635 constitutionem
1757 2573 2052 2634 scientiae
2098 2593 2234 2635 cum
2280 2573 2522 2636 minimo
2580 2573 2798 2634 damno
2858 2572 3133 2652 aspirare
3188 2577 3257 2636 ut

529 2677 712 2720 ausus
763 2667 859 2720 est
907 2657 1304 2739 Gopsrnicus‚
1351 2660 1413 2722 id
1463 2660 1574 2723 viri
1621 2661 1796 2722 fortis
1846 2670 1981 2736 est3
2044 2661 2247 2742 ignavi
2294 2663 2739 2742 subterfugere,
2788 2660 2984 2724 timidi
3032 2662 3253 2741 despe-

530 2763 665 2811 rare
722 2753 787 2811 et
841 2765 1078 2809 omnem
1141 2747 1296 2810 hanc
1359 2767 1566 2812 curam
1629 2748 1914 2829 abjicere.
2006 2748 2527 2822 Quemadmodum
2582 2759 2649 2813 et
2702 2750 2832 2830 ipse
2883 2748 3253 2830 Copernicns

531 2835 682 2898 haec
727 2836 904 2898 modo
953 2834 1254 2899 recensita
1301 2840 1628 2915 σφαλματα
1673 2838 1748 2900 de
1795 2858 1863 2900 se
1910 2857 2101 2919 neque
2148 2840 2494 2904 dissimulat
2516 2889 2533 2916 ,
2598 2858 2789 2920 neque
2848 2856 2985 2901 cum
3008 2837 3253 2918 'pudore

533 2922 777 2985 fatetur.
869 2922 1166 3001 Exemplo
1211 2925 1549 2987 Ptolemaei
1605 2933 1668 2988 et
1723 2934 1995 2987 veterum
2050 2946 2117 2989 se
2178 2930 2373 2991 munit
2392 2976 2407 3004 ,
2476 2929 2831 2991 difficultate
2896 2924 3253 2989 observandi

534 3016 803 3084 excusat,
855 3021 1038 3091 atque
1085 3010 1302 3091 ubique
1349 3013 1490 3075 aliis
1536 3015 1810 3093 exemplo
1856 3015 2069 3095 praeit,
2120 3016 2179 3077 in
2218 3018 2663 3096 praeclarorum
2698 3017 3075 3079 inventorum
3103 3034 3251 3077 con-

533 3098 868 3159 firmatione
915 3098 1241 3161 minutulos
1289 3100 1472 3163 hosce
1521 3101 1798 3165 defectus
1858 3106 2317 3169 contemnendi:
2388 3107 2546 3187 qnod
2610 3105 2727 3168 nisi
2790 3106 3017 3167 factum
3072 3110 3256 3166 autea

533 3184 782 3260 fixisset,
836 3204 1136 3266 nunquam
1180 3188 1570 3252 Ptolemaeus
1616 3189 1784 3253 illam
1829 3195 2077 3272 μεγαλῳ
2120 3191 2419 3269 συηαέιν,
2468 3194 2837 3276 Copernicns
2882 3214 3001 3255 tm
3042 3192 3253 3256 ἀπλη-

532 3294 730 3335 τυσων
773 3274 989 3348 libros,
1037 3274 1450 3339 Rheinholdus
1497 3278 1851 3342 Prutenicas
1900 3282 2071 3343 nobis
2122 3284 2435 3345 edidisset.

707 3362 920 3444 Neque
969 3365 1194 3426 nullam
1244 3367 1696 3430 excusationem
1741 3368 1887 3431 mihi
1936 3378 2149 3451 quarto
2206 3372 2337 3435 loco
2396 3371 2747 3453 suppeditat
2790 3371 2898 3433 illa
2940 3369 3251 3432 Maestlini

534 3448 744 3511 tabula
799 3449 857 3512 in
906 3471 1040 3532 cap.
1097 3451 1196 3517 15.
1255 3454 1526 3517 inserta.-
1597 3454 1969 3537 Cepernico,
2038 3480 2173 3522 cum
2227 3461 2708 3525 eccentricitates
2772 3459 3150 3541 planetarum
3216 3478 3255 3519 a

532 3536 885 3601 Ptolemaeo
933 3546 1326 3612 mutuaretur,
1375 3542 1520 3606 nibil
1568 3546 1762 3609 minus
1811 3566 1987 3629 qnam
2037 3550 2111 3610 de
2150 3550 2263 3613 hac
2306 3550 2508 3613 divina
2545 3549 2843 3613 coelorum
2869 3547 3251 3628 proportione

532 3625 834 3689 suboluit:
883 3638 951 3691 ut
996 3648 1110 3691 non
1161 3630 1378 3711 injuria
1422 3633 1813 3699 vehementer
1861 3638 1995 3717 quis
2032 3638 2299 3712 miretur,
2347 3640 2541 3718 ipsum
2586 3646 2716 3701 tam
2759 3654 2947 3718 prope
2992 3636 3073 3697 ad
3118 3654 3251 3697 eam

533 3715 910 3777 accessisse:
979 3736 1168 3797 neque
1219 3720 1344 3781 fore
1393 3724 1677 3800 putavit,
1738 3734 1806 3787 ut
1852 3727 2191 3789 necessitas
2238 3728 2562 3807 aliquando
2619 3734 2900 3807 cogeret,
2951 3725 3249 3805 inquirere

531 3801 862 3901 distantias
909 3822 948 3865 a
992 3802 1137 3867 Sole
1187 3814 1250 3868 et
1293 3806 1558 3885 ἀφηλιων
1603 3812 1755 3874 loca.
1847 3812 2009 3885 Quid
2056 3817 2268 3877 mirum
2310 3816 2509 3895 igitur,
2558 3818 2611 3879 si
2656 3816 2717 3878 in
2766 3816 2877 3877 hac
2924 3814 3003 3875 ad
3048 3813 3250 3877 vivum

529 3898 864 3992 rese-ctione
912 3898 976 3953 et
1019 3890 1300 3957 ἀναλυσει
1354 3896 1552 3959 mundi
1609 3902 1801 3964 multa
1857 3904 2383 3985 deprehendantur
2436 3906 2647 3978 rudia,
2715 3922 2847 3967 cum
2902 3902 3124 3965 artifex
3170 3902 3248 3965 ad

529 3995 776 4039 nnmma
821 3998 938 4040 non
986 3982 1366 4060 respexerit?
1448 3984 1640 4057 Quasi
1687 3989 1746 4051 in
1793 4008 1987 4070 parva
2032 3993 2289 4073 pictura,
2340 4012 2491 4073 qnae
2539 3994 2643 4054 vix
2686 3994 2988 4071 integram
3034 3992 3247 4054 faciem

530 4064 607 4127 ad
654 4084 898 4170 sensu-m
943 4070 1245 4147 exprimit,
1295 4072 1346 4133 si
1395 4075 1526 4154 quis
1573 4078 1728 4141 oculi
1775 4088 1883 4143 ant
1926 4082 2190 4161 pupillae
2230 4100 2433 4144 veram
2481 4082 2925 4162 proportionem
2973 4089 3245 4162 quaerat,

531 4174 664 4259 eum
715 4156 845 4218 falh
893 4172 1141 4219 necesse
1189 4168 1304 4221 est.
1399 4162 1688 4243 Neglexit
1731 4168 1889 4230 enim
1935 4170 2091 4233 hanc
2138 4172 2333 4250 pictor
2377 4172 2455 4232 ob
2502 4170 2857 4243 exilitatem,
2906 4178 3242 4244 contentus,

527 4264 598 4319 si,
652 4263 805 4348 quae
853 4252 994 4307 sunt
1031 4248 1421 4327 evidentiora,
1473 4256 1909 4333 quodammodo
1946 4268 2456 4338 repraesentaret.
2526 4258 2628 4323 Sic
2658 4260 2737 4322 ad
2765 4259 2919 4322 hanc
2966 4258 3245 4322 ἄναλκιν

529 4350 804 4437 quamvis
852 4334 1082 4415 optima
1128 4338 1360 4401 ratione
1408 4344 1791 4419 accesserim,
1854 4355 2108 4427 cogente
2156 4368 2247 4411 me
2295 4350 2355 4409 vi
2404 4348 2937 4411 demonstrationis
2984 4356 3049 4410 et
3090 4366 3241 4411 con-

527 4421 752 4525 d.¹¹²¹‘.'¹¹e
799 4424 885 4486 rei
932 4426 1322 4504 propositae:
1390 4430 1572 4493 nolim
1617 4440 1822 4496 tamen
1870 4444 1937 4499 ut
1985 4438 2117 4518 quis
2166 4438 2279 4501 sibi
2324 4439 2717 4518 persuadeat,
2778 4436 3057 4503 absolute
3102 4454 3241 4498 cer-

527 4516 797 4613 tisslmos
846 4532 1122 4577 numeros
1169 4535 1234 4577 se
1283 4514 1420 4579 inde
1465 4522 1762 4585 retulisse.
1858 4524 2017 4587 Fieri
2066 4545 2321 4607 namque
2365 4534 2599 4607 potest,
2648 4536 2720 4589 ut
2762 4526 2911 4587 haec
2960 4526 3097 4605 ipsa
3138 4543 3243 4587 re·-

528 4605 717 4659 sectro
767 4602 984 4663 erroris
1030 4604 1333 4667 ulterioris
1381 4626 1567 4671 cansa
1615 4612 1812 4674 fuerit.
1899 4612 2060 4676 Ecce
2110 4634 2224 4676 non
2272 4616 2432 4677 levia
2478 4615 2721 4677 indicia.
2804 4612 3089 4687 Causam,
3138 4632 3243 4675 cur

526 4692 825 4748 mutentur
871 4692 1354 4757 eccentricitates
1401 4698 1618 4761 Martis
1669 4708 1730 4763 et
1777 4700 2066 4778 Veneris,
2122 4703 2489 4783 Copernicus
2541 4706 2597 4765 in
2648 4702 3039 4767 mutationem
3086 4704 3241 4767 Ter-

525 4792 706 4877 renae
751 4778 998 4841 confert.
1067 4782 1203 4844 Non
1251 4783 1436 4863 igitur
1479 4796 1746 4852 mutatur
1791 4800 1937 4853 vera
1984 4811 2185 4855 eorum
2234 4814 2270 4854 a
2300 4792 2443 4854 Sole
2482 4792 2903 4855 eccentricitas
2921 4810 2939 4866 3
2988 4795 3237 4856 demon-

525 4870 884 4926 strationem
933 4868 1010 4929 ad
1058 4872 1292 4937 oculum
1337 4874 1526 4937 habes
1573 4880 1630 4941 in
1681 4879 1910 4941 tabula.
2004 4880 2183 4957 Quod
2232 4882 2283 4945 si
2331 4882 2423 4961 ita
2476 4890 2597 4957 est,
2656 4881 2975 4967 oportebat
3020 4900 3239 4949 eccen-
