3634 5575
1428 369 1673 435 de'mbm
1710 384 2032 451 „songiam
2067 412 2072 421 -
2953 387 3082 455 325

370 540 555 659 ηὲὶέῃυ
610 546 663 589 et
712 537 1153 594 electionibus
1189 538 1408 591 statuis?
1480 540 1627 593 Multi
1676 556 1916 609 magnam
1964 542 2058 593 illis
2111 544 2392 595 efficaciam
2447 545 2684 599 uibuunt.
2759 548 2865 612 Ego
2914 554 3089 601 contra

368 624 393 659 a
504 624 533 658 o

548 696 967 776 Keplerus:
1045 696 1143 760 De
1211 699 1719 763 inclinationibus,
1826 698 2319 775 Consideremus„
2384 702 2522 783 quid
2589 704 2672 765 sit
2733 704 3080 769 inclinatio:

370 784 687 851 Inclinatio
744 793 839 847 est
874 784 1243 863 promtitudo
1303 788 1378 847 ad
1428 796 1655 851 certum
1714 789 1954 869 aliquod
2015 791 2320 869 negotium
2376 793 2470 853 vel
2519 792 2836 867 affectum,
2892 802 2960 856 ut
3007 794 3082 855 ad

372 876 553 951 iram,
622 874 909 946 caedem,
979 874 1204 936 furtum
1251 876 1357 937 διο.
1451 876 1647 939 Vides
1696 879 1772 940 ad
1823 876 1960 940 illas
2018 878 2394 941 occasionem
2462 880 2708 959 requiri,
2777 900 2918 961 ergo
2967 902 3084 944 non

370 972 537 1026 totae
586 963 660 1025 ab
708 962 975 1025 humore.
1072 963 1161 1025 At
1208 964 1265 1025 in
1314 983 1553 1043 genere,
1602 967 1653 1029 si
1706 964 1956 1028 definias
2005 968 2434 1047 promtitudine
2473 969 2549 1028 ad
2597 988 2693 1031 res
2731 970 3080 1032 melancho-

368 1052 517 1114 licas
566 1052 705 1123 δια,
764 1050 923 1112 idem
969 1070 1078 1131 per
1123 1052 1282 1121 idem
1328 1054 1703 1135 explicatur;
1780 1054 1924 1115 nihil
1992 1074 2201 1135 nempe
2269 1057 2415 1117 fiunt
2461 1056 2655 1126 aliud,
2727 1076 2903 1139 quam
2948 1058 3080 1140 ipse

370 1142 601 1203 humor.
688 1096 1005 1202 ’Ausuiaci
1054 1134 1295 1203 dicunt:
1362 1143 1493 1203 Das
1540 1142 1623 1203 ist
1669 1142 1796 1203 sein
1845 1143 2091 1206 Humor.
2176 1144 2408 1207 Humor
2457 1145 2675 1207 transit
2724 1166 2760 1206 a
2805 1146 3078 1226 parenti-

372 1230 498 1303 bus,
550 1227 941 1307 implantatur
985 1227 1535 1309 imaginationibus„
1582 1230 1861 1309 provenit
1889 1233 2070 1293 certis
2101 1232 2269 1306 lociS,
2317 1241 2573 1313 augetur
2598 1234 2779 1309 victu,
2831 1242 2898 1297 at
2935 1242 3079 1297 tan-

370 1317 672 1379 tummodo
720 1315 1114 1381 materialiter
1160 1326 1223 1380 et
1266 1317 1461 1399 magis
1505 1318 1972 1398 particulariter.
2065 1321 2258 1383 Astra
2292 1340 2433 1382 vero
2473 1340 2688 1385 revera
2723 1331 3082 1385 concurrunt

370 1396 481 1467 sub
527 1404 936 1485 generationis
984 1405 1217 1469 formali
1266 1408 1518 1469 ratione.
1612 1407 1773 1470 Nam
1833 1407 1884 1469 si
1933 1408 2062 1470 vita
2125 1408 2379 1471 hominis
2428 1410 2564 1471 fusa
2627 1410 2710 1471 sit
2755 1412 2954 1473 Marte
3019 1410 3080 1474 in

370 1504 507 1555 ortu
552 1499 855 1569 versante,
904 1493 1164 1557 facultas
1213 1495 1436 1571 vitaliS,
1483 1504 1728 1577 recepto
1758 1496 1872 1558 hoc
1911 1495 2280 1574 charactere,
2331 1498 2550 1559 format
2583 1500 2890 1559 consimile
2939 1518 3079 1562 cor-

370 1602 481 1661 pus
529 1593 592 1643 et
637 1582 975 1655 humorem;
1042 1602 1159 1645 non
1206 1590 1409 1645 tamen
1456 1593 1523 1646 ut
1577 1584 1815 1663 penitus
1864 1585 2030 1647 eluat
2077 1594 2388 1665 acceptum
2435 1606 2474 1647 a
2518 1586 2897 1663 parentibus,
2949 1588 3079 1661 sed,

368 1669 835 1755 qualemcunque
892 1670 975 1731 sit
1031 1678 1243 1745 nacta,
1309 1672 1563 1733 inflectit
1622 1680 1686 1733 et
1732 1680 1908 1751 aptat
1969 1673 2043 1733 ad
2094 1673 2414 1735 coelestem
2465 1674 2894 1737 characterem.
2988 1674 3077 1737 Tu

370 1768 538 1821 astra
584 1758 803 1837 insigni
850 1760 1023 1838 parte
1061 1760 1234 1840 ponis
1276 1780 1351 1823 ex
1388 1760 1759 1822 ordinatione
1800 1761 2031 1835 divina3
2081 1780 2192 1840 ego
2240 1760 2461 1841 insigni
2506 1770 2678 1840 parte
2730 1783 2804 1823 ex
2856 1763 3075 1841 imagi-

369 1846 647 1920 natione,
696 1846 1115 1927 impressione,
1166 1848 1540 1929 receptione,
1598 1848 1952 1911 formatione
2001 1849 2358 1912 facultatum
2397 1848 2764 1925 animalium,
2814 1851 3076 1912 indidem

368 1936 743 1999 ordinatione
790 1936 1011 1997 divina.
1109 1936 1398 2011 Quaeris,
1456 1956 1561 2002 cur
1606 1956 1722 1999 non
1771 1938 1829 1998 in
1887 1956 2104 2016 corpus
2152 1937 2562 2018 imprimatur?
2658 1936 2818 2009 Quia
2862 1958 3076 2019 corpus

368 2023 681 2087 materiale
746 2032 808 2085 et
865 2026 1129 2087 crassius
1194 2033 1308 2087 est.
1402 2026 1627 2104 figura
1685 2026 1838 2087 coeli
1906 2032 2147 2087 constat
2203 2025 2534 2088 rationibus
2589 2026 2948 2088 harmonicis
3017 2034 3079 2087 et

370 2111 863 2191 intelligibilibus.
960 2111 1132 2195 Opus
1179 2113 1363 2193 igitur
1408 2113 1493 2175 illi
1544 2113 1840 2177 consimili
1887 2113 2178 2191 subjecte,
2229 2114 2322 2177 cui
2390 2113 2792 2193 imprimatur-3
2858 2114 2921 2175 id
2983 2122 3078 2175 est

368 2200 625 2262 facultas
674 2200 949 2263 animalis
996 2200 1111 2263 luci
1160 2209 1225 2263 et
1271 2201 1596 2264 harmoniis
1645 2209 1924 2281 cognata.

551 2287 1203 2369 Interrogationes
1250 2290 1503 2351 damnas
1551 2298 1617 2352 ut
1665 2307 1815 2369 opus
1845 2288 2068 2351 liberae
2099 2289 2445 2351 voluntatis.
2542 2290 2706 2351 Nota
2737 2290 2890 2351 hanc
2920 2310 3071 2351 cau-
3135 2320 3142 2325 .

370 2396 528 2461 sam,
597 2395 707 2439 nec
753 2395 1013 2456 unquam
1061 2385 1273 2439 contra
1319 2379 1473 2440 hanc
1522 2377 1742 2451 facias3
1810 2378 1899 2439 sic
1943 2395 2176 2439 mecum
2221 2378 2398 2456 plane
2447 2378 2651 2439 facies.
2736 2378 3075 2441 Electio-

370 2460 513 2527 nes'
543 2483 681 2525 vero
749 2484 821 2525 ne
862 2464 945 2526 ‘in
995 2467 1245 2528 eundem
1293 2486 1535 2529 censum
1593 2466 1900 2547 conjicias.
1995 2464 2227 2546 Scripsi
2281 2466 2352 2525 de
2403 2465 2474 2526 iis
2542 2476 2741 2527 antea.
2835 2467 2926 2527 De
2976 2466 3074 2526 in-

368 2552 678 2633 gressibus
726 2560 791 2614 et
838 2554 1241 2617 lunationibus
1288 2556 1423 2616 vide
1472 2573 1666 2617 meam
1713 2552 2326 2617 dissertatiunculam.

510 2640 719 2691 Fabri
740 2642 848 2690 ciu
870 2656 927 2689 s:
986 2640 1281 2703 Quaeritur,
1330 2658 1394 2693 an
1432 2644 1741 2706 planetarum
1782 2643 1908 2692 vires
1946 2642 2008 2691 ab
2046 2641 2148 2691 alia
2182 2640 2329 2690 stella
2366 2642 2538 2705 augeri
2574 2640 2648 2690 vel
2685 2640 2927 2706 debilitari
2963 2657 3074 2705 pos-

370 2709 511 2761 sint?
584 2710 743 2761 Credo
782 2727 951 2761 omnes
988 2713 1159 2763 stellas
1197 2718 1250 2762 et
1282 2713 1513 2777 planetas
1552 2728 1659 2765 esse
1699 2713 1912 2771 calidas,
1967 2718 2018 2762 et
2053 2712 2240 2781 nullum
2275 2711 2504 2775 frigidum
2541 2711 2617 2761 vel
2654 2712 2906 2761 humidum
2944 2727 3073 2768 esse,

368 2782 457 2834 sed
494 2786 634 2834 certa
668 2783 861 2832 ratione
898 2783 1142 2848 respicere
1182 2782 1397 2848 aliquam
1432 2784 1724 2850 qualitatem
1772 2786 1827 2834 in
1864 2784 2246 2834 elementaribus
2283 2783 2452 2842 rebus,
2509 2797 2656 2847 quam
2695 2782 2868 2832 astrali
2903 2782 2950 2832 vi
2989 2797 3074 2833 ex·

328 2897 333 2900 .
368 2855 491 2904 citet
526 2860 579 2904 et
614 2855 819 2910 annuet,
856 2861 915 2904 ut
949 2855 1197 2918 quaedam
1234 2856 1434 2916 herbae,
1472 2871 1601 2921 quae
1638 2855 1805 2906 Solem
1841 2855 2124 2919 respiciunt,
2161 2852 2409 2918 quaedam
2440 2853 2614 2904 Lunae
2651 2861 2840 2903 motum
2875 2854 3075 2904 imitan-

366 2931 448 2976 tm·
482 2931 536 2976 et
570 2931 824 2974 mutantur
858 2927 1026 2989 quovis
1058 2941 1247 2984 mense,
1307 2934 1365 2977 ut
1386 2932 1453 2978 ‘et
1488 2927 1617 2992 lapis
1652 2927 1917 2978 selenites:
1963 2926 2163 2975 minime
2201 2924 2466 2975 absurdum
2503 2926 2626 2985 erit,
2681 2925 2870 2976 calidas
2901 2925 3076 2974 stellas

370 2997 588 3046 excitare
627 3001 716 3045 aut
748 3003 984 3060 vegetare
1020 2996 1335 3060 qualitatem,
1393 3013 1505 3047 cum
1540 2999 1592 3048 in
1626 2998 1877 3047 medicina
1913 2997 2165 3046 videamus
2204 2995 2369 3045 calida
2427 3009 2576 3058 saepe
2615 2997 2834 3044 animare
2855 2995 3073 3059 ,frigidos

370 3065 609 3116 humores.
684 3063 737 3114 Si
783 3081 907 3130 quas
943 3082 1153 3132 geneses
1191 3081 1302 3117 cum
1340 3067 1678 3119 accidentibus
1714 3067 1962 3117 nonnullis
1999 3067 2270 3132 collegeris,
2311 3079 2494 3130 quaeso
2531 3066 2649 3114 mihi
2688 3066 2796 3115 illas
2835 3065 2900 3114 ad
2939 3081 3072 3114 com·

370 3149 517 3184 mune
564 3137 744 3186 bonum
790 3139 1171 3200 promovendum
1217 3139 1564 3190 communices.
1636 3137 1850 3202 Tempus
1899 3139 2068 3188 mortis
2105 3137 2322 3187 Cal-dani
2377 3138 2501 3186 scire
2551 3137 2790 3186 desidero.
2879 3135 3076 3186 Fratres

371 3206 435 3256 (le
468 3205 571 3269 Bry
608 3207 867 3257 ediderunt
900 3207 1049 3259 libros
1087 3209 1277 3272 aliquot
1308 3211 1505 3260 iconum
1541 3211 1796 3260 doctorum
1848 3209 2058 3259 virorum
2075 3243 2087 3262 .
2146 3209 2199 3257 in
2233 3208 2330 3258 illis
2385 3208 2510 3256 forte
2545 3215 2738 3270 tempus
2775 3207 3070 3258 invenietur.

546 3277 957 3355 Keplerus:
1027 3279 1143 3340 Vis
1191 3280 1355 3342 Solis
1402 3283 1481 3342 ad
1528 3299 1639 3341 nos
1687 3280 1969 3341 debiliter
2013 3279 2316 3356 pervenit,
2365 3297 2499 3340 cum
2545 3280 2597 3340 is
2645 3278 2894 3340 declivis
2940 3286 3070 3352 est3

368 3365 461 3427 vis
508 3365 745 3446 quidem
810 3366 974 3445 prior
1033 3367 1141 3429 illa
1200 3369 1258 3429 in
1306 3388 1442 3430 mea
1503 3367 2053 3430 dissertatiuncula.
2149 3367 2262 3428 Vis
2310 3365 2560 3428 Saturni
2605 3367 2804 3428 altera
2862 3365 2970 3428 illa
3014 3366 3076 3428 in

368 3472 505 3516 mea
549 3454 1083 3517 dissertatiuncula
1130 3456 1413 3518 debiliter
1461 3457 1539 3517 ad
1584 3475 1695 3517 nos
1740 3456 2034 3534 pervenit,
2083 3473 2217 3516 cum
2245 3472 2380 3525 non,
2433 3455 2528 3514 vel
2575 3473 2712 3516 cum
2757 3456 2893 3516 laxe
2927 3474 3074 3516 con-

368 3543 659 3621 figuratur
705 3542 851 3603 locis
899 3543 1251 3622 insignibus.
1346 3545 1432 3608 Ut
1478 3545 1735 3606 alterum
1784 3545 1941 3604 alter
1989 3549 2312 3620 oppugnat,
2364 3541 2520 3603 alter
2547 3541 2676 3604 fieri
2705 3562 2822 3603 non
2851 3549 3078 3620 potest,

370 3629 485 3692 nisi
528 3639 599 3692 ut
644 3630 858 3692 fortius
906 3632 1099 3694 altero
1145 3632 1205 3694 in
1254 3633 1410 3695 idem
1458 3632 1797 3710 subjectum
1844 3639 2124 3711 operetur
2171 3647 2517 3709 quocunque
2554 3629 2844 3707 operandi
2880 3631 3076 3692 modo.

544 3718 789 3782 Nullam
838 3717 1117 3799 frigidam
1164 3722 1410 3785 stellam
1436 3721 1714 3783 absolute
1745 3719 2119 3784 crediderim.
2211 3719 2380 3798 Lege
2420 3736 2614 3779 meam
2646 3717 3076 3781 dissertatiun-

369 3807 584 3868 culam.
679 3806 738 3867 A
786 3808 965 3869 simili
1011 3827 1157 3872 vero
1204 3828 1323 3871 non
1369 3811 1521 3871 bene
1572 3808 1792 3871 videris
1842 3807 2267 3886 argumentari,
2317 3806 2610 3885 quomodo
2659 3805 2861 3868 calida
2889 3806 3078 3885 frigus

369 3895 654 3958 efficiant.
746 3895 907 3958 Nam
954 3897 1015 3957 in
1063 3899 1362 3960 medicina
1406 3915 1541 3959 cum
1587 3897 1699 3957 hoc
1746 3897 1832 3968 fit,
1891 3915 2079 3958 causa
2125 3894 2431 3975 quaeritur
2477 3903 2539 3956 et
2585 3895 2934 3974 plerumque
2980 3894 3076 3956 in-

370 3983 625 4046 venitur.
722 3981 1066 4047 Consimilis
1116 3986 1233 4048 erit
1282 3987 1354 4047 de
1403 3975 1585 4046 astris
1619 3985 1928 4046 reddenda
1974 3993 2081 4045 aut
2108 3983 2475 4046 claudicabit
2515 3982 2862 4044 similitudo.
2939 3983 3077 4044 Fri-

368 4089 480 4150 gus
526 4080 729 4134 tamen
778 4082 1047 4136 nostrum
1108 4092 1280 4137 omne
1329 4095 1365 4135 a
1412 4074 1670 4136 materia
1714 4091 1852 4135 esse
1899 4081 2076 4151 puto,
2145 4082 2307 4133 certe
2377 4071 2666 4145 hiemale,
2735 4090 2870 4132 cum
2915 4071 3080 4132 calor

369 4157 533 4226 Solis
578 4181 689 4223 nos
737 4160 981 4223 deserit.
1075 4161 1272 4224 Nocte
1336 4163 1589 4224 brumali
1647 4163 1811 4224 altae
1862 4161 2049 4222 aedes
2099 4181 2136 4221 a
2186 4159 2406 4238 frigore
2463 4167 2706 4220 tuentur
2753 4160 3079 4220 avertendo

372 4247 677 4322 ventulos,
742 4249 1056 4312 retinendo
1106 4258 1306 4313 aerem
1353 4251 1714 4313 halituosum
1780 4269 1855 4312 ne
1904 4249 2273 4328 coaguletur.
2372 4248 2534 4308 Idem
2593 4248 2780 4309 nubes
2830 4247 3077 4308 faciunt.

368 4333 582 4398 Hieme
638 4337 831 4416 frigus
884 4337 1057 4400 nobis
1113 4337 1480 4419 proximum,
1530 4346 1766 4400 aestate
1827 4339 2115 4399 remotius
2181 4341 2244 4398 et
2291 4337 2472 4397 altius
2539 4335 2615 4396 ob
2661 4334 3080 4414 profundiores

371 4423 632 4498 halituS,
697 4425 915 4487 caloris
962 4425 1127 4489 Solis
1175 4427 1447 4489 comites
1542 4424 1769 4506 Frigidi
1835 4426 2054 4487 aestivi
2122 4427 2252 4488 dies
2319 4445 2356 4486 a
2402 4424 2628 4503 pluviis
2685 4432 2746 4485 et
2804 4423 3081 4484 diuturna

371 4507 535 4574 Solis
582 4513 1003 4590 occultatione,
1054 4536 1092 4576 a
1139 4516 1353 4586 ventiS,
1403 4515 1501 4595 qui
1550 4535 1627 4576 ex
1676 4515 1894 4594 frigida
1939 4515 2199 4594 regione,
2252 4535 2289 4574 a
2318 4512 2516 4574 tenaci
2564 4520 2627 4574 et
2660 4510 2911 4591 limpida
2946 4529 3078 4570 ma-

373 4599 544 4669 teria,
595 4620 745 4680 quae
793 4603 1253 4680 pulcherrimam
1303 4604 1489 4665 efficit
1534 4604 1950 4671 serenitatem,
2001 4604 2108 4663 sed
2149 4611 2353 4664 tamen
2401 4600 2744 4662 claritatem
2782 4599 3078 4678 perstrin-

370 4689 481 4768 git,
531 4689 793 4750 calorem
839 4691 1073 4766 minuit,
1123 4692 1319 4771 qualis
1366 4692 1475 4754 sub
1522 4691 1751 4752 amicas
1782 4687 1824 4766 5
1875 4698 1938 4751 et
1969 4690 2018 4762 Q
2068 4689 2572 4769 configurationes
2619 4711 2656 4750 a
2693 4707 2788 4749 me
2837 4687 3080 4766 saepius

372 4777 799 4840 animadversa
846 4787 961 4840 est.
