3634 5575
1507 386 1829 439 Prooemium.
2979 380 3019 451 9

327 542 448 595 nibil
484 543 638 595 habet
673 552 726 595 et
759 546 934 597 nititur
967 546 1148 597 canoni
1181 545 1534 611 &angulorum
1573 561 1606 597 a
1641 561 1694 599 se
1729 547 1845 597 elim
1882 546 2028 597 edito.
2103 545 2290 597 Verum
2324 559 2425 597 non
2460 544 2645 601 dubito.
2680 546 2795 609 quin
2831 544 3022 597 libellus

325 615 368 664 is
403 615 468 664 sit
505 616 619 666 olim
655 617 717 665 ab
753 619 857 681 ipso
896 618 1224 681 conscriptus,
1266 624 1530 682 antequam
1547 653 1561 675 ,
1600 633 1726 683 quae
1762 618 2006 682 penitiora
2038 616 2182 681 hujus
2219 616 2458 667 scientiae
2494 622 2607 667 sunt
2625 652 2639 673 ,
2685 616 2875 680 plenius
2911 631 3020 679 per·

326 694 576 736 scrutatus
609 686 786 737 fuerat.
862 689 932 738 At
965 688 1094 751 quod
1129 688 1322 746 scribis,
1361 694 1411 739 te
1446 704 1609 739 meum
1647 688 1917 739 auditorem
1954 703 2061 739 esse
2098 688 2248 743 velle.
2285 688 2335 737 id
2371 688 2597 742 obsecro.
2644 686 2869 739 disertius
2904 687 3025 735 mihi

327 758 570 821 explicem
609 758 762 809 davus
799 761 929 809 enim
965 772 1088 809 sum.
1165 756 1320 820 (Vide
1342 759 1562 811 Hansob.
1599 776 1647 825 p.
1689 757 1765 822 ³.)

466 830 712 893 Keplerus
749 830 876 883 haec
910 829 1192 894 respondit:

1515 953 1580 1017 S.
1629 956 1698 1017 P.
1748 956 1828 1019 D.

504 1077 748 1141 Literas
775 1086 930 1152 tuas,
965 1075 1314 1141 Clarissime
1342 1078 1596 1146 Domine
1622 1078 2008 1160 Praeceptor,
2038 1073 2081 1140 4
2110 1078 2251 1141 Feb.
2280 1077 2563 1157 scriptas,
2593 1073 2657 1140 4.
2687 1072 2764 1140 14
2794 1076 3022 1156 Aprilis

330 1166 536 1245 accepi
581 1174 646 1228 et
689 1167 766 1228 ad
814 1186 920 1228 eas
964 1186 1072 1247 per
1115 1167 1612 1231 Emdschochium
1655 1168 1969 1247 respondi,
2026 1174 2346 1247 propterea
2393 1167 2546 1247 quod
2592 1166 3023 1227 humanitatem

327 1260 494 1317 tuam
537 1255 861 1317 intricatae
906 1274 1074 1319 meae
1121 1275 1329 1317 manus
1375 1256 1630 1319 lectione
1679 1256 1997 1320 liberatam
2024 1255 2333 1317 volebam:
2382 1256 2650 1335 quodque
2688 1255 2835 1317 nihil
2872 1265 3022 1325 erat,

329 1344 486 1423 quod
536 1345 856 1407 tacendum
902 1352 1084 1407 esset.
1173 1345 1332 1410 Nam
1379 1364 1532 1427 quae
1579 1354 1644 1409 et
1678 1346 1808 1425 jam
1856 1352 1983 1407 tum
2028 1345 2123 1406 hic
2170 1345 2557 1423 gerebantur,
2618 1352 2680 1405 et
2734 1344 3023 1406 hacteuus

326 1433 500 1512 plura
547 1434 913 1503 acciderunt,
959 1453 1110 1513 quae
1158 1434 1546 1496 mutationem
1574 1442 1793 1509 *status
1840 1433 1955 1496 mei
2000 1440 2297 1512 spectant,
2348 1433 2558 1513 quibus
2606 1432 2789 1495 etiam
2834 1450 3022 1513 expe-

329 1521 564 1583 diendis
609 1528 712 1584 tuo
759 1522 902 1585 mihi
949 1522 1194 1584 consilio
1241 1541 1390 1603 opus
1445 1530 1578 1585 est:
1639 1524 1745 1586 illa
1800 1522 1999 1585 omnia
2040 1521 2117 1586 D.
2168 1522 2245 1584 D.
2296 1522 2556 1601 Papio,
2618 1522 2837 1583 fautori
2893 1540 3023 1583 meo

331 1610 619 1690 singulari
681 1630 882 1673 coram
941 1611 1212 1673 recensui
1268 1619 1331 1673 et
1385 1612 1524 1692 quia
1578 1612 1678 1675 ille
1735 1613 1937 1675 omnia
1981 1612 2111 1691 jam
2167 1611 2397 1691 pridem
2452 1610 2689 1673 sciebat
2742 1629 2838 1671 me
2894 1610 3023 1690 ipso

328 1699 510 1779 longe·
550 1699 789 1776 rectius,
839 1713 1018 1780 atque
1065 1700 1214 1761 adeo
1261 1699 1482 1763 certius
1527 1703 1750 1763 referre
1797 1701 1910 1764 tibi
1953 1708 2229 1761 oretenus
2265 1707 2489 1780 potest,
2540 1717 2716 1780 quam
2760 1716 2873 1778 ego
2918 1717 3025 1777 per

330 1788 576 1849 literas:
635 1788 769 1851 ideo
815 1788 1010 1869 ipsum
1055 1788 1488 1851 officiosissime
1535 1790 1728 1865 oravi,
1787 1811 1861 1851 ne
1906 1789 2078 1863 mihi,
2136 1788 2236 1849 ubi
2282 1790 2361 1851 Η.
2383 1788 2571 1851 Tuam
2618 1787 3019 1861 convenisset,

326 1876 442 1938 bac
491 1894 676 1957 opera
721 1877 980 1939 deesset.
1072 1875 1192 1948 Qui
1238 1898 1352 1940 non
1401 1879 1591 1940 solum
1635 1879 1695 1942 id
1743 1898 1808 1939 se
1865 1878 2160 1940 facturum
2213 1878 2467 1958 recepit,
2530 1878 2639 1939 sed
2694 1876 2877 1939 etiam
2930 1895 3024 1937 me

328 1965 658 2045 praesenti·
687 1974 748 2027 et
794 1966 1044 2029 salutari
1092 1967 1342 2029 consilio
1396 1967 1720 2031 instruxit:
1789 1967 1940 2029 adeo
2000 1973 2067 2028 ut
2122 1966 2265 2028 nihil
2320 1973 2547 2040 restet,
2614 1985 2791 2046 quam
2828 1974 2902 2027 ut
2945 1940 3023 2027 H.

329 2055 520 2117 Tuam
548 2055 836 2134 majorem
864 2055 923 2116 in
953 2055 1186 2118 modum
1217 2074 1438 2135 rogem,
1487 2076 1560 2119 ne
1592 2057 1943 2135 dedignetur
1970 2055 2029 2117 in
2068 2055 2185 2117 mei
2222 2055 2480 2135 gratiam
2520 2056 2597 2117 ab
2633 2056 2735 2118 illo
2775 2052 3021 2127 discere,

326 2161 480 2224 quae
509 2162 602 2205 me
641 2162 858 2205 causae
889 2152 1190 2219 moveant,
1239 2146 1550 2225 quominus
1589 2146 1923 2209 existimem
1971 2144 2113 2207 mihi
2162 2144 2383 2207 diutius
2432 2152 2610 2225 atque
2658 2143 2719 2205 in
2766 2162 3023 2223 sequeu-

326 2240 452 2294 tem
489 2252 704 2295 annum
734 2228 820 2297 96
861 2233 960 2295 hic
999 2232 1516 2295 commorandum:
1578 2235 1790 2296 deinde
1838 2252 1977 2295 vero
2024 2234 2335 2314 perpensis
2380 2234 2455 2295 iis
2502 2232 2700 2296 causis
2747 2251 2840 2295 me
2888 2250 3023 2293 cer·-

323 2322 542 2384 tiorem
570 2322 808 2393 reddat,
854 2322 992 2402 quid
1032 2321 1532 2385 consultissimum
1573 2323 1899 2385 existimet.
1973 2321 2236 2402 Cumque
2266 2322 2449 2384 nolim
2474 2322 2785 2404 quicquam
2816 2329 3026 2383 contra

327 2410 752 2491 obligationem
797 2431 990 2473 meam
1039 2412 1268 2473 facere:
1329 2411 1475 2473 illud
1521 2412 1703 2474 etiam
1728 2412 1904 2476 -scire
1951 2418 2201 2491 expeto,
2250 2411 2688 2475 consulendane
2736 2410 2817 2472 sit
2860 2410 3027 2472 curia

324 2499 489 2581 prius
534 2505 714 2579 atque
773 2500 908 2562 binc
955 2512 1046 2561 me
1095 2501 1396 2563 conferam
1443 2501 1744 2563 aliorsum.
1832 2502 2021 2563 Putat
2067 2498 2222 2564 enim
2268 2500 2344 2562 D.
2395 2500 2647 2579 Papius,
2708 2518 2885 2579 posse
2932 2516 3024 2561 me

325 2590 580 2651 honesto
610 2589 852 2664 salario,
901 2608 1034 2651 cum
1079 2589 1275 2668 aliquo
1321 2589 1610 2668 discipulo
1639 2591 1704 2653 iu
1743 2589 2005 2669 aliquam
2034 2587 2406 2650 academiam
2445 2588 2768 2651 discedere.
2831 2587 3021 2649 Deni-

328 2696 442 2757 que
491 2677 546 2738 si
591 2696 738 2756 opus
784 2678 1008 2739 habeat
1049 2678 1130 2739 H.
1179 2677 1310 2738 Tua
1356 2678 1700 2741 dilucidiore
1757 2676 2191 2757 explicat-ioue,
2250 2685 2429 2759 atque
2486 2677 2549 2739 id
2602 2677 2745 2748 mibi
2792 2676 3023 2757 signifi-

325 2766 556 2828 caverit
603 2765 892 2840 (fortasse
939 2767 1123 2830 etiam
1157 2765 1286 2828 sine
1322 2766 1462 2839 hoc)
1511 2787 1623 2850 ego
1669 2767 1899 2847 prolixe
1946 2765 2225 2829 scribam.
2299 2766 2575 2830 Nondum
2623 2785 2789 2843 sane,
2836 2766 3025 2827 Prae·

326 2863 536 2942 ceptor
563 2855 1144 2928 benevolentissime,
1196 2863 1430 2936 tempus
1471 2867 1582 2932 est,
1632 2866 1700 2918 ut
1735 2875 1993 2918 messem
2032 2865 2265 2918 tuorum
2311 2855 2725 2918 beneficiorum
2771 2874 2847 2917 ex
2891 2874 3024 2918 mea

329 2943 696 3025 gratitudine
759 2945 1028 3026 colligas.
1125 2943 1326 3015 Quare
1382 2946 1535 3007 hanc
1591 2965 1769 3026 porro⁴
1824 2953 2151 3016 sementem
2210 2944 2407 3006 facere
2467 2965 2541 3006 ne
2600 2945 2846 3024 pigeat:
2912 2944 3023 3005 hac

327 3041 494 3096 certa
531 3051 657 3112 spe,
711 3034 832 3095 fore
873 3043 938 3095 ut
966 3035 1260 3096 cumulate
1291 3034 1610 3116 aliquando
1649 3035 2063 3114 respondeam,
2109 3052 2241 3094 cum
2268 3034 2437 3096 Deus
2483 3033 2648 3116 mihi·
2675 3033 3023 3095 facultatem

327 3140 436 3204 pro
474 3142 586 3185 sua
615 3123 932 3185 clementia
959 3123 1213 3203 largitus
1245 3123 1438 3185 fuerit.
1505 3123 1626 3186 Sed
1675 3143 1787 3185 non
1838 3125 2011 3202 plura
2054 3122 2232 3196 addc,
2278 3129 2349 3184 ut
2388 3123 2486 3186 vel
2533 3122 2719 3189 semel
2766 3121 3027 3184 breviter

329 3212 624 3282 scribam,
683 3231 790 3272 nec
847 3220 908 3272 te
965 3219 1030 3273 et
1081 3219 1186 3274 tua
1241 3212 1484 3291 negotia
1527 3213 1768 3275 nimium
1811 3212 2171 3292 perturbem.
2265 3212 2395 3274 Deo
2442 3231 2550 3273 vos
2606 3230 2811 3272 omnes
2856 3229 3021 3272 com-

328 3301 564 3362 mendo.
631 3301 709 3361 H.
741 3301 903 3364 Tuae
951 3301 1184 3382 conjugi
1228 3300 1688 3364 honestissimae
1737 3301 2063 3362 officiosam
2110 3300 2363 3362 salutem
2411 3300 2565 3364 dico.
2630 3299 2769 3362 Erit
2812 3299 2913 3362 ubi
2950 3298 3027 3360 ad

329 3389 404 3452 D.
435 3397 890 3469 praeceptorem
921 3387 1174 3451 Gellium
1205 3389 1484 3464 scribam,
1531 3390 1582 3452 si
1622 3389 1762 3470 quid
1809 3391 1946 3452 novi
1992 3390 2141 3450 haec
2180 3398 2385 3453 aestas
2420 3388 2786 3469 produxerit.
2852 3389 3025 3450 Nunc

329 3479 528 3541 omnia
581 3496 783 3540 coram
836 3478 914 3541 D.
971 3477 1196 3558 Papius
1253 3478 1606 3542 recensebit.
1710 3477 2001 3540 Omnibus
2058 3483 2259 3539 autem
2326 3479 2474 3542 meis
2536 3477 3024 3558 praeceptoribus

331 3567 830 3630 officiosissimam
875 3567 1134 3628 salutem
1181 3567 1331 3628 dico.

505 3655 662 3718 Vale
710 3654 769 3717 7.
829 3655 902 3718 17
949 3656 1098 3736 Maji
1143 3673 1298 3718 anno
1335 3651 1439 3720 95.
1829 3727 1837 3734 .
1912 3655 1988 3716 Η.
2038 3655 2105 3716 Τ.
2158 3653 2565 3718 deditissimus
2614 3655 2939 3736 discipulus

2148 3743 2237 3806 M
2285 3743 2391 3805 J0.
2436 3741 2697 3826 Kepler.

470 3902 630 3964 Quem
667 3918 816 3972 supra
841 3903 960 3954 dicit
982 3903 1240 3968 Kopion-us,
1281 3901 1501 3952 Joannes
1527 3901 1784 3966 Papius,
1822 3902 2091 3952 secundum
2116 3901 2420 3952 Hanschium
2456 3901 2553 3953 huc
2589 3917 2743 3968 usqne
2778 3903 3025 3968 gymnasii

331 3974 632 4025 Grastieusis
665 3975 868 4024 rectoris
901 3990 1104 4025 munere
1139 3975 1335 4024 functus
1373 3980 1503 4030 erat,
1545 3975 1652 4036 jam
1685 3987 1800 4022 vero
1837 3971 2114 4038 Tubingam
2150 3975 2383 4034 secessit,
2422 3975 2508 4024 ubi
2542 3975 2806 4024 triennium
2844 3974 3024 4038 exegit,

329 4047 444 4096 inde
483 4045 743 4096 Onoldiam
757 4083 770 4103 ‚
815 4053 990 4110 postea
1021 4045 1404 4111 Regiomontum
1447 4051 1782 4108 transgressus
1797 4079 1811 4100 ,
1860 4045 1945 4093 ubi
1990 4059 2165 4094 munus
2214 4046 2357 4094 aulici
2395 4045 2627 4096 archiatri
2663 4050 2715 4094 et
2748 4045 3025 4096 medicinae

331 4118 614 4182 professoris
647 4132 738 4182 per
769 4117 1062 4168 decennium
1095 4119 1274 4182 gessit,
1327 4131 1458 4166 anne
1497 4113 1634 4166 1622
1678 4123 1898 4166 mortuus
1934 4123 2027 4166 est.
2098 4116 2209 4166 Alio
2244 4117 2353 4183 loco
2388 4117 2601 4180 pluribus
2640 4117 2875 4167 dicendus
2912 4116 3022 4165 erit.

334 4188 476 4250 Quae
511 4187 779 4252 Keplerum
817 4203 998 4240 causae
1035 4190 1296 4248 moverint,
1345 4194 1402 4236 ut
1436 4188 1496 4237 de
1534 4188 1669 4237 abitu
1706 4201 1735 4235 e
1771 4186 1942 4248 styria
1988 4187 2255 4252 cogitaret.
2302 4187 2461 4238 nullas
2496 4187 2734 4237 habemus
2769 4189 2861 4237 nisi
2901 4189 3025 4238 forte

330 4261 462 4310 hunc
496 4261 654 4323 ipsum
690 4259 830 4324 Papii
866 4260 1132 4310 discessum
1169 4265 1222 4313 et
1267 4258 1560 4309 offensiones
1605 4258 1844 4323 quasdam
1890 4259 1940 4306 in
1987 4261 2270 4324 gymnasio,
2321 4273 2443 4324 quas
2489 4260 2653 4325 tangit
2702 4259 2755 4308 in
2800 4259 3024 4324 sequenti

331 4347 362 4382 e
395 4330 555 4380 ἰωὴ.
1437 4325 1445 4333 ’

361 4347 410 4396 ΡΙ
477 4401 622 4452 Circa
664 4401 760 4452 hoc
806 4399 937 4452 idem
985 4408 1176 4465 tempus
1189 4435 1204 4453 .
1254 4415 1348 4465 quo
1397 4401 1580 4463 priores
1627 4399 1692 4449 ad
1735 4397 2053 4450 Maestlinum
2101 4400 2239 4450 dedit
2281 4399 2477 4457 literas,
2528 4405 2713 4450 mente·
2738 4401 3023 4465 concepisse

331 4474 522 4526 videtur
555 4473 798 4538 Keplerus
833 4471 1098 4538 primordia
1131 4472 1354 4534 Mysterii
1402 4473 1476 4520 sui
1529 4472 1917 4536 cosmographici
1966 4467 2145 4534 (comp.
2192 4472 2345 4535 praef.
2383 4471 2587 4535 Kepleri
2632 4477 2918 4536 sequentem
2956 4473 3021 4522 ad

334 4547 541 4610 priorem
577 4541 882 4606 editionem),
921 4558 1076 4608 eaque
1111 4544 1366 4594 nunciavit
1400 4543 1662 4594 Maestlino
1697 4556 1869 4592 mense
1903 4541 2049 4602 Julio,
2090 4549 2145 4592 ut
2182 4558 2241 4592 ex
2275 4543 2351 4592 his
2385 4550 2594 4607 apparet
2626 4542 2798 4593 literis:

1531 4699 1595 4765 S.
1644 4701 1714 4763 P.
1760 4701 1835 4763 D.

515 4827 720 4891 Tertia
763 4827 912 4890 haec
949 4825 1205 4907 epistola
1250 4825 1394 4899 erit,
1449 4824 1798 4888 Clarissimo
1832 4825 1909 4888 D.
1940 4827 2325 4906 Praeceptor,
2376 4826 2449 4886 de
2496 4824 2707 4889 eadem
2742 4828 3017 4890 materia.

297 4918 598 4984 ‚Primam
642 4915 778 4980 dedi
826 4914 1186 4996 Tubingensi
1233 4915 1549 4985 tabellario
1596 4911 1922 5000 Steiulino,
1970 4915 2081 4986 sub
2126 4916 2301 4989 finem
2338 4915 2529 4982 nostri
2563 4912 2727 4981 Julii.
2802 4915 3019 4982 Altera
