3634 5575
617 366 718 431 'm
1824 368 2149 418 Pmoomm.

795 526 970 599 Quod
1021 534 1303 607 superest
1323 575 1338 600 ,
1416 527 1466 589 si
1535 526 1839 607 quippiam
1888 526 2321 588 humanissima
2343 556 2354 569 .
2375 526 2807 606 provocatione
2868 525 3013 589 mihi
3056 524 3355 598 elicuisti,

619 618 776 697 quod
822 616 1013 679 mixtus
1063 635 1258 679 mea-m
1308 624 1624 693 personam
1673 616 1919 687 deceat,
1988 617 2117 695 ejus
2181 634 2291 695 ego
2352 616 2590 677 veniam
2646 616 2863 677 obnixe
2910 622 3093 694 peto:
3142 614 3355 675 forsan

619 714 683 769 et
727 722 978 767 mereor.
1054 706 1190 767 Non
1239 712 1446 783 potest
1489 705 1648 765 enim
1695 704 1956 781 jucunda
2002 722 2139 765 esse
2186 704 2453 784 scriptio,
2508 724 2661 785 quae
2709 724 2829 765 non
2874 702 3200 776 sitlibera,
3234 722 3355 762 nou

619 816 697 857 ex
769 793 966 857 auimo
1033 793 1088 855 in
1167 794 1462 855 calamum
1523 794 1755 854 influat.
1850 793 2062 872 Itaque
2120 792 2191 867 si,
2243 794 2399 873 quod
2446 793 2659 867 crede,
2710 800 2925 873 gratae
2982 800 3129 852 suut
3182 810 3359 851 meae

622 882 919 963 epistolae
967 883 1174 961 Magn.
1223 883 1426 955 Tuae,
1483 882 1617 959 jure
1685 882 1837 943 hanc
1902 882 2043 943 mihi
2098 882 2444 943 libertatem
2502 888 2567 943 et
2610 882 3003 944 securitatem
3046 877 3359 941 scribendi

625 972 941 1035 concedes,

801 1060 960 1122 Vale
1006 1060 1163 1123 Nob.
1217 1066 1282 1119 et
1316 1058 1523 1137 Magn.
1560 1058 1692 1131 Vir,
1742 1078 1953 1138 meque
1982 1058 2093 1119 tibi
2123 1059 2597 1119 commendatum
2630 1057 2805 1118 habe.
2854 1053 2954 1119 16.
2976 1056 3126 1117 Dec.
3158 1050 3361 1117 1598.

2218 1147 2377 1209 Nob.
2432 1156 2497 1209 et
2542 1146 2706 1225 Mag.
2760 1146 2925 1206 Tuae

802 1236 879 1297 D.
930 1237 1006 1297 D.
1055 1236 1114 1297 J.
1161 1236 1234 1297 Β.
1285 1233 1578 1306 Fioklero,
2540 1233 3137 1296 Observantissimus

723 1326 1066 1387 venerando
1115 1331 1178 1384 et
1226 1323 1450 1402 optimo
1499 1322 1648 1393 seni,
2548 1324 2643 1385 M.
2692 1323 2840 1385 Joh.
2889 1320 3133 1403 Kepler

667 1422 891 1493 agnato
940 1433 1093 1485 meo,
1141 1413 1403 1474 salutem
1449 1411 1686 1471 officio-
2446 1410 2691 1493 Styx-iae
2738 1411 3061 1474 Procerum
3108 1411 3323 1471 Mathe

842 1502 1152 1565 sissimam
1197 1499 1495 1561 adscribo.

763 1680 796 1731 J
805 1695 834 1729 o
849 1692 1041 1727 annes
1080 1677 1454 1730 wernerus,
1503 1676 1644 1735 cujus
1682 1676 2049 1725 observationes
2086 1675 2333 1739 Keplerus
2370 1676 2613 1739 inspicere
2652 1677 2807 1740 cupit,
2842 1682 2996 1729 nattis
3035 1682 3114 1727 est
3150 1676 3359 1729 Nurim-

624 1752 804 1817 bergae
843 1765 974 1799 anno
998 1745 1152 1805 1468,
1190 1748 1254 1797 ab
1291 1762 1422 1799 auno
1451 1742 1587 1794 1498
1622 1747 1837 1809 pastoris
1871 1759 2073 1795 munere
2101 1745 2451 1811 Norimbergae
2489 1748 2687 1799 functus
2726 1755 2805 1797 est
2838 1763 2993 1811 usque
3032 1749 3099 1797 ad
3134 1754 3357 1799 mortem

625 1819 696 1883 (a.
743 1818 919 1883 1528).
993 1820 1406 1870 Mathematicam
1446 1816 1751 1879 disciplinam
1782 1818 1927 1878 juxta
1964 1816 2207 1865 ecclesiae
2253 1818 2526 1868 ministeria
2564 1820 2741 1875 coluit,
2778 1820 2829 1867 in
2869 1834 3025 1883 eoque
3064 1818 3362 1868 eruditionis

624 1908 806 1960 genere
845 1892 1088 1943 excelluit.
1130 1888 1322 1953 (Comp.
1363 1888 1806 1951 Doppelmayerum
1844 1888 1895 1935 in
1930 1887 2045 1936 hist.
2086 1888 2547 1938 mathematicorum
2584 1886 3107 1954 Norimbergensium).
3182 1889 3361 1939 Multa.

625 1964 896 2013 elaboravit
933 1978 1045 2013 cum
1081 1960 1439 2027 geographica,
1481 1966 1585 2008 tum
1624 1959 1972 2015 astronomica,
2011 1971 2175 2022 pauca
2211 1974 2323 2009 vero
2360 1962 2490 2025 typis
2527 1968 2643 2010 sunt
2679 1962 2937 2018 mandata,
2976 1967 3035 2010 ut
3068 1976 3184 2011 vere
3210 1962 3367 2011 refert

625 2038 676 2085 in
711 2036 1027 2099 sequentibus
1062 2034 1366 2083 Hervartus.

770 2106 912 2167 Quae
949 2106 1196 2169 Keplerus
1231 2106 1280 2153 iu
1320 2102 1646 2167 superioribus
1683 2101 1901 2165 queritur
1955 2100 2017 2151 de
2067 2101 2433 2153 calamitatibus
2485 2101 2724 2165 Styriacis
2772 2118 2837 2153 ea
2878 2102 3095 2166 pluribus
3142 2103 3366 2167 explicat

625 2180 674 2226 in
729 2178 884 2227 literis
940 2174 1022 2238 (d.
1076 2174 1124 2225 9.
1179 2174 1304 2225 Dec.
1358 2172 1428 2222 98
1485 2179 1537 2221 et
1589 2168 1672 2218 29.
1698 2172 1849 2237 -Αιις,
1910 2168 2010 2232 99)
2060 2172 2125 2221 ad
2162 2170 2573 2223 Maestlinum
2628 2173 2787 2235 datis,
2842 2189 2965 2239 quas
3022 2176 3365 2239 proposuimus

571 2242 574 2247 ’
659 2262 691 2297 a
731 2281 743 2294 .
786 2244 852 2296 39
893 2254 944 2298 et
982 2246 1064 2297 51.

625 2266 656 2312 p
693 2264 726 2313 g
763 2320 854 2369 He
867 2335 942 2369 rw
955 2334 1020 2369 ar
1033 2323 1132 2367 tus
1169 2318 1220 2366 iu
1259 2315 1577 2378 responsione
1621 2327 1716 2362 sua
1763 2310 1836 2374 (d.
1877 2311 1927 2362 2.
1966 2314 2083 2363 Jan.
2128 2311 2291 2373 1599)
2340 2316 2473 2364 hanc
2523 2317 2865 2377 quaestionem
2913 2330 3111 2380 prorsus
3160 2316 3365 2366 silentio

625 2392 972 2453 praetermittit
1007 2387 1062 2449 (J
1065 2389 1334 2439 esuitarum
1369 2386 1556 2437 socium
1593 2385 1742 2435 fuisse
1777 2384 2093 2437 Herwartum
2130 2384 2381 2447 constat),
2432 2386 2612 2436 additis
2659 2388 2835 2451 paucis
2890 2386 2951 2437 de
3006 2389 3361 2449 coniunctione

624 2462 835 2513 Veneris
871 2468 924 2513 et
957 2460 1192 2513 Mercurii
1229 2473 1359 2509 anuo
1398 2472 1446 2507 a.
1489 2456 1577 2505 Ch.
1617 2455 1684 2505 IX
1722 2460 1774 2505 et
1822 2457 1882 2505 de
1919 2457 2126 2521 Kepleri
2178 2456 2501 2517 Calendario,
2554 2458 2680 2507 haec
2737 2458 2800 2509 de
2851 2458 3087 2507 Wernero
3136 2459 3323 2521 profert
3344 2476 3359 2506 z

627 2534 737 2582 Von
773 2532 823 2581 J.
861 2532 1098 2583 Wernero
1133 2530 1232 2580 hab
1269 2530 1381 2579 ich:
1443 2524 1502 2589 1)
1539 2528 1590 2577 in
1627 2526 1741 2575 folio
1781 2541 1913 2577 anno
1960 2526 2093 2576 1512
2130 2529 2306 2592 impr.:
2356 2529 2639 2578 Translatio
2680 2530 3024 2595 Geographiae
3062 2528 3359 2579 Ptolemaei.

625 2601 682 2665 2)
717 2606 771 2653 iu
822 2610 994 2667 quarto
1043 2605 1180 2665 impr.
1238 2611 1368 2651 anuo
1430 2596 1598 2649 1522:
1652 2597 1809 2661 Super
1847 2594 1914 2647 22
1968 2598 2240 2649 Elemeutis
2292 2598 2504 2650 Conicis.
2580 2600 2659 2649 De
2697 2600 2810 2650 cubi
2849 2600 3199 2663 duplicatione.
3278 2600 3361 2650 De

623 2681 762 2725 motu
799 2682 1007 2725 octavae
1043 2674 1303 2736 sphaerae,
1340 2672 1392 2719 in
1429 2684 1522 2735 quo
1559 2670 1618 2719 fit
1651 2671 1839 2719 mentio
1876 2671 2271 2719 observationum
2308 2674 2434 2734 ejus.
2498 2670 2609 2720 Nec
2647 2674 2795 2729 enim,
2835 2672 2963 2735 qued
2998 2674 3173 2731 sciam,
3200 2672 3359 2721 ullum

623 2746 802 2798 librum
839 2746 992 2796 alium
1029 2745 1202 2802 edidit,
1241 2744 1294 2792 in
1331 2756 1426 2806 quo
1463 2742 1816 2794 observationis
1856 2742 2063 2804 alicujus
2102 2756 2135 2792 a
2170 2755 2226 2792 se
2262 2744 2431 2794 iactae
2466 2744 2762 2795 meminerit.

765 2817 856 2868 Da
891 2817 978 2868 der
1013 2817 1144 2866 Hert
1179 2815 1380 2866 solliche
1417 2829 1480 2863 zu
1515 2814 1670 2866 seben
1707 2813 1898 2878 begert,
1936 2813 2259 2864 iiberschicke
2294 2815 2377 2864 ich
2412 2816 2505 2866 ims
2542 2817 2633 2864 mit
2666 2815 2943 2870 uechstem,
2983 2814 3049 2874 da
3073 2814 3180 2863 ichs
3206 2815 3363 2864 aneia

629 2889 810 2939 wieder
845 2888 1024 2953 richtig
1062 2887 1344 2943 bekemme,
1385 2885 1518 2934 dann
1554 2884 1636 2935 ich
1671 2883 1843 2932 keines
1878 2889 2060 2934 viisste
2100 2883 2399 2938 auderwerts
2446 2887 2680 2936 widrumb
2732 2902 2794 2936 zu
2840 2886 3058 2935 erobem.
3134 2883 3249 2936 Und
3290 2885 3361 2935 da.

628 2960 710 3010 ich
747 2959 852 3008 Ime
886 2961 978 3008 mit
1011 2959 1282 3008 mehrerem
1319 2955 1590 3005 willfahreu
1625 2955 1786 3014 kann,
1826 2955 1916 3004 hat
1953 2971 2007 3005 er
2040 2955 2174 3005 mich
2222 2957 2391 3007 allzeit
2425 2957 2592 3022 villig.
2666 2954 2746 3006 De
2784 2955 2892 3006 aliis
2932 2957 3136 3006 aliomm
3191 2957 3357 3006 obser-

631 3031 910 3081 rationibus
945 3029 1090 3093 plura
1124 3029 1352 3092 proximis
1387 3027 1543 3076 literis
1582 3039 1745 3091 agam.
1823 3025 1999 3076 Damit
2034 3025 2126 3077 ac.
2226 3049 2233 3056 ·

773 3137 916 3187 Haec
950 3135 1256 3185 Herwartus.
1294 3134 1568 3198 Responsio
1603 3127 1811 3197 Kepleri
1850 3133 2075 3198 aliaeque
2115 3135 2389 3199 complures
2428 3135 2648 3196 ejusdem
2682 3134 2859 3185 literae
2899 3135 3078 3184 desunt
3100 3136 3151 3184 in
3189 3133 3365 3190 codice

633 3209 1034 3271 Petu-cpolitanoz
1069 3209 1124 3255 in
1159 3205 1460 3256 bibliotheca
1494 3219 1608 3254 vero
1647 3205 1791 3254 acad.
1832 3204 2032 3254 Monac.
2071 3205 2477 3269 deprehendimus
2512 3207 2685 3256 literas
2721 3206 2821 3256 illic
2859 3206 3195 3266 desideratas,
3232 3221 3361 3270 quas

633 3279 772 3334 dedit
805 3279 1051 3342 Keplerus
1087 3277 1346 3328 Herwarto
1383 3277 1430 3326 d.
1475 3273 1557 3324 29.
1595 3276 1743 3336 Jan.,
1785 3273 1867 3324 1⁴.
1910 3275 2047 3339 Sept.
2087 3283 2141 3328 et
2182 3276 2243 3325 14
2281 3277 2405 3328 Dec.
2449 3275 2616 3334 1599,
2661 3275 2739 3325 12.
2780 3277 2879 3328 Jul.
2923 3274 3079 3334 1600,
3120 3293 3147 3327 e
3184 3279 3361 3341 quibus

633 3365 712 3411 ea,
752 3365 879 3416 quae
915 3349 1012 3400 huc
1047 3350 1320 3413 pertinent,
1365 3347 1598 3397 addenda
1633 3355 1764 3396 sunt.
1839 3347 1913 3396 Ex
1949 3348 2102 3398 literis
2140 3348 2185 3397 d.
2229 3349 2277 3398 d.
2318 3345 2401 3396 29.
2442 3349 2558 3398 Jau.
2600 3346 2755 3402 1599,
2792 3350 2845 3398 in
2882 3350 3055 3412 quibus
3103 3349 3167 3399 ad
3203 3364 3357 3414 quae-

632 3424 844 3472 stionem
882 3420 942 3470 de
982 3421 1325 3484 conjunctione
1362 3418 1572 3468 Veneris
1611 3425 1662 3468 et
1697 3417 1955 3474 Mercurii,
1996 3419 2057 3468 de
2095 3419 2367 3471 Ptolemaei
2406 3425 2457 3470 et
2495 3419 2753 3484 Cepernici
2800 3419 3217 3470 observationibus
3234 3455 3249 3478 ,
3310 3427 3363 3470 et

633 3493 695 3544 de
732 3491 992 3557 eclipsibus
1027 3491 1300 3554 respondit,
1337 3490 1462 3540 haec
1502 3494 1698 3539 tantum
1737 3490 2090 3540 desumsimus:

811 3634 904 3695 De
933 3633 1327 3696 Wernero:
1379 3632 1684 3712 opuscula,
1717 3651 1869 3710 quae
1912 3633 2242 3706 annotasti,
2276 3633 2372 3694 hic
2420 3642 2577 3695 sunt.
2627 3633 2928 3696 Libellum
2976 3631 3362 3694 observatio·

637 3741 774 3786 uum
821 3722 1134 3802 Tubingae
1181 3723 1302 3784 vidi
1349 3721 1503 3800 apud
1552 3719 1963 3789 Maestlinum,
2013 3740 2183 3799 quem
2234 3723 2450 3784 solitus
2498 3729 2596 3783 est
2642 3721 2839 3784 dicere
2890 3739 3171 3800 maguum
3218 3721 3361 3782 the-

581 3883 584 3888 ,
640 3829 901 3874 sautum.
994 3811 1146 3890 Ejus
1195 3811 1503 3890 exemplar
1547 3811 1908 3888 superfluum
1956 3810 2375 3876 existimabam
2423 3811 2582 3904 apud
2630 3829 2737 3873 vos
2786 3818 3087 3891 repertum
3136 3811 3229 3872 iri.

777 3984 1120 4048 (Her-wattun:
1161 3985 1338 4046 „Quod
1377 3986 1438 4037 de
1475 3985 1696 4036 Werneri
1735 3987 2149 4038 observationibus
2186 3987 2357 4038 scribis
2370 4023 2383 4044 ,
2422 3989 2583 4038 miror.
2658 3986 2713 4038 Si
2759 3989 2935 4040 scirem
2958 4024 2971 4046 ‚
3012 3992 3182 4038 extare
3230 3986 3361 4036 illius

637 4059 1030 4114 observationes.
1065 4057 1342 4108 omnimodo
1381 4073 1603 4108 curarem
1621 4093 1634 4114 .
1673 4064 1730 4106 ut
1767 4059 1974 4122 adipisci
2010 4058 2240 4122 posset“;
2302 4059 2516 4108 deinde:
2573 4059 2797 4126 „Wegen
2834 4059 2923 4110 des
2958 4058 3182 4110 Werneri
3218 4057 3361 4108 Buch

634 4125 696 4178 de
735 4125 1170 4178 observationibus
1207 4130 1356 4192 ipsius
1402 4129 1500 4180 hab
1552 4129 1634 4179 ich
1673 4127 1941 4178 Schreiben
1988 4144 2081 4178 von
2116 4129 2593 4179 unterschiedlichen
2650 4137 2803 4196 guten
2845 4129 3027 4188 Orten,
3066 4145 3156 4178 aus
3192 4127 3359 4177 Nuru-

634 4201 754 4264 berg
775 4235 788 4256 ,
847 4197 962 4248 dass
1013 4199 1327 4264 dergleichen
1376 4216 1469 4249 von
1506 4200 1616 4250 Ihm
1663 4200 1909 4250 niemalen
1950 4213 2306 4265 ausgegangen
2358 4215 2479 4264 seyn
2534 4201 2702 4250 sollen.
2778 4199 2960 4251 Wollte
3006 4215 3128 4265 geru
3164 4199 3363 4261 visson,

633 4273 725 4320 wie
764 4271 892 4320 doch
929 4269 1018 4320 der
1051 4269 1226 4319 titulus
1263 4271 1533 4335 cigentlich
1569 4273 1697 4320 solte
1735 4271 2021 4321 beschafl'en
2057 4267 2261 4333 seyu.“)

774 4341 833 4392 ln
869 4340 1024 4393 literis
1060 4343 1109 4392 d.
1149 4342 1196 4392 d.
1239 4339 1319 4388 14.
1359 4341 1495 4404 Sept.
1540 4339 1674 4392 1599
1715 4344 1931 4392 maxima
1969 4355 2029 4392 ex
2064 4347 2204 4404 parte
2240 4342 2488 4406 Keplerus
2524 4343 2721 4392 disserit
2756 4342 2817 4392 de
2854 4345 3174 4405 quaestione,
3212 4357 3363 4406 quam

635 4412 922 4465 Herwartus
965 4415 1119 4463 movit
1176 4414 1269 4470 „de
1317 4413 1577 4463 harmonia
1626 4414 1794 4462 mundi
1846 4428 1935 4460 seu
1992 4419 2235 4462 concentu
2284 4419 2475 4477 septem
2518 4413 2893 4477 planetarum,“
2935 4413 3002 4463 ad
3036 4409 3363 4464 Harmoniam

636 4481 840 4548 Kepleri
875 4485 1034 4548 ipsam
1071 4484 1330 4533 referenda
1350 4519 1363 4539 ,
1413 4485 1692 4545 praemissis
1730 4482 1790 4532 de
1828 4486 1960 4533 vitae
2011 4485 2203 4533 ratione
2239 4483 2547 4534 instituenda
2582 4485 2733 4534 animi
2770 4483 2993 4538 sensibus
3010 4521 3023 4538 .
3070 4485 3246 4550 quibus
3284 4501 3359 4533 re-

639 4554 838 4618 spondit
871 4553 948 4602 his
987 4553 1231 4604 Hervarti
1270 4553 1330 4602 de
1369 4553 1606 4616 Tychone
1643 4555 1869 4603 nunciis:
1908 4551 1983 4612 (in
2020 4554 2172 4604 literis
2211 4556 2259 4604 d.
2300 4554 2384 4603 20.
2422 4551 2549 4616 sul.)
2592 4555 2791 4617 „Tycho
2819 4555 2954 4604 venit
2976 4555 3210 4620 Pragam,
3237 4571 3361 4605 non·

636 4626 754 4676 dum
790 4633 963 4675 tamen
999 4627 1064 4675 ab
1097 4627 1394 4688 imperatore
1431 4624 1739 4674 audientiam
1778 4627 2071 4688 impetravit,
2108 4627 2181 4674 ita
2216 4633 2273 4675 ut
2308 4627 2560 4676 nesciatur
2596 4626 2773 4682 adhuc,
2812 4627 3049 4690 numquid
3084 4629 3149 4676 ibi
3182 4628 3364 4690 pedem

637 4698 702 4746 sit
741 4695 942 4752 fixurus,
969 4697 1194 4752 necue“;
1223 4697 1402 4748 deinde
1429 4693 1502 4756 (in
1531 4696 1683 4747 literis
1710 4696 1754 4746 d.
1777 4693 1859 4748 29.
1892 4693 2075 4762 Aug.):
2118 4698 2323 4758 „Tycho
2360 4697 2524 4748 Brahe
2560 4697 2829 4759 perlustrat
2860 4707 3027 4747 castra
3058 4700 3367 4760 imperatoris

634 4769 684 4816 in
721 4765 981 4824 Bohamia.
1019 4781 1259 4828 quaereus
1295 4768 1456 4817 locum
1493 4768 1821 4822 commodum,
1859 4769 1941 4816 ubi
1980 4761 2157 4818 sedem
2184 4770 2309 4834 figat
2346 4776 2399 4819 et
2423 4769 2839 4822 observationibus
2866 4769 3157 4818 coelestibus
3196 4779 3363 4828 vacet,

635 4836 814 4886 salario
855 4833 994 4886 3000
1029 4837 1322 4889 florenorum
1361 4853 1632 4888 annuorum
1674 4835 1737 4900 (si
1774 4839 1919 4888 modo
1957 4855 2076 4890 vera
2112 4847 2191 4890 est
2226 4838 2385 4902 fama)
2440 4839 2503 4886 ab
2558 4839 2852 4904 imperatore
2899 4839 2947 4888 in
2996 4840 3246 4892 servitium
3285 4857 3361 4892 re-

2334 4967 2368 4984 f
