3634 5575
1431 421 1498 473 es
1531 421 1679 473 usu
1715 415 2039 490 astrologicis.
2294 391 2307 402 ’
2968 407 3109 490 363²

379 589 490 661 per
533 579 735 660 polum
782 579 1012 642 zodiaci
1061 577 1228 642 ducti
1277 581 1626 644 describere
1673 581 1929 644 circulos
1978 581 2319 658 domorum,
2369 581 2823 663 intercipientes
2870 581 3112 647 zodiaci

382 669 666 748 aequalia
711 669 1216 732 dodecatemoria.

559 755 850 837 Sequitur
895 757 1106 818 modus
1155 758 1546 822 construendi
1593 757 1863 820 tabulam
1912 719 2221 820 domorum
2266 759 2345 820 ad
2392 765 2651 820 mentem
2682 757 2904 832 Stadii,
2952 759 3097 822 Mac-

384 844 540 926 gini,
588 845 908 914 Everardi,
957 845 1172 920 Marii,
1222 845 1283 906 in
1332 865 1446 927 qno
1493 847 1808 926 contingit,
1859 855 1926 907 ut
1972 865 2143 909 omne
2178 847 2415 908 initium
2464 847 2672 910 domus
2709 847 2819 908 XI.
2866 847 3101 910 duabus

380 934 545 995 boris
592 933 1027 1012 temporalibus
1076 934 1300 1012 elapsis
1348 933 1557 996 veniat
1601 935 1678 996 ad
1725 935 2147 1010 meridianum,
2198 955 2369 997 omne
2416 935 2651 997 initium
2698 937 2907 998 domus
2952 937 3097 1000 XII.

383 1029 636 1102 quatuor
681 1022 844 1084 horis
893 1022 1328 1102 temporalibus
1367 1021 1608 1098 eodem3
1657 1024 1983 1084 secundum
2012 1025 2249 1086 modum
2297 1025 2642 1086 directionis
2682 1025 3099 1088 aPtolemaeo

385 1111 712 1172 traditum:
764 1112 840 1172 ad
889 1111 1264 1191 propositam
1311 1111 1688 1174 altitudinem
1734 1112 1859 1190 poli
1907 1131 2126 1191 quaere
2174 1113 2431 1174 omnium
2462 1112 2755 1193 graduum
2783 1112 3101 1194 eclipticas

385 1199 751 1279 integrorum
801 1199 1251 1262 ascensionales
1301 1200 1692 1273 differentias,
1742 1221 1891 1280 quas
1938 1200 2165 1264 habent
2210 1200 2270 1262 in
2298 1201 2639 1276 horizonte;
2688 1203 2761 1265 de
2810 1203 2883 1264 iis
2930 1222 3097 1265 sume

381 1298 617 1369 partem
661 1289 932 1358 tertiam,
992 1295 1056 1350 et
1102 1288 1284 1362 adde,
1349 1289 1399 1350 si
1447 1289 1952 1369 septentrionalia
1999 1289 2173 1370 signa
2220 1289 2469 1363 fuerint,
2533 1291 2611 1352 ad
2659 1285 2797 1364 30⁰,
2852 1299 2985 1366 aut,
3046 1291 3099 1352 si

387 1376 818 1453 meridionalia,
869 1377 1059 1440 aufer.
1155 1375 1464 1440 Summam
1512 1378 1612 1440 vel
1656 1378 1955 1440 residuum
2006 1379 2176 1441 aufer
2223 1379 2411 1441 semel
2460 1379 2538 1440 ab
2576 1377 2654 1442 A.
2688 1379 2762 1444 R.
2802 1379 3099 1462 propositi

395 1465 652 1546 gradus,
721 1473 786 1527 et
830 1465 1186 1545 relinquitur
1240 1466 1348 1528 tibi
1395 1467 1476 1529 A.
1525 1465 1601 1528 R.
1647 1467 1829 1528 medii
1876 1467 2058 1539 coeli,
2106 1468 2263 1548 quod
2313 1467 2521 1541 fuerit,
2590 1467 2639 1528 si
2686 1469 2911 1548 gradus
2959 1476 3101 1531 tuus

393 1554 635 1616 steterit
678 1553 738 1615 in
787 1554 1031 1633 cuspide
1077 1554 1192 1616 XI.
1286 1553 1354 1616 Si
1404 1575 1694 1617 summam
1748 1555 1846 1617 vel
1894 1556 2195 1618 residuum
2233 1555 2326 1616 bis
2358 1554 2699 1632 abstuleris,
2749 1556 3101 1638 relinquitur

388 1643 469 1706 A.
519 1642 596 1704 R.
648 1643 827 1715 medii
873 1643 1061 1717 coeli,
1118 1643 1542 1723 respondentis
1590 1651 1694 1706 tuo
1739 1645 1954 1723 gradui
2015 1644 2077 1705 in
2122 1643 2266 1706 XII.
2318 1645 2637 1706 collocato.
2727 1644 2848 1707 Pro
2894 1643 3103 1707 inferis

391 1730 661 1792 domibus
708 1749 852 1810 pars
898 1731 1083 1793 tertia
1128 1731 1506 1795 differentiae
1554 1733 1989 1794 ascensionalis
2037 1740 2135 1796 est
2180 1734 2511 1796 auferenda
2556 1754 2593 1794 a
2642 1729 2780 1808 30⁰,
2830 1733 2885 1795 si
2926 1733 3109 1796 fuerit

391 1819 884 1901 septentrionalis
915 1827 1051 1880 tuus
1081 1821 1327 1900 gradus,
1358 1821 1656 1895 addenda,
1707 1821 1757 1884 si
1787 1821 2198 1884 meridionalis
2210 1840 2228 1896 3
2279 1830 2342 1884 et
2386 1822 2689 1884 residuum
2718 1823 2814 1885 vel
2853 1823 3107 1897 summa,

394 1908 582 1970 semel
631 1907 845 1970 addita
891 1907 969 1968 ad
1015 1907 1095 1970 A.
1135 1909 1216 1972 R.
1273 1911 1361 1972 tui
1421 1911 1674 1989 gradus,
1736 1909 1887 1972 facit
1930 1909 2009 1972 A.
2056 1911 2135 1972 R.
2195 1909 2299 1973 imi
2346 1911 2527 1978 coeli,
2594 1909 2643 1972 si
2694 1911 2921 1990 gradus
2968 1917 3103 1974 tuus

392 1996 572 2060 fuerit
617 1997 675 2059 in
725 1995 940 2072 tert-ia3
989 1996 1080 2061 bis
1128 1999 1354 2072 addita,
1407 1997 1557 2061 facit
1601 2000 1680 2062 A.
1712 1999 1790 2061 R.
1842 1999 1941 2062 imi
1991 1998 2163 2072 coeli,
2212 1999 2265 2061 si
2292 1999 2519 2079 gradus
2566 2007 2705 2061 tuus
2749 1999 2811 2062 in
2840 2001 3108 2062 secunda

390 2085 635 2167 cuspide
683 2086 945 2148 steterit.
1035 2086 1170 2149 Hoc
1216 2097 1395 2167 pacto
1443 2107 1550 2168 pro
1598 2084 1640 2151 4
1671 2088 1945 2150 domibus
1993 2087 2155 2163 (XL,
2186 2088 2354 2162 xn„
2394 2087 2494 2161 11„
2527 2087 2671 2158 ΠΙ.)
2719 2089 3103 2150 constituun-

387 2181 486 2238 tur
530 2170 572 2237 4
623 2173 919 2249 tabellae,
989 2195 1142 2255 quae
1188 2176 1415 2238 habent
1461 2176 1520 2238 in
1565 2177 1654 2239 M.
1705 2174 1776 2239 C.
1830 2176 2062 2238 minuta
2108 2175 2503 2239 adhaerentia
2548 2177 2827 2256 partibus
2871 2176 3103 2238 zodiaci

388 2283 495 2324 seu
539 2262 828 2342 gradibus
877 2263 1151 2344 integris,
1200 2265 1258 2325 in
1307 2265 1578 2327 domibus
1626 2265 1897 2346 integros
1942 2265 2191 2345 graduS.
2284 2264 2490 2326 Facile
2540 2273 2641 2326 est
2685 2265 2887 2344 igitur,
2938 2283 3015 2326 ex
3060 2261 3103 2328 4

383 2351 611 2414 tabulis
659 2371 840 2413 unam
886 2353 1123 2426 facere,
1189 2353 1508 2416 collocatis
1567 2353 1821 2434 integris
1878 2354 2169 2434 gradibus
2217 2352 2273 2414 in
2321 2354 2409 2416 M.
2461 2351 2569 2428 0.,
2647 2363 2711 2416 et
2756 2354 3103 2434 cuspidibus

387 2440 695 2502 domorum
743 2459 877 2502 cum
925 2448 1099 2520 parte
1147 2441 1602 2522 proportionali,
1651 2442 1712 2504 h.
1764 2461 1816 2504 e.
1869 2461 2005 2504 cum
2052 2441 2523 2504 adhaerentibus
2572 2441 2819 2504 minutis
2865 2441 2925 2505 in
2958 2461 3103 2505 suos

388 2529 618 2592 loculos
666 2529 1005 2592 collocatis.
1097 2529 1448 2594 Notandum
1496 2536 1732 2606 tamen,
1791 2550 1903 2592 nos
1948 2532 2139 2594 multo
2184 2529 2407 2592 rectius
2456 2530 2535 2592 ad
2578 2540 2841 2593 mentem
2885 2530 3102 2592 Ptole-

385 2617 541 2680 maei
590 2625 976 2696 operaturos,
1036 2629 1101 2681 et
1147 2637 1324 2700 quam
1371 2619 1637 2698 proxime
1687 2621 1763 2682 ad
1812 2619 2175 2682 directiones
2222 2619 2723 2698 Regiomontani,
2774 2629 2838 2682 et
2884 2619 2943 2680 in
2990 2619 3103 2681 hoc

386 2706 627 2782 negotio
675 2707 754 2767 ad
799 2705 1081 2790 cuspides
1129 2709 1440 2770 domorum
1484 2709 1814 2772 rationales
1862 2717 2187 2784 venturos,
2250 2707 2303 2770 si
2369 2709 2738 2771 differentias
2788 2707 3102 2770 ascensio—-

386 2796 559 2858 nales
607 2816 722 2858 non
767 2796 828 2859 in
875 2798 1186 2860 horizonte
1234 2798 1380 2867 loci,
1449 2797 1558 2860 sed
1605 2817 1714 2879 pro
1761 2798 1873 2861 XI.
1926 2807 1989 2860 et
2035 2800 2145 2861 ΙΙΙ.
2208 2798 2267 2859 in
2316 2798 2541 2861 circulo
2586 2796 2937 2877 positionis,
3003 2798 3104 2878 qui

389 2885 621 2947 vicinus
669 2892 766 2946 est
811 2886 1159 2961 meridiano,
1211 2895 1272 2948 et
1318 2905 1426 2965 pro
1455 2887 1603 2949 XII.
1653 2893 1716 2948 et
1765 2886 1843 2949 11.
1892 2886 1949 2948 in
1999 2886 2221 2950 circulo
2268 2886 2608 2967 positionis,
2661 2884 2761 2967 qui
2804 2886 3105 2949 horizonti

389 2973 620 3077 ‘vicin-us
667 2980 781 3049 est,
829 2975 893 3036 id
939 2983 1038 3037 est
1084 2976 1141 3037 in
1192 2975 1430 3038 illorum
1476 2970 1831 3039 circulorum
1878 2974 2315 3039 elevationibus
2376 2976 2500 3057 poli
2546 2976 2710 3057 prius
2758 2974 3105 3039 constitutis

388 3081 846 3143 inquireremus.

569 3149 800 3213 Datum
847 3150 1022 3213 VIII.
1071 3150 1249 3213 Febr.
1305 3145 1496 3215 1611.

530 3238 642 3288 Vol.
683 3238 749 3288 Π.
809 3238 934 3289 Mss.
973 3239 1350 3297 Viennensium,
1391 3256 1420 3290 e
1456 3256 1550 3305 quo
1585 3239 1862 3305 praemissa
1899 3238 2131 3289 desumta
2164 3245 2296 3297 sunt,
2334 3236 2461 3289 haec
2497 3244 2693 3289 mmm
2732 3238 2931 3289 exhibet
2964 3238 3105 3301 Kep-

398 3310 488 3361 leri
527 3311 677 3360 verba
691 3345 705 3367 ,
763 3312 942 3359 omisso
991 3310 1187 3374 exordio
1234 3315 1287 3359 et
1333 3312 1661 3362 conclusione.
1695 3326 1710 3347 ²
1732 3313 1775 3362 Ε
1811 3310 2045 3361 Vickenii
2078 3310 2235 3360 literis
2274 3316 2482 3375 apparet
2499 3346 2512 3370 ,
2572 3310 2674 3359 alla
2712 3324 2825 3359 eum
2859 3308 3107 3373 quaedam

391 3382 640 3431 addidisse
687 3381 891 3435 leviora.
929 3383 1059 3431 inter
1095 3380 1196 3430 alia
1217 3384 1408 3447 gratias
1434 3385 1596 3447 egisse
1631 3396 1718 3446 pro
1744 3381 1873 3432 dono
1910 3382 2002 3446 ipsi
2027 3381 2160 3430 datis
2198 3395 2231 3432 a
2254 3381 2498 3431 Vickenio
2540 3380 2790 3440 „linteis“,
2827 3381 2909 3445 qni
2933 3380 3105 3431 literas

393 3466 512 3502 suas
547 3450 640 3501 has
677 3454 895 3516 proxime
931 3453 1286 3517 praecedentes
1325 3450 1396 3513 (d.
1440 3450 1522 3501 11.
1560 3453 1591 3503 J
1595 3448 1704 3513 an.)
1742 3455 1814 3503 sic
1853 3451 2129 3503 concludit:
2170 3452 2447 3509 ..Tandem
2484 3458 2544 3502 ut
2566 3453 2785 3501 animum
2818 3465 2983 3501 meum
3017 3452 3106 3501 tibi

389 3522 682 3573 benevolum
720 3538 784 3573 ex
816 3530 960 3587 parte
997 3529 1196 3575 tantum
1221 3523 1486 3579 declarem.
1525 3525 1666 3573 mitto
1693 3524 1784 3573 tibi
1822 3523 1943 3572 duos
1968 3523 2231 3573 linteorum
2256 3522 2605 3573 Silesiacorum
2628 3522 2906 3579 fasciculos,
2945 3523 3107 3572 amice

389 3607 598 3659 rogans.
651 3598 710 3643 nt
753 3596 870 3644 boni
908 3594 1165 3649 consulas.
1217 3608 1278 3643 ac
1311 3610 1371 3644 ex
1409 3596 1576 3645 animo
1622 3595 1750 3645 bono
1786 3594 2059 3657 profectum
2096 3591 2298 3651 credas3
2360 3595 2554 3655 majora
2588 3598 2937 3657 expectaturus
2972 3594 3109 3643 circa

390 3665 576 3715 festum
611 3662 940 3715 Paschatos.“
1017 3664 1272 3727 A‘djuncta
1320 3666 1458 3715 fuere
1502 3666 1582 3717 his
1618 3665 1851 3715 Vickenii
1904 3664 2057 3713 literis
2106 3664 2315 3713 aliorum
2377 3662 2594 3728 (Magini
2614 3700 2629 3722 ,
2690 3662 2904 3715 Simonis
2940 3662 3104 3719 Marii,

392 3736 645 3791 Evasi-di,
687 3734 908 3795 Orabbii)
940 3736 1132 3799 judicia
1168 3736 1230 3785 de
1271 3736 1447 3795 „modo
1485 3736 1781 3803 dirigendi“,
1819 3750 1911 3785 nec
1948 3750 2048 3785 non
2084 3736 2291 3786 tabulae
2328 3736 2541 3799 aliaque,
2580 3734 2642 3785 de
2678 3734 2853 3799 quibus
2890 3734 2981 3783 sibi
3018 3748 3105 3783 ex·

393 3807 522 3870 petit
551 3805 794 3869 ‚iudicium
831 3806 1051 3871 Kepleri·
1125 3806 1222 3867 Qui
1258 3823 1406 3871 quum
1443 3810 1663 3859 maxima
1700 3822 1760 3857 ex
1794 3814 1937 3871 parte
1976 3806 2195 3857 Stadii
2230 3806 2710 3864 vex-baremtaverit,
2750 3806 2811 3856 de
2833 3805 2931 3856 hoc
2952 3818 3105 3869 quae-

393 3877 510 3927 dam
547 3877 782 3928 addenda
817 3891 1094 3928 censemus.
1169 3877 1248 3928 De
1285 3880 1389 3929 vita
1425 3878 1590 3929 Stadii
1624 3880 1814 3945 pagina
1850 3892 2026 3929 aversa
2059 3878 2191 3929 tituli
2230 3876 2675 3941 „Ephemeridum“
2716 3875 2913 3937 (Goion.
2942 3872 3108 3937 1581)

391 3948 516 3998 haec
555 3946 730 3997 affert:
766 3947 1037 3998 Joannis
1075 3946 1313 4006 Stadii,
1351 3949 1700 4001 Mathematici
1735 3949 1947 4015 Belgae,
1985 3948 2416 4013 Epitaphium,
2454 3948 2677 3999 Jehovae
2712 3960 2871 3997 saon:
2910 3947 2958 3997 J.
2988 3946 3103 3998 Sta-

319 4073 323 4083 ,
393 4019 491 4076 dio,
529 4017 892 4069 Mathematico
909 4054 922 4074 ‚
979 4019 1042 4069 ab
1079 4018 1222 4067 editis
1259 4020 1440 4071 tabulis
1477 4028 1529 4071 et
1566 4021 1958 4086 ephemeridibus
1995 4020 2303 4085 astrologicis
2320 4056 2333 4077 ‚
2383 4020 2843 4085 commentariisque
2876 4018 3105 4069 historia-

390 4104 517 4146 mm,
553 4095 754 4153 propter
789 4102 1001 4143 acumen
1037 4090 1225 4154 ingenii
1264 4092 1426 4149 claro,
1476 4092 1690 4156 Philippi
1725 4092 1867 4156 Bisp.
1906 4094 2037 4155 regis
2072 4092 2343 4141 honorariis
2380 4090 2655 4141 Luranium
2672 4126 2685 4147 .
2738 4090 2917 4141 deinde
2954 4090 3105 4140 Lute-

395 4160 519 4210 tiam
543 4160 840 4211 Parisiorum
881 4161 946 4211 ab
969 4160 1186 4211 Hem-ico
1223 4161 1315 4210 ΙΙΙ.
1358 4162 1554 4213 Galliae
1591 4178 1728 4229 rege,
1768 4162 1835 4213 ad
1870 4162 2117 4226 publicam
2156 4174 2328 4211 earum
2354 4162 2739 4227 disciplinarum,
2780 4174 2903 4227 quas
2928 4160 3109 4212 celebri

391 4230 720 4282 studiosorum
754 4232 1008 4282 hominum
1045 4232 1098 4280 in
1133 4231 1329 4281 illarum
1365 4234 1558 4283 urbium
1595 4234 1867 4283 academiis
1904 4246 2146 4283 concursu
2183 4233 2371 4295 docuit,
2406 4234 2759 4298 professionem
2796 4233 2989 4284 adscito
3012 4230 3105 4282 &c-

392 4324 462 4337 -—·
499 4303 642 4353 Vixit
676 4304 820 4355 annis
859 4299 948 4360 53,
985 4302 1109 4353 obiit
1143 4302 1300 4365 pridie
1339 4304 1446 4354 Cal.
1471 4304 1736 4355 Novembr.
1768 4302 1957 4354 1579.ιι
1997 4324 2067 4339 -·-
2104 4304 2455 4368 Ephcmerides
2488 4305 2584 4355 has
2619 4302 2709 4365 (ab
2736 4319 2871 4354 anno
2900 4300 3111 4353 155⁴-

395 4371 558 4436 1606)
598 4374 756 4427 edidit
790 4374 920 4423 filins
958 4374 1119 4426 Stadii
1155 4372 1484 4438 Hieronymus
1523 4389 1654 4427 anno
1691 4382 1802 4439 post
1836 4383 2031 4441 patrem
2066 4381 2313 4425 mortuum
2349 4377 2595 4434 secundo,
2633 4378 2922 4425 immutatas
2957 4374 3103 4425 relin-

392 4460 546 4511 quens
585 4448 696 4497 illas
734 4460 975 4497 annornm
1016 4442 1388 4505 1554—1570,
1427 4461 1550 4511 quas
1586 4448 1692 4510 ipse
1716 4446 1939 4497 Joannes
1978 4461 2110 4497 anno
2144 4442 2275 4495 ¹556
2305 4444 2544 4496 Coloniae
2582 4443 2933 4508 imprimendas
2960 4459 3104 4495 cura·

391 4524 559 4576 verat,
610 4518 972 4583 praefationem
1009 4531 1199 4581 quoque
1235 4518 1390 4581 patris
1429 4518 1780 4583 astrologicam
1830 4519 2005 4568 iisdem
2055 4518 2157 4568 fere
2206 4518 2364 4567 verbis
2418 4516 2637 4581 (reliquis
2675 4532 2701 4565 e
2740 4517 2891 4579 patris
2926 4528 3107 4565 manu-

390 4588 584 4651 scriptis
621 4586 826 4650 additis)
873 4588 1216 4652 praemittens.
1289 4588 1350 4638 In
1386 4587 1484 4638 hac
1522 4590 1833 4652 praefatione
1884 4590 2111 4639 editionis
2156 4589 2447 4654 posthumae
2500 4586 2910 4652 deprehendimus
2956 4586 3107 4637 verba

391 4658 570 4717 Stadii,
609 4674 739 4725 quae
775 4665 920 4709 taxat
955 4658 1220 4723 Keplerus,
1257 4660 1310 4709 in
1348 4662 1512 4723 capite
1547 4661 1811 4723 inscripto:
1856 4661 1968 4720 „De
2004 4660 2227 4711 domibus
2263 4662 2365 4710 sive
2404 4658 2529 4711 coeli
2562 4658 2749 4723 figuris,
2788 4656 2923 4708 vario
2961 4658 3107 4709 mode

393 4730 668 4795 descriptis,
704 4730 985 4795 ibidemque
1021 4730 1298 4781 Ptolemaei
1331 4731 1504 4781 modus
1543 4731 1843 4795 expositus?

529 4802 807 4852 Ptolemaei
844 4802 1010 4859 verba,
1051 4816 1178 4866 quae
1217 4816 1332 4853 cum
1369 4816 1404 4853 a
1428 4800 1622 4860 stadio,
1660 4806 1766 4851 tum
1803 4817 1839 4852 a
1859 4803 2080 4868 Keplero
2118 4808 2454 4859 recensentur,
2490 4800 2724 4865 leguntur
2760 4798 2812 4848 in
2848 4812 2993 4862 opere
3028 4798 3103 4849 in-

363 4873 594 4937 scripto:
637 4872 748 4933 „De
785 4872 992 4924 Jndiciis
1028 4872 1307 4923 astrorum“
1346 4870 1817 4937 (Quadi-ipartitum)
1854 4874 2053 4938 passim,
2091 4874 2303 4923 maxime
2339 4871 2424 4920 lib.
2461 4870 2552 4920 111.
2592 4884 2704 4932 cap.
2749 4866 2833 4918 10.

533 4942 934 5004 vickenius,
999 4957 1111 4995 cnm
1157 4944 1352 4996 facilem
1399 4958 1462 4999 ex
1508 4944 1584 4995 his
1628 4944 1782 4997 literis
1831 4944 2104 5015 Keplemm
2154 4946 2477 5013 cognosceret
2524 4940 2593 4993 ad
2626 4938 3019 5009 respondendum
3054 4942 3109 4991 ct
