3634 5575
607 364 739 434 274
1704 365 1950 431 Apologia
1983 364 2230 427 Tychonis

608 524 881 605 superior
925 524 1179 587 circulus
1213 522 1470 585 Veneris
1517 522 1819 595 includat,
1889 530 2070 603 atque
2117 522 2207 583 ita
2261 524 2358 595 fit,
2407 531 2474 583 nt
2521 524 2634 590 hae
2685 526 2842 587 duae
2893 524 3140 599 stellae,
3189 542 3328 587 cum

608 632 717 693 per
764 612 1103 693 superiores
1150 612 1505 673 circulorum
1554 628 1793 671 suorum
1841 610 2100 671 vertices
2132 620 2391 689 currunt,
2445 611 2862 692 intelligantur
2901 632 3080 691 supra
3116 610 3328 673 Solem

608 704 882 774 locatae3
944 720 1079 763 cum
1134 718 1275 761 vero
1340 718 1449 779 per
1513 697 1799 761 inferiora
1864 707 2206 761 commeant
2270 699 2656 775 circulorum,
2727 699 2834 762 Sol
2899 700 2990 763 eis
3051 699 3328 779 superior

609 789 1026 853 aestimetnr“.
1121 787 1545 865 subintellige,
1592 806 1725 851 cum
1764 796 1969 849 tamen
1998 786 2159 849 idem
2187 788 2418 849 coelum
2449 788 2844 864 circumeant,
2894 788 2985 851 uti
3013 806 3194 869 supra
3223 787 3324 849 di-

607 878 807 941 cebat.
898 876 1189 957 Explicat
1234 884 1439 938 autem
1492 876 1599 937 illa
1644 875 1832 937 verba
1878 875 2182 939 Platonis:
2243 876 2756 955 comprehendunt
2813 896 2950 950 sese
3003 883 3210 940 mutuo
3259 886 3326 936 et

608 964 1206 1046 comprehenduntur,
1254 965 1431 1044 inque
1475 964 1693 1044 plagas
1732 964 2008 1037 easdem,
2057 982 2143 1025 sc.
2195 972 2356 1038 ante,
2403 984 2578 1043 pone,
2623 984 2828 1045 supra,
2873 966 3051 1043 infra.
3143 964 3322 1039 „Illis

607 1073 781 1134 ergo,
830 1054 929 1133 qui
976 1054 1271 1134 sphaeras
1317 1054 1523 1115 earum
1570 1053 1680 1115 sub
1728 1051 1872 1115 Sole
1921 1052 2227 1126 dixerunt,
2289 1053 2400 1113 hoc
2450 1053 2640 1114 visum
2690 1062 2786 1117 est
2823 1074 2902 1116 ex
2946 1052 3051 1115 illo
3098 1052 3319 1115 stella-

611 1162 741 1207 rum
788 1161 985 1217 cursu,
1036 1143 1137 1221 qui
1182 1160 1609 1222 nonnunquam
1652 1148 1722 1203 ut
1766 1140 2022 1203 diximus
2068 1140 2309 1201 videtur
2359 1140 2631 1203 inferior:
2695 1142 2794 1223 qni
2840 1151 2904 1204 et
2948 1160 3088 1202 vere
3134 1149 3322 1204 nota-

604 1230 782 1293 bilior
838 1238 961 1304 est,
1030 1231 1172 1310 quia
1216 1239 1361 1292 tunc
1408 1230 1655 1291 liberius
1702 1236 1978 1308 apparet.
2070 1228 2228 1291 Nam
2287 1248 2454 1293 cum.
2476 1230 2785 1309 superiora
2837 1238 3075 1305 tenent,
3130 1228 3323 1291 radiis

608 1319 805 1399 magis
853 1320 1222 1381 occuluntur.
1312 1318 1399 1381 Et
1444 1319 1580 1380 ideo
1624 1317 1941 1397 persuasio
1989 1316 2112 1379 ista
2157 1318 2464 1379 convaluit
2510 1327 2573 1379 et
2616 1319 2694 1380 ab
2725 1319 2996 1381 omnibus
3039 1336 3194 1397 pene
3219 1316 3320 1379 hic

606 1408 754 1469 ordo
812 1407 873 1468 in
920 1426 1097 1469 usum
1141 1415 1419 1484 receptus
1468 1414 1585 1469 est.
1676 1405 2097 1485 perspicacior
2153 1414 2356 1469 tamen
2404 1406 2748 1469 observatio
2807 1408 3098 1469 veriorem
3146 1404 3317 1467 ordi-

602 1514 741 1560 nem
789 1494 1226 1573 deprehendit“
1276 1496 1382 1557 810.

782 1584 952 1645 Haec
1000 1602 1078 1643 ex
1121 1583 1437 1645 Macrobio
1494 1582 1645 1644 lucis
1690 1580 1894 1659 gratia
1950 1580 2350 1643 transcribere
2398 1582 2590 1654 volui,
2657 1590 2724 1643 ut
2767 1581 3044 1643 Platonis
3092 1581 3316 1643 verbo·-

605 1689 732 1735 rum
781 1690 997 1733 sensus
1043 1671 1512 1750 intelligeretur,
1574 1682 1748 1750 quem
1796 1669 2258 1731 commentarius
2313 1671 2392 1731 ad
2439 1670 2667 1733 Bedam
2716 1677 2918 1745 vetus,
2981 1671 3077 1749 qui
3123 1671 3314 1731 Mart.

608 1758 901 1837 Capellae
947 1766 1212 1821 aetatem
1258 1760 1527 1839 proxime
1574 1748 1819 1820 secu'tus
1869 1764 1986 1827 est,
2031 1776 2166 1837 cap.
2205 1753 2304 1819 14.
2354 1777 2470 1819 non
2511 1760 2760 1821 obscure
2798 1758 3128 1831 confirmat,
3176 1758 3316 1819 dum

600 1848 732 1926 ipse
765 1848 1001 1927 quidem
1049 1847 1381 1927 epicyclum
1412 1846 1673 1909 Veneris
1719 1846 1877 1907 inter
1909 1842 2113 1907 Solem
2158 1856 2222 1907 et
2269 1846 2516 1907 Terram
2564 1848 2744 1923 locat,
2794 1847 3064 1925 ejusdem
3108 1855 3314 1907 tamen

510 1980 517 1987 -
602 1936 855 2017 epicycli
904 1936 1217 1997 decursum
1246 1936 1492 1998 Platoni
1538 1954 1783 1997 causam
1835 1933 1924 1995 ait
1969 1934 2339 2013 praebuisse,
2389 1953 2491 1995 cur
2538 1936 2892 2015 „aliquanto
2939 1954 3118 2017 quam
3149 1934 3316 1995 Solis

602 2033 699 2086 est
746 2024 1059 2087 elatiorem
1109 2024 1339 2087 luciferi
1385 2024 1629 2105 globum
1676 2022 2070 2083 astruxerit.“
2159 2022 2244 2083 Et
2303 2023 2542 2102 quidem
2603 2024 2656 2085 si
2703 2024 2852 2085 haec
2909 2024 3070 2085 illius
3116 2024 3310 2085 inter-

599 2112 795 2194 pretis
843 2112 1034 2175 verba
1080 2113 1453 2175 considerem
1490 2110 1868 2193 „proximum
1917 2109 2047 2171 Soli
2093 2110 2282 2171 videri
2330 2112 2739 2187 excelsiorem,
2788 2112 3124 2191 proximum
3151 2111 3309 2173 Ter-

600 2220 705 2265 rae
751 2201 1195 2276 humiliorem,“
1241 2202 1497 2286 conjicio
1541 2202 1604 2261 id
1651 2199 1804 2281 quod
1857 2198 1978 2261 dixi
2028 2199 2354 2281 epicyclum
2385 2199 2646 2263 Veneris
2685 2209 2874 2261 totum
2913 2201 3084 2263 infra
3101 2199 3310 2263 Solem

602 2290 684 2353 ab
726 2288 831 2351 illo
879 2289 1187 2353 collocari.
1279 2291 1371 2351 At
1428 2290 1480 2351 si
1538 2288 1785 2351 schema
1838 2288 2094 2349 alterum
2142 2290 2268 2359 (est
2314 2294 2518 2351 autem
2565 2289 2762 2351 editus
2821 2289 2970 2351 liber
3019 2287 3310 2351 Coloniae

606 2396 762 2442 anno
819 2376 1018 2451 1531)
1076 2377 1365 2457 aspicias,
1434 2396 1583 2439 sane
1627 2376 2000 2456 ipsissimam
2059 2374 2346 2455 Capellae
2413 2379 2776 2439 sententiam
2839 2379 3048 2439 refert.
3147 2378 3310 2447 Nam

596 2474 861 2547 punctus
928 2466 1091 2529 Solis
1153 2485 1263 2529 seu
1308 2467 1487 2529 litera
1531 2467 1571 2529 k
1626 2465 1866 2545 ponitur
1912 2465 2074 2526 intra
2120 2465 2488 2543 complexum
2538 2466 2790 2549 epicycli
2839 2464 3130 2541 VeneriS,
3197 2484 3310 2527 nec

596 2556 787 2617 verba
829 2555 1013 2617 modo
1060 2555 1332 2633 allegata
1376 2560 1747 2635 repugnant,
1796 2551 1850 2613 si
1897 2553 2135 2615 modica
2181 2552 2678 2641 interpretatione
2716 2554 3004 2633 juventur
3051 2553 3306 2616 et.illud

598 2644 976 2723 „proximum
1006 2642 1184 2707 Soli“
1230 2644 1527 2707 referatur
1572 2642 1651 2705 ad
1696 2643 1912 2713 visum,
1970 2640 2342 2721 „proximum
2383 2641 2650 2704 Terrae“
2697 2643 2777 2704 ad
2823 2651 3160 2705 centrorum
3207 2641 3305 2701 di-

598 2732 910 2797 stantiam.
1001 2732 1189 2794 Porro
1244 2733 1491 2796 schema
1551 2732 1716 2813 prius
1765 2739 1866 2792 aut
1917 2729 2196 2792 vitiosum
2257 2739 2381 2806 est,
2449 2740 2556 2794 aut
2609 2732 2686 2800 ad
2733 2732 3308 2812 repraesentandam

597 2840 801 2884 earum
849 2820 1213 2884 sententiam
1262 2830 1563 2902 aptatum,
1626 2820 1721 2899 qui
1784 2819 2114 2900 epicyelum
2159 2819 2422 2882 Veneris
2478 2839 2663 2900 supra
2707 2819 2911 2883 Solem
2967 2820 3308 2884 constitue-

1021 2933 1113 2981 rzoe.
1148 2929 1189 2972 1.
1614 2916 1781 2968 runt:
1822 2908 2126 2987 posterius
2167 2908 2410 2970 inscitia
2440 2909 2876 2989 descriptorum
2913 2910 3308 2990 depravatum

1080 3023 1117 3076 fg
1613 2995 1701 3056 sic
1730 2995 1982 3057 restituo
2015 2995 2143 3074 (fig.
2179 2995 2279 3070 7):
2333 2997 2534 3077 itaque
2582 2999 2693 3060 hoc
2731 2999 2936 3060 confer
2981 3017 3115 3060 cum
3142 2997 3308 3060 illius

1613 3085 2030 3146 commentarii
2077 3085 2334 3150 lectione
2393 3087 2460 3147 si
2495 3087 2681 3150 lubet.
2776 3086 2992 3150 Obiter
3037 3086 3196 3148 enim
3241 3094 3306 3146 te

1607 3172 1816 3251 juvare
1864 3173 2044 3236 volui.

1504 3305 1545 3339 ω
1789 3259 1915 3322 Sed
1971 3262 2048 3322 ad
2104 3280 2230 3322 rem
2289 3262 2605 3326 redeamus
2654 3269 2715 3324 et
2771 3262 2920 3324 illud
2976 3264 3049 3325 de
3093 3270 3308 3324 nostra

1610 3348 1979 3410 liberalitate
2008 3349 2150 3412 Ursi
2197 3349 2386 3430 copiis
2430 3370 2538 3431 per
2565 3371 2701 3414 sese
2731 3351 3124 3414 imbecillibus
3153 3351 3302 3412 sub-

1610 3437 1763 3499 sidio
1810 3437 2152 3500 mittemus:
2216 3440 2577 3502 sententiam
2615 3441 2798 3514 hanc,
2862 3441 3028 3520 quod
3066 3438 3173 3502 Sol
3221 3439 3306 3501 sit

1612 3534 1882 3588 centrum
1927 3527 2154 3588 orbium
2202 3526 2462 3590 Veneris
2509 3537 2571 3589 et
2616 3528 2926 3604 Mercurii,
2995 3548 3114 3590 non
3158 3535 3302 3589 tan-

1612 3622 1739 3676 tum
1769 3612 2080 3693 Capellae,
2128 3615 2236 3675 sed
2285 3615 2468 3678 etiam
2515 3617 3006 3681 commentatoris
3053 3617 3136 3678 ad
3176 3618 3303 3679 Be-

1613 3705 1767 3776 dam,
1819 3703 2138 3778 Macrobii,
2187 3703 2402 3781 Plinii,
2455 3706 2739 3781 Vitruvii,
2789 3707 3068 3768 Platonis
3113 3706 3303 3767 adeo-

1612 3811 1725 3872 que
1772 3791 2034 3871 ipsorum
2063 3792 2500 3874 Aegyptiorum
2529 3795 2733 3856 fuisse.
2825 3793 2988 3866 Quid
3027 3795 3161 3856 hinc
3199 3813 3304 3856 se-

1612 3879 1854 3958 quitur?
1910 3879 2069 3941 Num
2115 3881 2228 3942 hoc
2276 3883 2430 3962 quod
2478 3882 2670 3945 Ursus
2718 3883 3015 3949 exstruit?
3089 3885 3304 3966 Hypo-

1479 4039 1488 4046 ·
1611 3968 1819 4029 theses
1885 3969 2261 4049 Tychonicas
2332 3989 2472 4032 esse
2547 3972 2624 4033 ab
2696 3971 2828 4046 his,
2905 3992 3052 4053 quos
3128 3973 3304 4034 modo

594 4053 913 4128 nominavi,
984 4056 1159 4134 longe
1210 4065 1349 4117 ante
1401 4058 1741 4138 Tychonem
1788 4058 2160 4134 usurpatas?
2223 4057 2504 4134 Minime3
2569 4079 2710 4122 nam
2767 4057 2960 4140 primo
3007 4069 3076 4124 ut
3119 4080 3304 4142 supra

594 4159 827 4220 quoque
876 4144 933 4204 in
981 4143 1291 4224 Apollonii
1338 4146 1731 4224 problematis
1791 4145 2270 4207 consideratione
2309 4166 2442 4208 sum
2480 4156 2955 4228 argumentatuS,
3003 4149 3153 4211 haec
3183 4169 3306 4211 una

591 4238 823 4292 tantum
886 4251 1027 4311 pars
1086 4241 1183 4294 est
1240 4233 1468 4294 formae
1526 4233 1727 4296 mundi
1777 4233 2228 4313 Tychonianae,
2298 4254 2480 4315 quare
2526 4254 2634 4314 pro
2686 4239 2858 4316 ,iusta
2913 4247 2977 4300 et
3020 4237 3299 4318 legitima

597 4318 923 4400 hypothesi
972 4321 1396 4390 astronomica,
1449 4341 1600 4402 quae
1650 4321 1940 4384 distincta
1984 4322 2068 4383 sit
2112 4345 2149 4384 a
2197 4324 2434 4398 ceteris,
2485 4325 2694 4387 haberi
2740 4346 2858 4388 non
2903 4335 3125 4409 potest.
3201 4328 3296 4390 Ac

594 4425 669 4466 ne
718 4408 851 4487 quis
898 4410 1253 4488 suspicetur,
1308 4409 1642 4490 Capellam,
1694 4411 2057 4487 Vitruvium,
2104 4411 2391 4485 Plinium,
2438 4413 2816 4478 Macrobium
2861 4417 2958 4478 vel
3007 4434 3297 4496 quemque

593 4494 773 4556 alium
830 4505 1067 4558 ceteras
1114 4498 1301 4559 etiam
1347 4499 1753 4580 hypotheseos
1801 4499 2221 4580 Tychonianae
2277 4511 2485 4580 partes
2553 4503 2899 4582 adjunxisse
2955 4503 3092 4566 huic
3147 4497 3298 4569 con-

593 4583 885 4661 ceptioni,
952 4603 1213 4664 provoco
1272 4586 1351 4646 ad
1406 4589 1668 4665 ipsorum
1726 4606 1911 4668 opera
1959 4607 2108 4668 quae
2157 4597 2430 4668 exstant,
2497 4591 2596 4652 ubi
2651 4593 2714 4654 in
2760 4593 2979 4656 ceteris
3026 4595 3300 4656 omnibus

592 4670 867 4746 partibus
906 4673 1269 4737 contrarium
1316 4695 1357 4734 a
1402 4675 1681 4755 Tychone
1738 4686 1801 4737 et
1850 4677 2007 4738 idem
2045 4696 2178 4740 cum
2222 4679 2606 4760 physicorum
2652 4681 2976 4763 hypothesi
3023 4672 3132 4754 (ut'
3163 4701 3302 4746 cum

590 4755 752 4818 Urso
800 4757 1141 4841 loquamur)
1189 4762 1391 4824 verbis
1441 4763 1838 4838 evidentibus,
1890 4763 2074 4827 elaris
2123 4776 2189 4828 et
2217 4767 2572 4832 indubitatis
2621 4771 2847 4833 sentire
2895 4790 2962 4832 se
3008 4772 3300 4853 profiten-

590 4851 721 4907 tur:
772 4865 925 4926 quae
964 4852 1203 4931 quidem
1250 4852 1439 4914 verba
1486 4853 1663 4916 nimis
1712 4855 1951 4935 longum
2003 4855 2158 4916 foret
2185 4856 2476 4936 allegare,
2527 4859 2748 4922 sufficit
2794 4857 3050 4940 digitum
3096 4861 3302 4924 inten-
3349 4897 3366 4908 ·
