3634 5575
585 300 716 368 202
1500 303 1562 354 111
1595 303 1889 367 Mystes-inm
1928 303 2392 372 eonouaphienm

580 467 712 522 Inde
741 465 778 522 2
809 465 1168 535 imperfectae
1211 465 1262 538 ὃ
1287 465 1336 538 Q
1375 466 1474 530 δρα
1511 485 1686 542 retem
1725 468 1879 530 dura,
1924 466 1975 536 Ω
1996 465 2041 532 ζὲ
2076 467 2175 526 δια
2206 486 2379 542 ream
2418 465 2634 521 mollis:
2676 465 2847 534 plane
2886 471 2955 520 ut
2990 473 3055 520 et
3089 467 3147 520 in
3190 481 3313 522 eor·

581 546 806 616 poribus
851 546 1193 602 interlocatis
1237 546 1524 602 discrimen
1567 555 1670 602 est.
1751 546 1861 602 Sed
1904 565 2015 600 non
2054 553 2192 616 puto
2249 547 2349 602 tibi
2406 548 2533 616 plus
2586 545 2921 615 placituram
2969 546 3115 599 hauc
3154 547 3312 600 auri·

581 627 836 680 cularem-
866 625 1236 689 harmoniam,
1290 627 1536 697 quamvis
1577 642 2031 699 μουσικωτεραν,
2090 643 2255 698 quam
2294 627 2449 680 illam
2492 625 2942 688 astronomicam,
2993 627 3091 680 ubi
3129 641 3311 694 prope

581 722 834 760 numeros
879 705 1284 774 Copernicanos
1326 707 1560 760 venitur.
1645 706 1753 760 Sed
1807 713 1995 762 tamen
2044 706 2283 776 plurium
2334 705 2845 762 concordantiamm
2894 705 3133 760 tentatio
3178 722 3308 758 con·

579 785 732 840 ducit
769 803 853 848 eo,
897 792 964 838 ut
1003 785 1298 849 indicetur,
1344 803 1508 857 quam
1547 787 1656 840 cito
1699 787 1896 857 ingens
1940 787 2066 857 quid
2106 794 2367 856 peccetur
2410 787 2465 840 in
2506 785 2859 847 astronomia,
2905 786 2953 838 si
2991 801 3101 839 non
3140 785 3307 854 ipsis-

579 866 719 920 sima
759 863 1049 919 harmonia
1089 867 1366 920 coelorum
1395 872 1725 920 assumatur.
1785 867 1879 921 Ex
1920 884 1987 920 eo
2028 867 2205 936 liquet
2244 867 2605 936 postmodum,
2648 881 2810 935 quam
2850 865 2991 920 hacc
3016 864 3313 918 harmonia

576 943 890 1015 propinqua
927 944 1004 998 sit
1045 945 1365 1014 Cepernico.
1452 945 1593 1008 Quid
1635 953 1694 1000 tu
1729 946 1890 1013 jam?
1972 948 2167 1001 Nonne
2202 947 2454 1000 ‘videmur
2502 945 2660 1000 nobis
2714 944 3165 998 eecentricitates
3204 945 3309 998 ha-

576 1026 750 1078 bere?
809 1025 1044 1079 Praesto
1087 1032 1218 1079 sunt
1256 1025 1556 1081 distantiae
1596 1027 1829 1088 mediae,
1873 1032 2005 1080 sunt
2044 1033 2107 1080 et
2146 1026 2421 1080 cavitates
2462 1027 2607 1080 inter
2642 1025 2799 1078 binos
2829 1025 2993 1076 orbes
3022 1024 3309 1094 cognitae,
3379 1059 3399 1076 .

577 1107 720 1175 quod
760 1104 919 1158 nobis
959 1103 1312 1174 relinquitur,
1371 1105 1515 1160 inter
1567 1106 1728 1159 orbes
1771 1106 1929 1160 binos
1970 1105 2176 1160 vicinos
2227 1105 2617 1160 distribuamus
2658 1121 2759 1173 pro
2802 1120 2990 1158 eorum
3030 1103 3309 1157 crassitie.

577 1185 812 1238 Tentavi
852 1201 993 1247 rem,
1055 1185 1149 1237 sed
1203 1183 1391 1239 videor
1433 1185 1642 1239 babere
1685 1201 1845 1240 avem
1888 1187 1990 1239 sub
2032 1186 2227 1255 capaci
2268 1185 2460 1240 modio.
2544 1184 2801 1252 Propono
2844 1183 2945 1236 tibi
2986 1183 3159 1237 etiam
3200 1183 3311 1236 has

575 1271 692 1318 tres
733 1264 1152 1318 concordantias
1193 1265 1620 1328 examinandas,
1674 1281 1907 1334 quarum
1950 1265 2173 1320 tertiam
2214 1265 2403 1322 musici
2446 1262 2685 1320 maxime
2729 1263 3105 1332 probaverint.
3192 1264 3309 1317 Nu·

574 1345 709 1396 meri
751 1343 836 1406 hi,

2417 1418 2974 1598 3-Ξὲ
2992 1462 3189 1608 -8

681 1556 736 1609 111
777 1555 985 1625 prima:
1107 1414 3223 1846 52,2‡3,d5‚d56‚98,§10.}ff—:-33'{g}

680 1635 734 1688 in
777 1636 1047 1688 secunda:
1169 1633 1221 1697 3,
1285 1639 1305 1646 “
1339 1635 1392 1697 4,
1517 1637 1571 1698 6,
1696 1634 1749 1697 8,
1842 1635 1930 1696 10,
2046 1635 2136 1690 12.

682 1714 738 1768 in
780 1714 984 1767 tertia:
1163 1715 1198 1767 2
1337 1713 1372 1768 3
1517 1716 1569 1778 4,
1696 1715 1728 1768 5
1875 1709 1909 1766 6
2081 1715 2116 1768 8
2522 1583 3161 1908 ΣΞΞΕ-ΞόΞ

733 1989 944 2044 Ηο111111
983 1989 1260 2042 modorum
1304 1988 1573 2042 secundus
1616 2004 1738 2042 cum
1764 1990 1921 2043 modo
1950 1990 2149 2058 posito,
2195 1991 2393 2046 tertius
2424 2007 2545 2046 cum
2570 1991 2669 2044 illo
2697 1989 2889 2061 primo,
2935 2006 3095 2061 quem
3124 1990 3311 2044 solum

573 2083 682 2139 ego
723 2067 927 2137 probo,
987 2068 1376 2138 cognationem
1430 2069 1632 2130 habet,
1697 2070 1983 2138 solumque
2038 2069 2091 2122 in
2143 2065 2176 2125 b
2214 2068 2260 2129 11
2314 2077 2495 2126 mutat
2548 2070 2842 2126 distantias
2883 2071 3111 2124 medias.
3196 2069 3307 2124 Sed

575 2148 810 2202 scribam
854 2153 1037 2202 tamen
1081 2147 1230 2216 ipsos
1273 2147 1442 2202 etiam
1483 2164 1777 2202 numeros:

652 2313 818 2364 mm
858 2315 1057 2378 vam
1231 2311 1506 2364 secund-22-
1703 2279 2393 2415 53:5„2120121122-
2546 2280 2930 2415 sm
3025 2277 3319 2414 ,2¹:322-

663 2437 696 2492 1
775 2439 1056 2496 2.99095
1226 2438 1548 2494 3.117464
1716 2439 1997 2495 2.73642
2128 2441 2451 2497 2.]17829
2618 2439 2895 2496 3.88371
3027 2441 3230 2495 91640

648 2517 694 2580 Ἃ
775 2519 1056 2574 3.59390
1226 2520 1279 2572 4.
1352 2515 1546 2574 59390
1713 2519 1997 2574 3.44480
2128 2521 2181 2575 3.
2256 2519 2450 2576 71169
2618 2520 2899 2575 4.47446
3028 2520 3228 2576 52460

649 2595 700 2658 ὀ·
775 2599 1055 2654 5.]5675
1223 2597 1276 2651 6.
1354 2598 1544 2653 14107
1716 2599 1996 2653 6.14107
2126 2600 2179 2654 4.
2260 2601 2449 2656 15047
2616 2598 2899 2655 8.]5047
3034 2599 3229 2655 15200

653 2671 702 2746 ξῑ
774 2679 1056 2734 6.]0000
1223 2675 1278 2732 8.
1355 2677 1546 2731 10000
1715 2677 1997 2733 8.10000
2126 2681 2179 2735 5.
2259 2681 2448 2735 10000
2585 2680 2900 2735 10.10000
3032 2681 3227 2734 10000

653 2747 702 2821 ς)
774 2757 826 2814 8.
899 2758 1050 2814 8201
1189 2757 1277 2811 10.
1391 2755 1545 2813 7780
1678 2759 1766 2812 10.
1842 2757 1995 2813 7780
2126 2761 2179 2814 6.
2293 2759 2441 2815 7381
2586 2761 2671 2814 12.
2744 2759 2893 2813 7381
3068 2757 3227 2815 7190

653 2830 696 2899 ἕ
741 2840 828 2893 10.
901 2836 1124 2907 4016“1
1189 2836 1277 2889 12.
1390 2837 1546 2891 3614
1681 2838 1766 2891 12.
1841 2838 1997 2892 3614
2057 2896 2061 2908 ,
2126 2840 2178 2895 8.
2290 2840 2444 2896 3855
2584 2842 2670 2893 16.
2742 2838 2897 2894 3855
3066 2840 3225 2893 3600

687 2932 888 2983 .Nullus
923 2932 1123 2997 propius
1162 2932 1226 2982 ad
1252 2930 1578 2996 Copernicnm
1617 2934 1829 2989 accedit.
1869 2947 2014 2996 qnam
2053 2935 2272 2985 ultimus.
2330 2934 2463 2985 Nam
2500 2937 2630 2985 inter
2655 2930 2704 3001 ὦ
2728 2926 2778 2995 Ω
2816 2936 2857 2983 si
2893 2935 3126 2997 possibile
3164 2942 3303 2985 esset

568 3004 802 3053 minorem
838 3018 1022 3068 ponere
1057 3004 1418 3067 proportionem
1453 3004 1686 3053 virtutum
1723 3005 2049 3061 moventium,
2088 3020 2237 3068 quam
2274 3012 2354 3055 est
2394 3003 2457 3066 ‘’l„
2476 3042 2491 3060 .
2538 3012 2670 3055 esset
2704 3005 2794 3056 illa
2830 3006 3113 3056 adhibenda
3130 3042 3144 3063 ,
3184 3022 3301 3056 011111

571 3076 722 3124 etiam
759 3075 810 3123 in
844 3074 943 3125 hac
977 3076 1182 3124 minima
1218 3075 1382 3125 adhuc
1418 3074 1772 3139 grandiuscula
1805 3075 2027 3141 prodeat⁸
2054 3077 2293 3127 distantia
2326 3077 2510 3127 media.

726 3200 806 3255 Et
851 3193 911 3262 ‘lo
969 3201 1258 3269 pulchram
1309 3202 1486 3255 habet
1540 3200 1929 3271 cognationem
1984 3218 2106 3255 cum
2160 3202 2446 3257 1008881110
2501 3202 2649 3256 inter
2690 3192 2741 3263 Ω
2772 3191 2816 3259 ζὲ
2864 3202 3068 3257 locato.
3154 3203 3301 3257 Nam

567 3278 788 3348 scriptis
829 3278 886 3334 in
927 3280 1128 3334 circulo
1171 3282 1205 3335 6
1249 3279 1576 3351 triangulis,
1643 3280 1677 3334 5
1723 3288 2081 3335 assumuntur
2129 3283 2197 3335 ad
2249 3282 2480 3353 solidum
2524 3282 2790 3353 angulum
2831 3279 3121 3335 icosaedri.
3206 3283 3299 3335 Ab

568 3360 672 3412 hoc
711 3358 868 3413 initio
909 3360 1240 3431 progressis,
1287 3359 1418 3431 quia
1460 3360 1713 3429 proxima
1753 3360 2026 3414 distantia
2066 3368 2155 3415 est
2195 3360 2341 3416 inter
2382 3359 2433 3419 d
2472 3354 2543 3427 ὦ,
2586 3368 2648 3415 et
2688 3377 2884 3431 corpus
2927 3360 3299 3415 interlucatur

567 3439 920 3509 aequealtum
961 3440 1274 3503 icosaedro,
1317 3442 1582 3495 sumenda
1621 3439 1729 3493 erit
1766 3440 2052 3509 proportio
2094 3440 2351 3531 prox-ima
2389 3444 2479 3496 vel
2520 3440 2704 3511 potius
2746 3442 2971 3501 eadem,
3014 3440 3061 3505 si
3101 3447 3301 3510 posset

565 3517 792 3573 retineri
833 3520 1212 3583 consonantia,
1256 3536 1332 3574 sc.
1379 3512 1464 3581 Ἴ..
1544 3522 1623 3573 Et
1661 3520 1806 3573 haec
1846 3519 2038 3574 divisio
2092 3520 2147 3574 in
2191 3512 2237 3575 5
2270 3522 2657 3593 cog-nationem
2698 3536 2913 3591 quoque
2953 3519 3130 3573 habet
3172 3538 3299 3575 cum

565 3642 776 3713 angulo
819 3642 991 3697 solido
1034 3643 1385 3708 dodecaedri,
1442 3642 1534 3715 qui
1576 3643 1854 3697 clauditur
1904 3643 2079 3697 tribus
2133 3644 2596 3716 quinquangulis,
2655 3642 2747 3729 qui
2798 3651 2927 3697 sunt
2965 3601 3076 3745 ἐ-ἕῑ
3130 3646 3197 3697 (18
3258 3644 3295 3697 4

564 3766 749 3821 rectis.
833 3753 967 3821 Inde
1009 3767 1154 3821 inter
1194 3765 1242 3827 '21
1263 3764 1314 3825 d
1357 3774 1422 3822 ut
1461 3772 1551 3821 est
1589 3767 1837 3823 maxima
1884 3767 2174 3831 distantia,
2232 3769 2315 3823 ita
2362 3775 2425 3823 et
2476 3769 2720 3823 maxima
2766 3770 3052 3838 proportio
3105 3760 3163 3829 ²1,
3210 3767 3299 3835 (et

564 3846 709 3901 sicut
757 3840 814 3907 'Is
861 3848 987 3902 sola
1025 3865 1137 3903 non
1177 3848 1315 3903 facit
1352 3849 1587 3919 figuram
1630 3848 1684 3901 in
1726 3847 1960 3912 circulo,
2014 3850 2109 3901 sed
2153 3847 2383 3911 lineam,
2440 3848 2519 3901 sic
2569 3850 2911 3903 tetraedrum
2962 3849 3141 3905 solum
3182 3866 3295 3903 non

565 3928 742 3981 babet
777 3926 1060 3996 oppositos
1093 3924 1374 3999 angulos),
1425 3928 1872 3998 quemadmodum
1914 3933 1973 3980 et
2013 3926 2069 3981 in
2110 3926 2233 3996 ejus
2276 3928 2451 3981 solido
2494 3930 2705 3999 angulo
2748 3945 2961 3983 summa
3000 3930 3293 3998 planorum

564 4014 656 4061 est
701 4000 760 4065 ²12
806 4007 875 4059 de
919 4007 956 4061 4
995 4006 1181 4062 rectis.
1245 4008 1500 4079 Denique
1541 4006 1685 4062 inter
1725 4004 1756 4067 t
1781 4004 1829 4066 Ἃ
1869 4007 1999 4077 quia
2039 4014 2128 4061 est
2169 4009 2357 4071 cubus,
2402 4007 2559 4076 cujus
2604 4009 2846 4079 angulus
2891 4009 3293 4079 quadrangulis

564 4086 856 4150 clauditur,
903 4087 1158 4141 convenit
1199 4094 1266 4142 ut
1305 4088 1528 4142 intersit
1567 4093 1628 4141 et
1667 4086 1950 4156 proportio
1990 4088 2166 4141 fluens
2210 4105 2283 4141 ex
2327 4088 2731 4159 quadrangulo.
2800 4090 2881 4141 At
2921 4088 3053 4158 quia
3094 4090 3149 4142 in
3192 4106 3293 4141 an·

565 4166 701 4236 gulo
744 4166 918 4220 solido
961 4172 1051 4221 est
1090 4184 1301 4221 summa
1339 4169 1628 4237 planorum
1678 4159 1738 4225 31.
1785 4168 1853 4219 (18
1896 4168 1935 4220 4
1974 4166 2157 4231 rectis,
2204 4168 2326 4221 ideo
2372 4168 2607 4221 interest
2644 4184 2804 4237 prop.
2837 4184 2945 4221 non
2980 4160 3043 4227 Ἰ.
3074 4170 3169 4221 sed
3206 4160 3289 4227 Ἰ..

564 4246 682 4300 Νο0
723 4262 860 4300 sane
902 4247 1020 4301 alia
1067 4247 1346 4301 interesse
1389 4254 1610 4317 posset,
1666 4245 1861 4315 positis
1912 4246 2317 4315 superioribus,
2376 4248 2506 4319 quin
2555 4248 2880 4301 turbaretur
2930 4248 3295 4303 consonantia

562 4331 891 4380 ceterarum.
980 4327 1218 4396 Oportet
1258 4326 1403 4381 enim
1444 4342 1630 4380 omnes
1673 4342 1795 4379 cum
1838 4326 2086 4379 omnibus
2129 4326 2435 4383 concinere.
2526 4327 2731 4381 Restat
2770 4326 2927 4380 nobis
2965 4327 3287 4391 Mercurius,

564 4404 722 4473 0113118
765 4422 884 4461 011111
927 4406 1004 4460 sit
1041 4422 1078 4461 a
1122 4396 1171 4467 Ω
1219 4406 1488 4461 distantia
1527 4422 1700 4475 prope
1743 4408 1963 4469 eadem,
2008 4421 2150 4475 quae
2192 4404 2223 4467 15
2265 4422 2303 4460 a
2341 4408 2417 4469 22,
2462 4422 2582 4459 cum
2629 4407 2703 4459 sit
2744 4406 3131 4461 interlocatum
3170 4423 3291 4461 cor·

563 4502 668 4554 pus
711 4488 1066 4556 aequealtum
1105 4487 1262 4550 cubo,
1308 4485 1605 4556 requiritur
1643 4486 1841 4539 eadem
1881 4501 2096 4555 quoque
2140 4491 2244 4540 aut
2280 4484 2537 4555 proxima
2576 4486 2879 4555 proportio.
2948 4491 3033 4541 Ac
3072 4488 3119 4540 si
3162 4504 3289 4541 con·

563 4570 794 4618 sonaret
837 4559 894 4626 Ἰ,
941 4583 1062 4621 011111
1091 4565 1290 4620 ceteris
1320 4565 1534 4635 positis,
1579 4564 1929 4635 assignarem
1957 4564 2036 4617 illi
2076 4557 2129 4625 'la
2175 4570 2495 4634 propterea,
2540 4566 2671 4635 quia
2710 4565 2833 4634 ejus
2876 4568 3116 4637 angulus
3158 4565 3288 4621 soli-

563 4645 664 4697 dus
705 4643 882 4699 habet
918 4661 1182 4699 summam
1221 4645 1514 4715 planorum
1563 4639 1619 4704 Ἰ,
1669 4646 1736 4698 de
1766 4645 1805 4698 4
1833 4644 2017 4699 rectis.
2080 4644 2187 4698 Sed
2230 4644 2362 4714 quia
2402 4645 2725 4699 turbaretur
2766 4646 3131 4701 consonantia
3168 4662 3289 4699 cum

564 4722 782 4785 ceteris,
827 4725 1050 4779 obvenit
1093 4716 1142 4787 Ω
1159 4716 1202 4785 Q
1241 4726 1436 4779 eadem
1476 4723 1766 4778 harmonia
1811 4716 1904 4787 Ἲς,
1950 4738 2091 4793 01180
2136 4721 2247 4783 iil-i.
2331 4725 2447 4777 Nec
2486 4724 2700 4779 0111111110
2744 4725 2983 4779 alienum
3024 4732 3114 4779 est
3153 4741 3287 4795 qua-

563 4804 895 4878 drangulum
937 4804 1010 4861 ab
1051 4806 1332 4871 octaedro,
1375 4810 1436 4859 et
1477 4806 1779 4877 derogatur
1819 4801 1902 4861 illi
1944 4803 2000 4857 in
2026 4803 2133 4859 hoc
2160 4820 2287 4869 uno,
2332 4805 2476 4878 quod
2504 4810 2699 4861 00111118
2738 4820 2943 4863 morem
2982 4812 3287 4865 ceterorum

3562 2667 3572 3015 ...ὲ-*-
3562 615 3573 2616 ———-———————————-—-——-
3569 581 3571 608 -.
3569 553 3571 570 -
3569 541 3571 546 .
