3634 5575
1559 374 1728 429 Notas
1763 376 1995 429 Ednons.
2600 346 2615 357 ”
3012 378 3143 445 235

425 548 620 599 quoque
657 542 880 585 nostram
913 532 1048 586 hanc
1081 534 1356 588 theoricam
1401 534 1762 599 improbaturus
1797 534 2034 599 despero,
2088 548 2201 585 cum
2236 535 2475 593 viderint,
2529 535 2809 599 hujusmodi
2852 536 3147 601 hypothesin

425 606 527 654 suis
563 620 880 669 nequaquam
917 604 1338 655 observationibus
1375 619 1668 670 repugnare.

565 674 626 725 In
663 676 784 725 libro
821 678 927 739 ipso
964 675 1374 739 deprehendimus
1413 676 1642 725 undecim
1677 677 1933 741 sphaeras,
1972 691 2179 740 quarum
2214 677 2401 727 extima
2428 677 2671 741 „reliquas
2706 692 2802 727 sua
2830 646 3143 729 concavssate

424 746 768 810 complectitur
802 754 856 796 et
889 760 1056 797 secum
1093 760 1186 796 sua
1217 746 1484 810 velocitate
1519 748 1700 810 rapit.“
1779 746 2025 804 „Decima
2038 747 2327 797 immediate
2362 748 2635 811 subpriore
2673 750 2921 805 statuitur,
2959 750 3012 798 in
3046 763 3148 813 qua

423 819 576 867 etiam
611 819 946 882 imaginamur
981 818 1286 880 eclipticam,
1341 822 1482 881 cujus
1515 818 1615 881 poli
1663 824 1850 867 motum
1886 818 2101 867 subeunt
2145 818 2469 867 librationis.“
2544 818 2640 868 Hic
2676 828 2839 869 motus
2894 819 3145 883 perficitur

423 884 458 934 4
495 889 705 937 circellis
743 890 878 938 circa
911 896 1172 952 utrumque
1209 888 1400 951 polum,
1447 903 1652 953 qnorum
1687 895 1851 955 motus
1886 889 2103 952 pluribus
2140 890 2427 952 explicatur.
2502 888 2650 940 Nona
2686 890 2899 953 sphaera
2934 892 3145 940 alterum

423 958 701 1009 librationis
737 966 928 1009 motum
963 961 1016 1007 in
1049 958 1220 1007 mundi
1255 959 1420 1009 latera
1453 959 1678 1023 sphaeris
1711 962 1847 1008 intra
1882 973 1995 1008 eam
2032 961 2277 1009 contentis
2314 962 2663 1018 communicat,
2704 961 2823 1009 item
2850 976 2941 1025 ope
2977 957 3013 1007 4
3048 964 3141 1009 cir-

423 1030 670 1079 collorum.
747 1030 974 1081 octavae
1009 1029 1252 1093 sphaerae
1287 1030 1458 1079 stellas
1493 1030 1618 1079 fixas
1653 1032 1708 1079 in
1743 1030 2149 1093 consequentiam
2196 1031 2383 1093 profert
2418 1038 2593 1080 conti-a
2626 1038 2813 1081 motum
2850 1032 3147 1081 undecimae

423 1103 626 1165 eJusque
681 1101 898 1151 diversus
948 1116 983 1151 a
1015 1101 1254 1164 prioribus
1307 1101 1528 1164 sphaeris
1561 1108 1724 1151 motus
1779 1100 1945 1151 salvat
1996 1102 2311 1166 inaequalem
2364 1101 2569 1151 fixarum
2608 1108 2814 1152 motum.
2888 1102 3147 1166 sphaerae

421 1174 728 1235 superiorum
763 1172 1096 1236 planetarum,
1134 1171 1460 1221 homocentra
1493 1172 1718 1235 sphaeris
1752 1172 1993 1235 prioribus
2029 1174 2167 1222 circa
2198 1172 2369 1221 mundi
2398 1178 2619 1222 centrum
2658 1173 2831 1223 diurno
2868 1181 3007 1223 motu
3030 1188 3145 1223 cum

419 1244 575 1307 primo
615 1243 752 1293 coelo
791 1244 1260 1300 circumvolvuntur,
1301 1243 1582 1292 dividuntur
1617 1250 1786 1293 autem
1822 1243 2051 1307 singulae
2086 1244 2139 1291 in
2176 1239 2212 1289 4
2244 1244 2569 1306 particulares
2606 1245 2749 1293 orbes
2786 1246 3141 1302 „secanti-ficos,

421 1314 872 1377 eccentrepicyclos
889 1349 903 1371 ,
965 1312 1294 1363 deferentes“.
1355 1313 1580 1377 Sphaera
1619 1310 1682 1374 Θ
1725 1329 1786 1363 ex
1824 1314 1855 1361 5
1895 1320 2095 1364 constat
2132 1315 2324 1363 orbibus
2376 1315 2427 1362 in
2462 1315 2721 1378 superficie
2758 1315 3019 1379 eclipticas
3054 1315 3141 1365 de·
3179 1351 3197 1365 ‚-

418 1384 629 1447 scriptiS,
669 1399 873 1449 quorum
912 1385 1118 1433 extremi
1157 1383 1252 1433 duo
1290 1392 1406 1433 sunt
1443 1386 1708 1434 eccentrici
1751 1384 2055 1444 „secundum
2101 1384 2217 1449 quid
2259 1399 2347 1434 seu
2396 1398 2457 1434 ex
2498 1384 2673 1448 parte“
2714 1383 2801 1435 dte.
2826 1421 2840 1443 ,
2890 1386 2942 1435 hi
2978 1388 3143 1437 vocari

417 1461 624 1517 possunt
659 1454 939 1505 deferentes
973 1470 1250 1519 apogaeum
1286 1470 1471 1513 verum,
1511 1455 1790 1506 deferentes
1830 1457 2041 1519 corporis
2072 1454 2271 1513 Solaris,
2314 1456 2452 1505 orbes
2480 1454 2762 1506 anomaliae
2788 1460 3016 1523 apogaei,
3058 1471 3138 1508 ec·

419 1526 742 1575 centricitatis
781 1525 940 1575 Solis“
981 1525 1072 1575 dcc.
1984 1570 1993 1577 ,

561 1596 874 1646 inferioribus
909 1597 1124 1661 planetis
1165 1598 1332 1645 tribuit
1357 1596 1592 1661 Maginus
1632 1594 1664 1645 4
1703 1604 1754 1645 et
1792 1595 1843 1653 5,
1884 1596 2061 1646 Lunae
2098 1611 2212 1645 vero
2244 1593 2276 1644 6
2305 1598 2443 1646 orbes
2482 1598 2786 1647 eccentricos
2821 1603 2872 1648 et
2898 1598 3142 1663 epicyclos

419 1669 493 1717 ita
527 1668 738 1717 invicem
760 1668 1061 1725 infibulatos,
1101 1673 1173 1727 ut,
1213 1670 1344 1717 sicut
1379 1669 1429 1715 in
1467 1668 1723 1731 prioribus,
1763 1666 1990 1717 soliditas
2029 1667 2347 1732 sphaerarum
2372 1669 2474 1718 fere
2499 1670 2780 1719 necessario
2805 1670 2871 1719 ad
2894 1672 3139 1720 sustinen-

418 1739 534 1787 dam
569 1738 700 1790 hanc
739 1740 1086 1803 complicatam
1123 1738 1302 1787 molem
1341 1738 1640 1789 arcessenda
1675 1740 1754 1787 sit.

558 1876 616 1940 8)
653 1895 702 1944 p.
731 1876 850 1928 240.
903 1876 1111 1944 Spectat
1135 1878 1210 1927 his
1237 1877 1488 1942 Keplerus
1523 1879 1693 1931 literas
1719 1878 2026 1930 Rothmanni
2064 1879 2111 1930 d.
2143 1878 2376 1932 cassellis
2413 1882 2460 1931 d.
2504 1880 2585 1930 11.
2617 1880 2715 1931 Oct
2745 1877 2908 1939 1587,
2946 1883 2999 1931 in
3034 1883 3141 1947 qui-

416 1950 506 2001 bus
541 1951 624 2001 ille
661 1952 724 2001 de
759 1950 932 2001 studiis
969 1952 1069 1999 suis
1105 1948 1232 1999 haec
1269 1950 1444 1999 refert:

559 2056 842 2119 Conscripsi
875 2055 1180 2119 Vitebergae
1219 2054 1455 2119 Organon
1491 2054 1907 2105 Mathematicum
1965 2055 2096 2120 quod
2132 2057 2357 2105 continet
2397 2054 2707 2121 Logisticam
2742 2058 3141 2123 sexagenariam,

419 2127 710 2179 Doctriuam
749 2126 956 2177 Sinuum
993 2124 1086 2175 dcc.
1161 2125 1438 2189 conscripsi
1473 2126 1657 2176 ibidem
1695 2128 1849 2175 etiam
1884 2127 2279 2185 Astronomiam,
2334 2128 2385 2177 in
2421 2141 2521 2191 qua
2553 2127 2849 2191 hypotheses
2886 2126 3143 2191 Copornioi

417 2199 613 2247 traduxi
649 2198 718 2248 ad
752 2198 1080 2246 mobilitatem
1117 2196 1244 2247 Solis
1283 2194 1440 2261 (quod
1475 2197 1586 2246 fieri
1619 2211 1763 2261 posse
1803 2212 1901 2247 nou
1936 2192 2161 2262 ignoras)
2198 2198 2487 2262 singulaque
2516 2197 2848 2248 theoricamm
2880 2198 3145 2249 schemata

419 2270 610 2319 calculo
626 2268 892 2319 Prutenico
929 2268 1194 2317 declaravi.
1271 2266 1457 2318 Verum
1493 2281 1606 2317 cum
1629 2283 1718 2331 per
1742 2268 2109 2318 observationes
2144 2268 2433 2325 invenerim,
2457 2268 2655 2318 tabulas
2680 2268 2973 2319 Prutenicas
2996 2270 3142 2319 valde

417 2341 680 2407 insigniter
715 2354 750 2389 a
783 2341 996 2389 veritate
1036 2339 1158 2389 coeli
1198 2339 1400 2395 abesse,
1438 2338 1827 2402 publicationem
1866 2343 1973 2401 ejus
2008 2338 2260 2403 hucusque
2299 2338 2495 2399 distuli,
2534 2354 2599 2388 ne
2634 2340 2860 2389 vitiosum
2898 2340 3143 2389 calculum

415 2425 504 2475 pro
539 2425 654 2461 vero
690 2411 992 2460 discentibus
1028 2410 1218 2459 viderer
1253 2410 1616 2459 commendare.
1688 2408 1821 2459 Mira
1855 2411 2097 2459 brevitate
2142 2424 2232 2473 per
2269 2410 2407 2473 leges
2442 2409 2631 2475 logicas
2682 2410 2909 2460 dissectis
2943 2410 3139 2461 hetero-

417 2483 590 2546 geneis
625 2482 782 2531 multo
818 2482 962 2545 plura
991 2483 1045 2530 in
1081 2494 1194 2531 eam
1222 2482 1428 2543 conjeci,
1467 2494 1617 2543 quam
1653 2482 1913 2530 continent
1949 2480 2179 2545 vulgares
2202 2481 2447 2543 sphaerici
2484 2486 2536 2531 et
2571 2480 2775 2531 theorici
2810 2481 2976 2531 libelli.
3038 2482 3141 2533 lm·

416 2554 584 2615 pulsus
629 2568 740 2603 sum
787 2554 854 2603 ad
889 2567 1002 2603 eam
1037 2553 1352 2603 acerbissimo
1390 2551 1556 2601 dolore
1572 2585 1587 2609 ,
1635 2551 1766 2615 quod
1809 2553 2026 2602 viderem
2070 2552 2125 2600 in
2162 2551 2433 2602 academiis
2480 2550 2601 2600 nihil
2650 2552 2753 2602 fere
2800 2552 2863 2601 de
2897 2553 2995 2601 hac
3034 2560 3141 2603 arte

415 2625 654 2690 intelligi3
705 2624 962 2687 calculum.
987 2624 1186 2687 quidem
1223 2623 1542 2672 Prutenicum
1577 2624 1630 2672 in
1667 2624 1883 2672 omnium
1922 2637 2031 2673 esse
2066 2622 2294 2672 manibus
2311 2657 2325 2679 ,
2378 2630 2435 2672 at
2466 2628 2665 2672 tantum
2699 2636 2839 2672 mera
2872 2622 3144 2674 Prutenica

419 2701 690 2760 praecepta
725 2696 932 2744 tractari
968 2708 1064 2744 nec
1098 2695 1321 2751 inveniri,
1361 2695 1443 2757 qui
1477 2692 1774 2757 hypotheses
1803 2696 1911 2757 ejus
1931 2692 2228 2757 intelligant,
2267 2708 2331 2743 ne
2356 2694 2554 2758 quidem
2578 2695 2708 2743 inter
2732 2708 2833 2751 eos,
2872 2696 2954 2759 qui
2980 2702 3139 2743 astro-

420 2768 637 2817 nomiam
670 2767 996 2831 profiteantur
1031 2780 1093 2816 ac
1135 2779 1190 2814 se
1227 2778 1442 2816 summos
1477 2763 1859 2815 mathematicos
1895 2772 2087 2830 putent.
2161 2764 2355 2815 Motum
2398 2766 2753 2828 praecessionis
2801 2766 3137 2832 aequinoctio-

417 2853 524 2887 rum
563 2845 616 2889 et
650 2843 878 2888 mutatae
914 2838 1214 2900 obliquitatis
1253 2838 1473 2893 zodiaci,
1513 2839 1652 2900 cujus
1687 2837 1987 2901 hypotheses
2024 2838 2272 2886 neminem
2320 2835 2483 2886 adhuc
2519 2837 2617 2886 vidi
2653 2838 2823 2887 dextre
2860 2837 3139 2902 intelligere

415 2923 512 2978 nec
545 2917 600 2958 te
635 2910 816 2958 multos
854 2908 1030 2957 vidisse
1069 2910 1302 2967 arbitror,
1355 2922 1549 2956 summa
1593 2909 1839 2957 facilitate
1878 2915 1929 2957 et
1964 2909 2319 2972 perspicuitate
2365 2909 2603 2963 tractavi,
2656 2909 2739 2972 qui
2786 2916 2959 2958 tamen
2996 2909 3141 2958 aliter

415 2980 710 3030 tractandus
757 2983 865 3042 jam
901 2987 1003 3036 est,
1058 2993 1170 3029 cum
1217 2979 1394 3029 stellae
1446 2993 1562 3028 suas
1613 2985 1835 3029 mutasse
1886 2979 2175 3029 latitudines
2208 2979 2541 3030 inveniantur.
2613 2978 2693 3028 De
2740 2980 2910 3030 diebus
2946 2993 3141 3045 qnoque

415 3059 522 3101 tam
559 3052 898 3102 artificialibus
935 3065 1084 3115 quam
1119 3051 1428 3100 naturalibus
1475 3050 1633 3115 deque
1669 3052 1903 3115 temporis
1942 3051 2241 3114 aequatione
2288 3065 2350 3100 ex
2383 3051 2489 3114 ipso
2527 3051 2849 3100 fundamento
2896 3064 2997 3100 non
3030 3051 3139 3100 vul-

415 3123 560 3188 garia
593 3123 838 3187 proposui.
915 3121 1072 3172 Orbes
1109 3122 1224 3186 illos
1261 3121 1422 3171 reales
1468 3128 1520 3170 et
1554 3125 1631 3170 tot
1680 3136 1798 3172 axes
1836 3123 2155 3172 obscurantes
2205 3121 2367 3185 potius
2412 3124 2761 3172 astronomiam
2798 3137 2947 3186 quam
2984 3121 3139 3186 expli·

416 3201 591 3244 cantes
639 3207 836 3258 prorsus
893 3193 1084 3242 sustuli.
1159 3192 1217 3241 In
1263 3193 1487 3241 theorica
1537 3189 1600 3252 Θ
1655 3199 1708 3242 et
1743 3187 1796 3256 D
1854 3207 2009 3242 unam
2062 3198 2114 3242 et
2150 3193 2363 3242 eandem
2415 3193 2705 3242 circulorum
2754 3194 3139 3258 suppositionem

417 3267 642 3326 assumsi,
683 3267 910 3314 nimirum
946 3265 1301 3320 eccentricum,·
1337 3267 1476 3327 cujus
1514 3270 1738 3313 centrum
1773 3267 1825 3313 in
1864 3263 2059 3314 circello
2106 3277 2257 3327 supra
2292 3269 2515 3314 centrum
2549 3264 2721 3312 muudi
2756 3266 2809 3312 in
2843 3265 2980 3314 linea
3016 3277 3137 3329 apo·

414 3338 532 3400 gaci
567 3336 717 3386 medii
767 3343 819 3385 et
854 3336 1052 3400 quidem
1097 3336 1150 3383 in
1187 3340 1357 3384 centro
1405 3334 1602 3384 mediae
1641 3335 2028 3385 ecceutricitatis
2075 3335 2379 3385 consistente
2426 3336 2492 3384 sit
2526 3335 2736 3384 mobile:
2790 3341 3140 3400 praeterquam

415 3407 544 3471 quod
578 3409 632 3456 in
657 3407 772 3456 Sole
810 3406 1060 3456 anomalia
1094 3406 1300 3468 simplex
1333 3407 1386 3454 in
1423 3418 1618 3455 summa
1651 3406 1837 3455 circelli
1872 3411 2017 3468 parte
2053 3406 2279 3468 incipiat,
2318 3407 2371 3454 in
2399 3405 2546 3455 Luna
2570 3419 2682 3454 vero
2720 3406 2929 3470 duplata
2964 3421 2997 3456 a
3022 3405 3137 3456 Sole

416 3478 656 3528 distantia
703 3479 912 3542 incipiat
957 3479 1202 3527 contrario
1247 3477 1392 3527 modo
1430 3477 1494 3526 ab
1539 3478 1643 3526 ima
1689 3475 1871 3527 circelli
1908 3481 2069 3540 parte.
2144 3475 2356 3526 Omnino
2409 3490 2550 3540 spero
2603 3477 2850 3527 discentes
2894 3491 3138 3527 summum

413 3549 530 3599 inde
564 3550 779 3599 fructum
816 3563 995 3612 capere
1029 3563 1191 3613 posse.

557 3621 700 3670 Haec
737 3619 1088 3669 Rothmannus
1123 3621 1175 3668 in
1209 3619 1361 3669 literis
1399 3618 1446 3668 d.
1489 3615 1571 3666 13.
1615 3617 1729 3668 Oct.
1771 3615 1911 3666 1588
1946 3617 2011 3666 ad
2036 3617 2325 3680 Tychonem
2364 3615 2493 3667 datis
2531 3618 2602 3666 sic
2641 3617 2905 3680 explanare
2942 3619 3136 3668 studet:

416 3690 540 3740 Cum
578 3693 840 3741 Elementa
871 3705 990 3741 mea
1025 3691 1370 3740 Astronomica
1405 3691 1778 3746 conscriberem,
1819 3689 2015 3737 Lunam
2053 3696 2105 3738 et
2140 3688 2307 3738 Solem
2344 3689 2479 3737 circa
2513 3687 2717 3736 Terram
2755 3690 3132 3750 constituebam,

415 3763 504 3812 sed
539 3765 592 3812 in
629 3762 1358 3826 homocentrepicyclepicyclis,
1397 3763 1448 3810 in
1488 3766 1656 3810 centro
1691 3774 1808 3809 vero
1842 3761 2044 3822 majoris
2080 3766 2133 3808 et
2167 3761 2307 3823 primi
2346 3759 2553 3824 epicycli
2578 3757 2704 3808 Solis
2740 3773 2930 3809 rursum
2966 3761 3135 3810 homo-

415 3833 994 3898 centrepicyclepicyclos
1029 3834 1322 3898 reliquorum
1358 3832 1688 3895 planetarum,
1725 3833 1800 3881 ita
1836 3837 1893 3880 ut
1929 3838 2153 3881 centrum
2187 3829 2663 3881 homocentricomm
2698 3831 2750 3880 in
2784 3831 2985 3895 reliquis
3026 3833 3134 3894 pla-

415 3908 544 3954 netis
579 3906 710 3955 idem
745 3918 944 3969 semper
978 3910 1111 3954 esset
1147 3917 1258 3953 cum
1295 3911 1466 3954 centro
1501 3905 1702 3966 majoris
1739 3902 1947 3967 epicycli
1986 3901 2113 3952 Solis
2162 3915 2361 3965 unaque
2408 3917 2499 3966 per
2532 3901 2748 3952 medium
2786 3899 2913 3952 Solis
2948 3909 3135 3951 motum

415 3978 467 4026 in
502 3977 870 4027 homocentrico
908 3977 1036 4026 Solis
1075 3975 1538 4026 circumduceretur.
1617 3973 1718 4025 Sed
1753 3974 1806 4023 id
1840 3987 1940 4022 non
1976 3987 2106 4024 nova
2140 3975 2335 4023 ratione
2368 3973 2643 4030 faciebam,
2700 3973 2791 4024 sed
2822 3987 3019 4037 prorsus
3056 3987 3135 4022 se·

416 4049 632 4098 cundum
671 4047 1012 4112 Copernicum,
1050 4061 1146 4097 nec
1181 4052 1238 4095 ut
1273 4047 1544 4094 conversim
1582 4059 1670 4108 per
1705 4045 1875 4094 omnia
1908 4045 2206 4108 hypotheses
2246 4043 2503 4108 Cepernici
2557 4045 2621 4094 ad
2656 4043 2983 4094 mobilitatem
3008 4045 3135 4094 Solis

413 4121 730 4169 transferrem
767 4120 912 4168 aliter
953 4119 1122 4168 facere
1157 4125 1408 4181 poteram:
1459 4116 1784 4180 videbamque
1836 4131 1949 4164 eam
1982 4119 2227 4166 rationem
2290 4123 2341 4165 et
2389 4115 2655 4165 Rheticum
2704 4122 2756 4164 et
2804 4115 3135 4164 Reinholdum

413 4191 712 4240 intellexisse
715 4224 934 4239 ......
986 4189 1134 4240 Aliud
1169 4189 1389 4237 invenire
1425 4201 1526 4237 non
1561 4201 1775 4250 possum,
1814 4200 1964 4250 quam
1988 4187 2174 4236 nullam
2210 4192 2409 4250 praeter
2442 4188 2642 4237 unicam
2680 4185 2941 4250 coperuici
2976 4185 3131 4249 hypo·

413 4262 576 4312 thesin
623 4275 791 4312 veram
843 4275 968 4311 esse.
1041 4260 1150 4310 Nec
1197 4267 1380 4322 peccat
1424 4259 1552 4308 haec
1591 4264 1768 4308 contra
1799 4258 2009 4321 physica
2052 4260 2295 4321 principia
2324 4291 2335 4306 .
2365 4292 2377 4305 .
2407 4293 2451 4313 .,
2506 4272 2601 4307 nec
2651 4258 2815 4307 obstat
2862 4257 3133 4307 auctoritas

413 4345 667 4383 sacrarum
701 4333 970 4382 literarum.
1042 4331 1088 4380 N
1093 4347 1156 4380 on
1191 4338 1364 4379 tamen
1399 4329 1695 4393 hypotheses
1723 4328 2085 4392 Ceperuicaeas
2122 4329 2425 4378 discentibus
2441 4329 2785 4393 proponendas
2810 4341 2921 4377 esse
2940 4327 3130 4390 judico,

415 4419 530 4454 cum
565 4417 658 4454 eae
695 4405 776 4453 vix
812 4404 876 4454 ab
915 4403 1184 4452 artificibus
1219 4401 1580 4464 percipiantur,
1633 4407 1692 4449 ut
1723 4413 1790 4449 ne
1828 4399 2124 4449 Maestlinus
2162 4401 2359 4466 quidem
2396 4407 2582 4449 motum
2620 4399 2891 4449 librationis
2926 4401 2979 4448 in
3016 4399 3130 4448 lati·

413 4476 668 4525 tudinibus
705 4481 758 4524 et
794 4474 1084 4538 obliquitate
1135 4473 1326 4522 zodiaci
1375 4477 1514 4520 recte
1549 4471 1810 4535 intelligit;
1870 4472 1959 4520 sed
1994 4485 2081 4520 eas
2098 4505 2112 4527 ,
2164 4485 2295 4535 quae
2330 4471 2431 4520 sint
2476 4472 2692 4538 omnium
2727 4469 3019 4528 facillimae,
3076 4476 3137 4520 ut

411 4547 720 4610 pedetentim
771 4559 1002 4596 accessus
1049 4545 1116 4594 ad
1153 4543 1476 4606 Gopernicum
1527 4545 1792 4606 aperiatur.
1870 4541 2179 4605 Quapropter
2227 4543 2333 4605 ipse
2370 4557 2561 4606 quoque
2604 4543 2657 4590 in
2696 4541 2967 4591 Elementis
3010 4543 3133 4591 meis

415 4619 771 4668 Astronomicis
807 4617 1107 4680 superiorem
1142 4615 1281 4664 illam
1315 4615 1639 4663 inversionem
1677 4615 1888 4676 expunxi
1938 4620 1991 4662 et
2028 4613 2329 4663 eccentricos
2374 4615 2425 4662 in
2474 4617 2642 4662 centro
2678 4612 2845 4662 mobili
2882 4614 3131 4670 substitui,

413 4697 472 4738 ut
508 4690 758 4740 discentes
795 4701 1130 4752 apogaeorum
1166 4691 1328 4734 motus
1375 4691 1426 4733 et
1461 4684 1574 4733 loca
1612 4699 1668 4733 eo
1721 4685 1916 4733 facilius
1952 4683 2229 4749 intelligere
2264 4689 2467 4748 possent
2516 4689 2569 4732 et
2618 4684 2785 4733 addito
2830 4686 2884 4734 in
2918 4683 3135 4748 planetis

415 4761 636 4824 epicyclo
673 4759 988 4816 directiones,
1028 4759 1268 4808 stationes
1307 4762 1360 4806 et
1394 4757 1725 4819 regressiones
1761 4768 1821 4803 eo
1859 4755 2039 4806 flerent
2074 4755 2433 4806 manifestiores
2446 4789 2459 4813 ‚
2496 4767 2591 4804 nec
2629 4755 2782 4805 etiam
2816 4754 3135 4805 latitudinum

411 4833 541 4882 ratio
581 4831 708 4882 adeo
746 4835 880 4881 esset
915 4831 1128 4880 obscura
1165 4835 1218 4878 et
1252 4827 1508 4877 intricata.
1581 4823 1660 4875 Ne
1695 4831 1869 4876 tamen
1904 4827 2129 4876 deessem
2165 4827 2433 4891 ingeniosis
2471 4833 2523 4875 et
2554 4827 2633 4884 iis,
2670 4827 2753 4890 qui
2785 4828 2893 4890 jam
2918 4841 3133 4876 commu·

414 4917 504 4956 nes
539 4910 762 4954 motuum
799 4901 1104 4970 singulorum
1139 4901 1324 4951 formas
1359 4897 1722 4964 intelligerent,
1771 4898 1837 4949 ad
1874 4898 2024 4949 finem
2062 4911 2173 4949 eam
2208 4897 2273 4948 de
2308 4910 2409 4963 qua
2444 4909 2595 4962 supra
2630 4896 2728 4948 dixi
2764 4895 3023 4964 copernici
3056 4897 3153 4950 in·.
