3634 5575
554 364 689 442 ‘256
1656 375 1901 445 &²0¹⁰ssss
1935 376 2182 443 Tyohonin

558 545 795 600 stantes
854 556 893 597 a
946 536 1103 617 polis
1163 535 1373 616 hujus,
1444 546 1731 615 quantum
1798 538 2126 617 quantitati
2189 541 2735 620 retrogradationis
2790 540 3034 613 sufficit,
3101 556 3287 619 super

560 626 769 707 quibus
817 624 979 687 orbis
1025 621 1121 686 hic
1168 624 1417 686 interior
1462 624 1521 684 in
1570 625 1932 687 contrarium
1982 628 2298 691 exterioris
2329 629 2569 709 aequali
2597 636 2867 709 tempore
2897 628 3280 689 restituatur.

557 718 651 777 At
692 714 806 777 hoc
849 721 1031 793 pacto
1084 712 1335 793 planeta¹
1380 732 1618 795 semper
1674 713 1735 775 in
1796 715 2080 794 ecliptica
2139 724 2246 777 aut
2291 736 2527 797 semper
2573 719 2632 779 in
2675 716 2913 797 aequali
2961 715 3284 778 latitudine

558 809 735 865 extra
782 802 1121 883 eclipticam
1165 809 1390 877 manet,
1442 810 1607 865 motu
1654 802 1994 866 librationis
2041 804 2128 865 cis
2177 813 2242 866 et
2288 806 2450 867 ultra
2497 806 2705 870 Solem
2753 822 3108 878 excurrens,
3173 811 3282 865 aut

564 890 625 953 si
690 890 871 953 fuerit
928 890 1245 970 inaequale
1305 899 1543 971 tempus
1597 890 2075 969 restitutionum,
2136 892 2241 954 fiet
2293 902 2364 955 ut
2408 894 2552 956 olim
2609 897 2859 975 planeta
2903 892 3282 956 latitudinem

556 979 786 1041 habeat
830 978 1141 1059 aequalem
1186 979 1717 1059 retrogradationi.
1810 980 1894 1043 Et
1939 989 2008 1042 ut
2053 982 2281 1057 demus,
2331 984 2670 1063 neglectam
2716 984 2792 1046 ab
2829 982 3084 1044 Eudoxo
3131 980 3282 1043 lati-

560 1068 827 1130 tudinem
879 1067 1294 1147 planetarum,
1360 1088 1479 1131 non
1534 1076 1735 1129 tamen
1794 1076 1896 1130 est
1947 1068 2300 1147 verisimile,
2367 1091 2538 1135 usum
2598 1092 2734 1135 esse
2779 1071 3094 1133 Eudoxum
3153 1077 3282 1131 tam

556 1156 872 1219 recondita
932 1158 1126 1218 forma
1170 1156 1577 1237 hypotheseos
1626 1157 1704 1219 ad
1749 1158 2334 1237 retrogradationem
2389 1160 2790 1224 efficiendam:
2847 1178 2981 1221 curn
3025 1157 3284 1241 epicycli

558 1253 884 1325 conceptus
921 1262 1057 1308 sese
1116 1246 1313 1323 ipsum
1360 1244 1533 1327 quasi
1578 1248 1795 1319 offerat
1825 1247 1982 1309 ultro
2015 1248 2596 1327 retrogradationem
2633 1248 3060 1324 consideranti,
3109 1256 3178 1309 et
3217 1246 3282 1307 in

559 1333 1013 1415 disciplinarum
1073 1333 1503 1396 constitutione
1542 1334 1987 1414 simplicissima
2031 1343 2098 1397 et
2155 1336 2446 1400 facillima
2489 1358 2758 1421 quaeque
2814 1338 3008 1418 primo
3055 1352 3282 1415 sequa-

556 1442 717 1495 mur,
793 1422 1231 1484 necessitatem
1295 1424 1741 1503 perpendentes
1821 1442 1938 1485 non
1993 1424 2324 1505 ingenium,
2391 1433 2462 1488 ut
2512 1428 2972 1491 Fracastoreus.
3065 1425 3283 1505 Neque

561 1518 800 1573 tantum
844 1510 1172 1574 verisimile
1230 1530 1348 1572 non
1394 1518 1510 1588 est,
1560 1512 1666 1574 sed
1705 1512 1886 1591 plane
1915 1522 2130 1574 contra
2165 1532 2395 1575 omnem
2435 1516 2750 1592 rationem,
2797 1514 3054 1579 Eudoxo
3079 1514 3282 1574 visum

558 1619 697 1661 esse
745 1599 901 1661 hunc
946 1600 1487 1679 retrogradationis
1539 1609 1765 1663 motum
1814 1600 1874 1662 in
1921 1602 2300 1664 concentrico
2347 1604 2472 1665 fieri
2527 1612 2694 1667 motu
2745 1594 3116 1675 librationis,
3189 1600 3284 1661 ita

564 1697 631 1750 ut
676 1688 929 1749 eandem
986 1708 1024 1749 a
1069 1688 1261 1750 Terra
1284 1689 1659 1761 ,distantiam
1714 1689 1966 1768 planeta
2019 1700 2370 1753 conservet:
2435 1712 2568 1755 cum
2630 1692 2814 1755 etiam
2860 1690 3027 1771 vulgi
3073 1690 3283 1752 oculos

558 1776 940 1858 perstringat
983 1776 1205 1839 Martis
1254 1778 1597 1860 acronychii
1645 1778 1858 1857 ingens
1898 1780 2267 1857 magnitudo,
2319 1782 2416 1862 qui
2457 1782 2587 1862 jam
2633 1782 2712 1844 ad
2740 1781 2945 1843 Solem
2986 1778 3285 1842 accedens

564 1884 603 1925 a
656 1864 877 1926 tertiae
926 1864 1357 1944 magnitudinis
1405 1868 1601 1929 stellis
1648 1875 1984 1945 superatur,
2036 1887 2112 1929 ex
2158 1887 2273 1947 quo
2319 1872 2646 1933 manifesta
2689 1878 2790 1931 est
2833 1870 2961 1950 ejus
3009 1890 3048 1931 a
3091 1867 3288 1929 Terra

556 1953 977 2016 diversissima
1022 1954 1299 2035 utrinque
1349 1954 1663 2018 distantia.
1758 1952 1958 2025 Quam
2005 1955 2386 2022 librationem
2442 1959 2496 2020 si
2542 1960 2728 2021 etiam
2775 1957 3100 2020 statuisset
3147 1956 3282 2017 Eu-

564 2042 787 2117 doxus,
846 2042 1066 2103 fuisset
1111 2062 1149 2104 a
1206 2040 1463 2126 Calippo
1522 2044 1950 2124 reprehensus,
2013 2050 2078 2105 et
2129 2046 2380 2124 proinde
2429 2046 2940 2113 orbiumEudoxi
2999 2062 3282 2107 numerus

566 2140 631 2193 et
674 2130 820 2192 ordo
866 2139 1157 2207 mutatus,
1206 2133 1373 2213 cujus
1422 2133 1783 2195 contrarium
1823 2134 2084 2195 affirmat
2127 2134 2516 2197 Aristoteles.
2612 2135 2766 2198 Cum
2811 2137 3016 2217 itaque
3063 2131 3282 2222 calip-3

563 2239 677 2301 pus
724 2220 1072 2299 diligentior
1131 2240 1249 2282 non
1305 2222 1560 2283 haberet
1626 2222 1783 2301 quod
1831 2222 1927 2283 hic
1973 2223 2032 2283 in
2078 2221 2333 2285 Eudoxo
2379 2224 2872 2305 reprehenderet,
2939 2242 3058 2309 non
3103 2224 3284 2285 decet

564 2326 694 2379 nos,
739 2308 994 2371 Eudoxo
1042 2315 1277 2371 tantam
1322 2310 1723 2389 ignorantiam
1773 2310 2056 2373 tribuere.
2151 2310 2274 2373 Sed
2324 2314 2401 2375 ad
2429 2312 2745 2375 Eudoxum
2769 2314 3110 2375 redeamus.
3183 2309 3283 2370 Ex

565 2398 749 2459 tertio
797 2404 861 2459 et
906 2398 1110 2479 quinto
1168 2399 1341 2475 orbe,
1410 2399 1696 2471 diximus,
1754 2400 2010 2461 alterum
2070 2400 2376 2464 latitudini
2425 2402 2648 2464 servire
2709 2402 2955 2477 debere,
3025 2401 3284 2461 alterurn

564 2486 1099 2567 retrogradationi.
1193 2485 1370 2558 Quod
1427 2488 1618 2568 primo
1676 2489 1807 2550 loco
1866 2495 2158 2550 tenemus.
2261 2489 2496 2551 Deinde
2551 2509 2684 2552 cum
2739 2491 3022 2553 distincte
3078 2495 3286 2549 narret

564 2576 943 2661 Aristoteles
989 2574 1065 2637 de
1102 2576 1293 2656 primo
1343 2583 1405 2637 et
1451 2577 1713 2647 secundo
1762 2576 1936 2651 orbe,
2002 2577 2157 2657 quod
2203 2576 2258 2638 is
2306 2579 2578 2640 omnibus
2632 2580 2894 2659 planetis
2951 2576 3282 2640 communis

565 2664 681 2741 sit,
730 2664 804 2725 de
851 2664 1033 2726 tertio
1083 2684 1225 2726 vero
1280 2665 1378 2727 vel
1426 2674 1639 2746 quarto
1698 2662 1737 2728 5
1784 2666 2166 2745 planetarum
2225 2686 2342 2728 non
2391 2669 2681 2741 affirmet,
2745 2670 3100 2730 alterutrum
3147 2682 3282 2727 cum

566 2752 747 2815 tertio
804 2752 1181 2816 luminarium
1239 2772 1375 2816 esse
1428 2754 1713 2830 eundem3
1780 2754 1920 2817 hinc
1975 2762 2140 2817 recte
2201 2756 2474 2818 concludi
2533 2755 2844 2833 existimo,
2903 2757 3022 2820 etsi
3069 2754 3281 2817 horum

566 2843 861 2904 alteruter
916 2841 1081 2902 idem
1138 2861 1271 2903 cum
1334 2845 1516 2906 tertio
1564 2843 1940 2905 luminarium
1993 2844 2180 2906 habet
2245 2845 2505 2906 officinm
2581 2846 2838 2908 vehendi
2891 2848 3172 2927 planetas
3218 2843 3280 2904 in

564 2929 962 3002 latitudinem,
1012 2931 1310 3008 positione
1358 2941 1561 2994 tamen
1605 2932 1925 3012 plurimum
1973 2931 2233 2994 differre.
2327 2933 2533 2996 Tertio
2563 2935 3060 2997 considerandum
3106 2932 3281 2995 nobis

564 3025 682 3089 est,
732 3017 873 3098 quid
920 3037 995 3079 ex
1042 3036 1111 3078 eo
1160 3030 1467 3100 sequatur,
1516 3021 1675 3101 quod
1720 3021 1941 3083 tertiae
1989 3021 2282 3102 sphaerae
2331 3023 2454 3104 poli
2501 3024 2560 3085 in
2610 3023 2660 3098 ῼ
2707 3032 2773 3086 et
2817 3027 2862 3102 ζὲ
2907 3023 3030 3086 sint
3075 3022 3279 3084 iidem.

566 3105 719 3170 Cum
774 3106 959 3186 igitur
1014 3107 1180 3169 hisce
1236 3110 1467 3171 duobus
1516 3129 1824 3171 commune
1883 3109 2030 3172 nihil
2087 3109 2170 3172 sit
2217 3111 2306 3183 (in
2363 3113 2594 3173 usitata
2641 3112 2880 3192 quidem
2937 3114 3013 3175 de
3061 3109 3282 3174 mundo

564 3195 1017 3275 conceptione),
1079 3205 1325 3277 praeter
1372 3199 1587 3260 lineam
1634 3198 1813 3260 medii
1861 3207 2089 3276 metue,
2156 3218 2308 3280 quae
2355 3219 2465 3280 per
2511 3207 2784 3262 centrum
2841 3201 3096 3282 epicycli
3144 3207 3278 3261 tra-

556 3284 799 3364 jicitur:
866 3285 1125 3347 latitudo
1184 3288 1341 3349 enim
1389 3288 1631 3349 diversa
1676 3295 1804 3362 est,
1867 3288 2408 3367 retrogradationis
2465 3298 2530 3350 et
2573 3297 2812 3370 tempus
2859 3299 2926 3352 et
2969 3288 3282 3370 quantitas

562 3373 773 3434 itidem
821 3373 1091 3436 diversa:
1141 3376 1413 3456 sequitur
1456 3375 1660 3456 igitur,
1708 3375 1874 3438 tertii
1920 3377 2083 3439 orbis
2129 3378 2302 3457 polos
2345 3379 2608 3458 pendere
2647 3399 2686 3440 a
2732 3378 2890 3440 linea
2935 3377 3118 3440 medii
3145 3394 3282 3437 mo-

562 3471 684 3522 tus.
776 3461 860 3524 Et
906 3463 1191 3542 amplius,
1262 3484 1393 3526 cum
1454 3473 1680 3526 eertum
1738 3466 1822 3526 sit
1883 3465 2238 3528 latitudines
2299 3465 2349 3540 Q
2415 3475 2481 3529 et
2526 3469 2570 3545 ζὲ
2634 3468 2692 3529 iu
2741 3468 2998 3530 diversis
3045 3465 3284 3528 zodiaci

566 3550 713 3613 locis
758 3551 993 3630 perfici,
1052 3571 1161 3626 nec
1209 3573 1447 3634 semper
1494 3553 1829 3635 aequaliter
1875 3555 1952 3616 ab
1993 3553 2254 3618 invicem
2313 3556 2611 3618 removeri
2658 3556 2810 3619 haec
2855 3558 3019 3619 loca:
3079 3562 3281 3617 retro-

564 3640 941 3719 gradationis
987 3659 1131 3704 vero
1178 3641 1238 3703 in
1280 3649 1537 3722 utroque
1582 3642 1834 3723 planeta
1879 3643 2016 3705 loca
2061 3643 2260 3706 media
2308 3663 2546 3725 semper
2591 3664 2728 3707 esse
2769 3647 3116 3727 conjuncta:
3175 3662 3280 3703 se-

566 3729 768 3808 quitur
810 3728 1011 3808 igitur,
1060 3731 1306 3793 tertium
1352 3732 1556 3793 orbem
1601 3731 2107 3810 retrogradationi
2146 3729 2391 3805 servire,
2439 3741 2717 3814 quartum
2747 3734 3072 3808 latitudini,
3123 3732 3282 3812 quod

566 3817 807 3896 quidem
866 3826 929 3878 et
980 3819 1168 3880 verba
1218 3819 1573 3883 Aristotelis
1632 3839 1749 3880 non
1806 3820 2059 3882 obscure
2117 3821 2388 3886 innuunt.
2480 3822 2614 3884 Hoc
2670 3823 2761 3884 ita
2815 3831 3022 3886 tamen
3077 3838 3282 3893 verum

567 3913 683 3981 est,
732 3913 801 3967 ut
848 3913 909 3967 et
956 3925 1138 3987 supra
1182 3911 1243 3970 in
1272 3909 1447 3972 Luna
1494 3908 1637 3970 fuit:
1688 3927 1901 3987 nempe
1949 3908 2166 3972 tertius
2195 3911 2383 3972 nodos
2411 3911 2652 3986 vehere,
2703 3919 2950 3992 quartus
2989 3918 3054 3973 et
3077 3919 3284 3971 retro-

564 3994 983 4072 gradationem
1032 4003 1095 4056 et
1142 3997 1518 4059 latitudinem
1566 3996 1689 4060 una
1735 3997 2025 4060 beneficio
2073 3997 2239 4061 tertii
2291 4000 2527 4061 efficere
2565 4009 2790 4080 potest.
2885 3999 3120 4070 Quarto
3168 3999 3282 4058 de-

565 4083 743 4164 nique
792 4084 1266 4162 consideremus,
1328 4087 1485 4166 quod
1532 4087 1795 4148 affirmat
1845 4086 2242 4157 Aristoteles,
2305 4089 2479 4167 polos
2535 4089 2703 4151 tertii
2759 4109 2898 4152 esse
2953 4089 3012 4150 iu
3062 4085 3284 4149 circulo

563 4191 672 4253 per
716 4172 976 4236 medium
1024 4172 1347 4254 signorum.
1440 4175 1513 4237 Id
1557 4175 1952 4237 multifariam
1997 4177 2124 4237 fieri
2169 4184 2400 4255 potest.
2493 4178 2624 4239 Aut
2653 4179 2812 4240 enim
2857 4177 3122 4260 oppositi
3157 4174 3285 4254 poli

566 4264 625 4322 in
684 4262 981 4342 oppositis
1036 4262 1268 4325 zodiaci
1326 4265 1475 4326 locis
1531 4273 1874 4339 cernentur,
1945 4284 2076 4326 cum
2132 4285 2217 4326 sc.
2267 4265 2458 4327 Terra
2511 4266 2569 4326 in
2619 4267 2796 4346 hujus
2855 4265 3020 4329 tertii
3077 4273 3286 4328 centro

566 4357 699 4412 est:
751 4360 859 4414 aut
904 4359 1153 4432 uterque
1198 4353 1474 4432 polorum
1520 4353 1579 4413 in
1630 4354 1838 4415 eodem
1885 4353 2119 4414 zodiaci
2167 4353 2318 4427 loco,
2364 4373 2500 4417 curn
2545 4373 2630 4416 sc.
2663 4355 2850 4418 Terra
2879 4363 3056 4418 extra
3081 4353 3284 4415 orbem

566 4439 719 4501 hunc
768 4441 1171 4518 constituitur,
1219 4442 1309 4503 ita
1352 4449 1422 4502 ut
1466 4441 1629 4502 orbis
1676 4441 1772 4503 hic
1821 4442 2123 4524 epicyclus
2171 4443 2273 4519 sit,
2323 4450 2387 4505 et
2432 4444 2594 4506 linea
2640 4463 2717 4507 ex
2762 4445 2954 4506 Terra
2997 4461 3106 4524 per
3151 4442 3283 4522 epi-

568 4529 721 4608 cycli
786 4536 1055 4592 centrum
1112 4529 1415 4592 coincidat
1473 4549 1605 4591 cum
1678 4531 1808 4610 ejus
1870 4549 2005 4594 axe.
2099 4533 2228 4593 Aut
2284 4531 2538 4612 denique
2604 4534 2736 4595 axis
2793 4534 2990 4616 hujus=
3031 4529 3288 4613 epicycli

567 4619 892 4680 secundum
950 4618 1263 4698 eclipticae
1323 4618 1749 4698 longitudinem
1798 4619 1982 4696 situs,
2049 4628 2362 4702 utrumque
2418 4624 2622 4701 polum
2677 4623 2737 4683 in
2787 4623 2999 4685 vicinis
3054 4619 3285 4683 zodiaci

566 4705 715 4766 locis
777 4707 1123 4772 constituet.
1218 4708 1479 4770 Primum
1527 4709 1930 4772 Fracastoreo
1985 4712 2224 4789 placet,
2289 4712 2395 4771 sed
2445 4711 2521 4772 ob
2569 4730 2788 4772 causas
2847 4731 3030 4792 supra
3085 4709 3286 4771 dictas

566 4811 703 4856 esse
752 4815 864 4856 non
912 4805 1139 4876 potest.
1231 4800 1389 4860 Nam
1454 4798 1749 4876 ejusmodi
1805 4798 1968 4860 orbis
2025 4819 2140 4862 non
2199 4808 2298 4861 est
2329 4799 2439 4860 -ita
2485 4809 2899 4881 comparatae,
2957 4808 3025 4862 ut
3083 4805 3286 4861 retro-

564 4883 983 4966 gradationem
1031 4886 1269 4950 efficere
1324 4887 1540 4968 possit.
1634 4885 2004 4966 Secundum,
2069 4889 2122 4952 si
2167 4889 2354 4952 verba
2406 4890 2681 4971 praecise
2737 4908 3088 4971 urgeamus,
3149 4901 3288 4948 esse
