3634 5575
1493 364 1821 425 eno-in.
2910 364 2997 435 39

285 542 422 591 meo
481 524 738 589 nomine.
837 526 1006 591 Idem
1061 528 1246 589 etiam
1299 546 1432 591 meo
1487 528 1726 591 nomine
1781 547 1979 594 meam
2034 550 2123 594 sc.
2178 519 2697 618 officiosissimam„
2744 528 3001 595 salutem

289 614 552 693 collegio
597 614 1012 696 philosophico
1057 616 1244 679 dicas.
1337 616 1502 677 Deus
1549 616 1658 678 tibi
1709 616 2100 683 domesticum
2148 638 2475 682 moerorem
2518 619 2733 698 majori
2762 618 3001 681 laetitia

287 702 462 765 brevi
511 713 877 785 compenset.
971 705 1150 782 Vale,
1201 718 1264 767 et
1307 706 1678 767 Ludovicum
1708 706 1909 783 filium,
1960 708 2059 789 qui
2078 709 2209 788 jam
2239 710 2446 789 procul
2478 708 2657 770 dubio
2682 708 2997 789 patrissat,

289 814 326 853 a
377 792 654 855 studioso
698 796 1044 858 matheseos
1090 795 1308 857 saluta.
1399 794 1686 857 Nostram
1734 796 2223 869 vobis,omnibus
2268 797 2587 861 ecclesiam
2634 797 3001 871 commendo,

293 882 633 965 vestrisque
678 884 978 965 precibus.
1080 883 1134 947 1.
1190 882 1258 947 11
1315 883 1480 947 Junii
1525 904 1624 946 an.
1681 880 1867 949 1598.

623 996 631 1006 ·
1275 972 1452 1036 Hum.
1504 972 1574 1037 T.
1623 972 1802 1037 Grat.
1851 975 2021 1039 Disc.

2320 1065 2410 1127 Μ.
2456 1064 2523 1129 J.
2570 1064 2827 1149 Kepler.

433 1240 616 1307 Paucis
652 1246 764 1305 post
799 1239 1047 1289 mensibus
1083 1238 1214 1289 aliae
1257 1238 1526 1303 Keplerum
1564 1241 1827 1291 turbarunt
1863 1240 2173 1306 theologicae
2224 1242 2536 1293 calamitates
2552 1278 2567 1303 ,
2618 1244 2865 1309 graviores
2908 1244 3003 1303 his,

291 1326 418 1377 quas
453 1313 509 1361 in
541 1312 820 1375 praemissis
857 1312 1022 1375 tangit
1040 1346 1054 1367 .
1094 1316 1176 1371 et,
1218 1312 1356 1373 quasi
1388 1314 1494 1374 iam
1529 1312 1815 1377 ingruentes
1852 1314 2188 1381 praesagienti
2228 1314 2391 1363 animo
2429 1314 2653 1368 divinans
2670 1350 2684 1373 ‚
2724 1316 3000 1375 concludit,:

295 1390 551 1443 „nostram
587 1384 719 1432 robis
757 1382 977 1433 omnibns
1017 1382 1276 1432 ecclesiam
1313 1382 1650 1433 commendo.“

439 1454 791 1505 calamitatem
827 1458 1166 1517 erumpentem
1201 1454 1276 1503 his
1313 1455 1518 1505 nunciat
1555 1453 1849 1505 Maestum:

473 1596 732 1659 Pandite
781 1615 934 1659 nunc
981 1596 1273 1663 Helicona.
1299 1596 1490 1671 Deae,
1538 1604 1869 1677 cantusque
1900 1604 2157 1661 movete.
2232 1597 2355 1661 Sed
2386 1600 2524 1681 quid
2556 1608 2769 1662 cantus
2794 1620 2999 1680 posco,

291 1687 389 1751 cui
435 1688 584 1749 fletu
629 1704 776 1765 opus
826 1685 958 1747 est?
1031 1684 1186 1747 Rem
1243 1686 1506 1751 breviter
1554 1684 1781 1766 accipe.
1876 1685 2003 1749 Vix
2048 1686 2317 1751 redierat
2361 1709 2435 1751 ex
2480 1689 2662 1752 ltalia
2704 1689 3000 1769 princeps,

293 1796 430 1839 cnm
479 1775 734 1845 accidit,
783 1783 852 1837 ut
893 1774 1160 1855 picturae
1209 1775 1500 1855 quaedam
1545 1794 1772 1837 aeneae
1817 1775 1877 1837 in
1923 1794 2121 1856 papae
2167 1778 2587 1841 contumeliam
2632 1778 2725 1843 hic
2772 1778 3001 1841 distra=

291 1868 602 1929 herentur.
679 1864 965 1944 Princeps
1011 1871 1228 1927 vocato
1275 1864 1702 1928 ordinariorum
1747 1866 2049 1945 praeside,
2096 1886 2326 1947 pacem,
2372 1867 2583 1949 inquit,
2631 1869 2747 1931 etsi
2778 1869 3001 1941 darem,

294 1956 414 2037 ipsi
460 1954 763 2035 respuitis,
854 1952 952 2015 Ex
999 1972 1070 2015 eo
1108 1953 1457 2033 bibliopola,
1505 1954 1778 2035 quamvis
1815 1955 2266 2033 provincialium
2297 1957 2587 2031 minister,
2629 1958 2808 2038 jussu
2833 1958 3003 2038 prin-

293 2045 450 2125 cipis
497 2046 556 2107 in
605 2062 906 2108 carcerem
952 2042 1066 2105 fuit
1111 2043 1440 2125 conjectus.
1535 2044 1605 2107 Id
1653 2044 1877 2107 factum
1928 2062 2129 2107 mense
2164 2045 2347 2109 Julio.
2440 2045 2669 2109 Eodem
2716 2055 3000 2127 tempore,

294 2154 432 2197 cum
497 2141 742 2195 nostrae
816 2132 1214 2195 confessionis
1271 2132 1712 2217 Elemosynarii
1775 2144 2183 2215 premerentur
2255 2136 2349 2199 vel
2414 2136 2883 2217 praeterirentur
2944 2135 3003 2195 in

299 2221 594 2287 communi
640 2222 948 2304 hospitali,
997 2230 1062 2285 et
1105 2229 1470 2284 mortuorum
1515 2240 1767 2302 corpora
1801 2241 1913 2303 pro
1960 2224 2269 2303 sepultura
2312 2224 2487 2287 nimis
2534 2244 2813 2305 magnum
2858 2242 3001 2285 vec-

295 2313 448 2391 tigal
497 2312 756 2392 pendere
801 2312 1184 2373 viderentur:
1233 2312 1684 2391 promulgarunt
1730 2312 1922 2373 nostri
1970 2312 2043 2375 de
2083 2320 2400 2394 suggestu,
2451 2332 2667 2377 novum
2713 2314 3002 2375 coemite-

297 2404 472 2476 rium,
521 2417 738 2463 novum
785 2401 1084 2481 hospitale
1131 2418 1242 2479 pro
1287 2401 1687 2475 nostratibus,
1733 2399 2206 2465 contributiones
2254 2400 2603 2465 Christiano
2650 2422 2813 2465 more
2860 2422 3001 2463 sua-

299 2498 530 2555 serunt.
623 2490 710 2553 At
755 2508 888 2553 cum
950 2497 1324 2569 praestemus
1387 2508 1660 2565 numero,
1727 2508 2011 2569 magnum
2066 2492 2209 2572 quid
2259 2492 2578 2572 pontificiis
2624 2492 3005 2553 decessurum

301 2588 452 2643 erat.
549 2578 806 2641 Sublata
852 2579 1052 2658 itaque
1109 2587 1208 2641 est
1271 2578 1594 2641 autoritate
1639 2578 1925 2660 principis
1971 2579 2080 2643 illa
2122 2579 2374 2643 molitio.
2466 2581 2679 2645 Mense
2730 2578 3003 2660 Augusto

301 2669 750 2751 praeambulum
795 2668 1142 2748 tragoediae
1191 2668 1324 2731 fuit.
1397 2669 1905 2750 Archipresbyter
1949 2669 2114 2731 urbis
2157 2688 2266 2750 pro
2314 2670 2493 2731 officii
2522 2670 2751 2731 ratione
2781 2668 3005 2731 nostris

301 2758 822 2823 concionatoribus
869 2758 1024 2820 omni
1089 2758 1378 2822 exercitio
1441 2758 1748 2838 religionis
1824 2767 1889 2823 et
1934 2758 2451 2822 administratione
2498 2765 3007 2822 sacramentorum

301 2849 901 2929 benedictionumque
949 2847 1370 2928 conjugialium
1415 2847 1744 2924 interdixit,
1793 2857 2113 2927 praete-nso
2150 2847 2319 2929 jure,
2368 2849 2523 2930 quod
2570 2847 2797 2912 habeat
2839 2847 3002 2910 anti·-

303 2939 504 3019 quitus
553 2937 654 3018 qui
701 2937 814 2999 loci
851 2946 950 2998 est
995 2937 1516 3018 archipresbyter,
1563 2937 1732 3017 cujus
1779 2938 2105 3018 vectigalia
2140 2938 2513 3012 minuantur,
2562 2938 2843 3000 aliorsum
2890 2937 3003 2998 ab·

301 3028 553 3090 sti-actis
600 3027 764 3088 hisce
810 3025 1000 3088 sacris
1047 3026 1576 3112 negotiationibus.
1656 3027 2047 3106 Respondete
2093 3045 2201 3108 pro
2246 3028 2533 3090 ministris
2572 3028 2795 3090 nostris
2840 3026 3005 3088 ordi·

301 3117 475 3180 narii.
569 3115 916 3196 Replicavit
961 3115 1151 3178 semel
1197 3123 1375 3195 atque
1423 3115 1658 3190 iterum,
1710 3125 1772 3178 et
1819 3115 2071 3198 deniqne
2119 3116 2427 3178 brachium
2473 3117 2779 3178 saeculare
2826 3115 3002 3177 invo-

303 3205 488 3269 cavit.
554 3205 861 3284 Princeps,
911 3205 1130 3268 debere
1177 3224 1244 3266 se
1293 3204 1544 3268 tutelam
1590 3223 1708 3266 non
1754 3205 1929 3266 nobis
1974 3213 2211 3268 tantum
2256 3207 2365 3268 sed
2402 3213 2468 3268 et
2513 3204 2639 3268 suis
2682 3203 2999 3284 religiosiS,

302 3295 507 3375 itaque
556 3295 714 3374 quod
759 3300 944 3356 antea
989 3294 1254 3355 facturus
1303 3302 1435 3356 erat
1477 3294 1718 3374 propria
1765 3293 2115 3370 devotione,
2173 3295 2234 3357 id
2281 3314 2432 3357 nunc
2470 3294 2857 3374 ‚imploratum
2905 3295 3001 3356 fa·-

303 3403 478 3457 cere‚
550 3392 614 3445 et
675 3383 989 3457 mandare,
1055 3391 1124 3444 ut
1177 3381 1460 3443 ordinarii
1523 3383 1684 3444 intra
1751 3378 1833 3444 14
1889 3383 2017 3444 dies
2062 3385 2309 3446 mittant
2354 3403 2555 3447 omnes
2602 3383 2891 3446 ecclesiae
2941 3391 3003 3442 et
3074 3446 3081 3455 ,

305 3473 550 3536 scholae
585 3471 785 3534 Gratii
814 3479 876 3532 et
901 3471 1284 3552 Judeburgae
1315 3471 1636 3544 ministros,
1686 3491 1907 3552 eosque
1954 3472 2013 3534 in
2061 3482 2367 3535 aeternum
2414 3472 2828 3535 haereditariis
2877 3470 3000 3532 suis

301 3563 627 3643 provinciis
692 3561 1000 3622 abstinere
1063 3560 1174 3621 sub
1249 3579 1444 3640 poena
1501 3559 1720 3640 capitis
1775 3560 2051 3638 jubeant.
2161 3564 2413 3625 Factum
2481 3561 2579 3625 10.
2658 3560 2762 3625 20.
2826 3559 2997 3643 Sept.

301 3651 788 3731 Responderunt,
835 3668 1008 3712 suum
1055 3669 1188 3712 esse
1233 3648 1388 3711 tueri
1430 3665 1722 3730 personas
1769 3650 1881 3712 has
1929 3657 2140 3713 contra
2182 3649 2337 3726 vim,
2386 3650 2621 3714 mittere
2666 3669 2785 3711 non
2832 3668 2999 3711 suum

305 3761 462 3814 esse,
511 3741 616 3802 sed
665 3741 849 3802 totius
896 3747 1246 3801 conventus
1340 3737 1531 3800 Erant
1577 3746 1700 3802 tum
1748 3739 1844 3802 hic
1890 3739 2165 3820 Hispani,
2216 3759 2501 3821 sponsam
2546 3739 2705 3820 regis
2743 3738 2996 3800 comita·

303 3831 444 3904 turi,
497 3837 722 3909 etpost
747 3829 988 3891 biduum
1021 3827 1341 3890 discessuri
1371 3847 1504 3890 cum
1533 3825 1811 3911 Styriaco
1840 3829 2128 3894 comitatu
2178 3830 2307 3910 (qui
2352 3837 2515 3891 totus
2563 3848 2639 3890 ex
2679 3826 2999 3908 pontificiis

305 3920 516 3982 debuit
579 3919 884 3991 constare)
940 3917 1323 3997 putabantur.
1413 3917 1702 3998 Princeps
1757 3915 1853 3980 14.
1904 3915 2009 3981 24.
2060 3917 2231 3999 Sept.
2299 3919 2471 3981 nobis
2531 3919 2678 4000 ipsis
2724 3917 2999 3996 imperat,

305 4019 374 4072 ut
436 4010 596 4070 intra
657 4016 937 4070 octavum
1000 4005 1156 4068 dlem
1220 4005 1540 4086 provinciis
1604 4007 1728 4068 suis
1793 4007 2089 4070 abiremus
2154 4007 2265 4070 sub
2310 4026 2505 4087 poena
2552 4005 2787 4087 capitis.
2882 4005 2999 4064 Diu

305 4098 551 4180 scriptis
580 4103 983 4159 concertatum
1012 4093 1338 4174 principem
1366 4095 1521 4158 inter
1550 4104 1611 4158 et
1639 4097 1989 4171 ordinarios,
2040 4097 2171 4178 (qui
2195 4097 2421 4160 vicinos
2448 4117 2726 4179 proceres
2774 4111 2999 4157 convo-

307 4195 614 4262 caverant,
666 4187 773 4247 sed
820 4203 1105 4265 aquarum
1152 4184 1424 4248 maximis
1470 4193 1534 4247 et
1569 4179 1826 4248 insolitis
1852 4186 2356 4262 inundationibus,
2404 4207 2555 4269 quae
2585 4187 2771 4250 etiam
2796 4200 2999 4246 mense

307 4281 588 4358 Augusto
636 4276 819 4348 fuere,
864 4273 1150 4353 impediti,
1197 4293 1314 4334 non
1359 4275 1522 4337 ultra
1567 4271 1652 4338 30
1697 4278 2151 4350 convenerunt).
2246 4277 2513 4340 Tandem
2555 4275 2652 4339 17.
2685 4271 2791 4336 27.
2824 4272 2995 4350 Sept.

307 4377 449 4429 ante
497 4365 660 4428 Solis
707 4383 982 4426 occasum
1025 4364 1333 4425 universos
1380 4383 1490 4424 nos
1534 4362 1812 4446 princeps
1856 4363 2011 4428 nrbe-
2048 4365 2303 4441 migrare
2354 4373 2417 4427 et
2458 4373 2600 4447 post
2642 4363 2840 4425 finitos
2870 4359 2995 4440 pri-

309 4476 438 4518 mos
485 4453 523 4516 7
574 4455 704 4518 dies
752 4453 909 4516 exire
954 4451 1274 4532 provinciis
1322 4453 1602 4514 atrociori
1647 4455 2157 4516 commendatione
2197 4455 2403 4533 jussit.
2498 4457 2707 4534 Itaque
2746 4451 2819 4514 de
2849 4470 2995 4512 con-

309 4547 444 4608 silio
493 4551 556 4606 et
591 4546 764 4626 jussu
809 4561 1115 4622 procerum
1159 4541 1485 4617 exivimus,
1547 4542 1774 4606 relictis
1822 4543 2211 4622 conjugibuS‚
2271 4545 2407 4606 hinc
2452 4543 2589 4604 inde
2636 4541 2891 4622 dispersi
2940 4540 2998 4600 in

309 4635 615 4715 Ungariae
663 4641 726 4694 et
771 4629 1054 4694 Oroatiae
1100 4632 1267 4706 fines,
1315 4630 1416 4693 ubi
1464 4629 1695 4694 Caesar
1737 4632 2017 4713 imperat.
2088 4631 2325 4695 Salaria
2372 4633 2731 4702 obtinuimus
2777 4629 2997 4692 nihilo-

307 4724 531 4797 minus‚
595 4721 821 4785 viatica
865 4721 1106 4800 insuper
1151 4721 1524 4802 accepImus,
1583 4721 1742 4800 jussi
1807 4723 1963 4783 hanc
2018 4721 2104 4783 sic
2153 4723 2412 4784 tolerare
2460 4720 2793 4789 fortunam,
2860 4719 2997 4779 dum

311 4819 640 4876 conventus
689 4809 999 4872 habeatur.
1091 4811 1152 4872 Is
1201 4809 1394 4872 adhuc
1441 4818 1733 4889 speratur.
1825 4811 1955 4892 Ego
2003 4821 2143 4893 post
2189 4830 2453 4874 mensem
2500 4811 2667 4887 redii,
2708 4809 2915 4890 jussus
2963 4827 2999 4866 a

313 4901 600 4984 principis
646 4898 958 4977 ministris,
1009 4899 1108 4982 qui
1152 4919 1248 4966 me
1293 4907 1589 4970 exeuntum
1636 4899 1935 4965 dicebant.
2031 4899 2377 4992 supplicavi
2422 4909 2643 4984 tamen,
2690 4899 2812 4975 uti,
2862 4895 3001 4986 quia
