3634 5575
609 360 614 364 ’
644 386 735 455 ss
1844 382 2169 433 Praemium.

650 560 838 609 annum
871 551 990 607 ants
1028 544 1274 597 Christum
1307 548 1484 593 namin
1503 576 1518 599 ,
1575 546 1692 591 ante
1741 540 1870 590 haec
1925 545 2098 589 nostra
2146 538 2319 589 secula
2356 534 2492 587 1876
2532 538 2701 598 annis,
2744 552 2805 587 ex
2838 536 3127 588 Ptolemaeo
3162 534 3382 603 lib.‚111.

652 632 763 683 cap.
787 615 819 665 2
855 604 1180 669 manifestum*
1212 613 1336 665 est.“
1413 612 1494 673 (ln
1529 612 1745 661 editione
1783 610 2061 675 Almagesti
2100 610 2383 659 Venetiana
2420 624 2467 659 a.
2513 607 2648 658 1515
2685 608 2800 658 folio
2841 604 2952 669 28.)

795 685 1244 747 „Mathematicus“
1285 684 1368 749 qui
1402 682 1659 732 Herwarto
1713 683 2015 730 sententiam
2073 695 2213 730 suam
2262 682 2323 729 de
2360 678 2623 728 Prodromo
2660 678 2945 743 perscripsit
2982 676 3164 739 (comp.
3202 691 3250 739 p.
3272 672 3383 735 6¹).

637 760 682 810 ,J
697 756 982 808 ohannes
1017 756 1394 806 Praetorius
1431 754 1554 807 fuit,
1590 753 1833 815 professor
1864 758 1973 801 tum
2011 754 2243 816 temporis
2278 750 2561 799 matheseos
2612 751 2661 799 in
2715 748 2979 799 academia
3012 747 3300 798 Altorfiana
3336 757 3389 797 et

651 836 962 880 astronomus
1009 830 1084 877 rei
1118 827 1348 891 publicae
1383 824 1806 887 Norimbergensis
1856 822 1945 883 (ob
1980 836 2156 871 munus
2206 824 2299 885 ipsi
2350 821 2641 871 mandatum
2690 819 3029 870 conscribendi
3080 818 3389 867 Calendaria

653 896 1045 959 anniversaria),
1097 900 1178 962 qui
1233 910 1402 960 parum
1458 894 1652 959 quidem
1702 895 1919 943 innotuit
1968 894 2255 957 conscriptis
2307 892 2439 941 libris
2486 892 2851 941 mathematicis
2868 924 2882 949 ,
2936 902 3239 955 quamquam
3272 902 3385 952 per·

651 972 810 1020 multa
859 971 1054 1034 reliquit
1102 968 1440 1029 manuscripta
1485 965 1550 1014 ad
1595 965 1844 1014 mathesin
1864 1012 1869 1018 ,
1891 964 2337 1027 astronomiamque
2396 964 2698 1025 pertinentia
2758 960 2941 1025 (comp.
2998 960 3387 1024 Doppelmaier:

657 1040 804 1101 „Von
840 1040 936 1089 den
971 1037 1161 1089 Niirnb.
1198 1034 1621 1090 Mathematicis“‚
1677 1051 1723 1099 p.
1765 1030 1891 1095 86),
1942 1035 2102 1099 magis
2158 1049 2271 1084 vero
2324 1034 2561 1082 confectis
2628 1032 2965 1081 instrumentis
3014 1030 3389 1080 mathematicis

649 1109 936 1173 („mensula
968 1104 1372 1168 Praetoriana“).
1448 1106 1586 1155 Inest
1610 1106 1855 1177 judicium
1892 1105 2133 1154 Praetorii
2168 1106 2358 1161 literis,
2408 1102 2455 1151 d.
2495 1103 2542 1151 d.
2585 1100 2651 1151 23
2690 1104 2805 1166 Apr.
2846 1107 2909 1151 st.
2946 1118 2992 1152 v.
3034 1096 3207 1157 1598,
3259 1114 3387 1165 quas

657 1182 1064 1245 deprehendimus
1099 1182 1230 1229 iuter
1263 1178 1386 1227 Mss.
1424 1178 1672 1227 Herwarti
1707 1175 1963 1226 Monachii
2004 1182 2313 1225 conservata.

791 1268 936 1318 Haec
984 1274 1154 1317 autem
1207 1272 1324 1315 sunt
1370 1264 1501 1313 illius
1538 1265 1719 1314 verba:
1764 1262 1845 1313 De
1882 1263 2119 1327 Koepleri
2154 1263 2369 1327 quadam
2406 1261 2735 1325 propositione
2783 1266 2836 1309 et
2871 1260 3123 1309 Prodromi
3170 1273 3389 1309 censura

653 1342 910 1404 expetitur.
983 1338 1064 1387 De
1099 1338 1198 1386 hac
1231 1338 1384 1400 ipsius
1419 1336 1696 1385 subtilitate
1733 1335 1865 1385 malo
1903 1335 2026 1385 alios
2064 1334 2363 1383 sententiam
2401 1334 2552 1387 ferre,
2604 1332 2689 1396 qui
2738 1346 2835 1381 nou
2886 1331 3229 1381 astronomicis
3266 1331 3387 1378 sim-

649 1412 842 1475 pliciter
885 1405 1303 1476 speculationibus
1359 1407 1578 1455 contenti
1632 1407 1899 1456 secretiora
1933 1411 2143 1455 naturae
2181 1404 2387 1455 decreta
2432 1399 2647 1467 physicis
2705 1408 2757 1452 et
2802 1400 3152 1465 metaphysicis
3192 1396 3277 1462 (ut
3314 1401 3390 1451 ait

657 1478 822 1543 autor)
869 1480 1142 1544 ‚rationibus
1202 1478 1370 1527 rimari
1419 1484 1661 1525 conantur
1678 1512 1692 1534 ,
1747 1484 1798 1527 et
1850 1476 2023 1525 iisdem
2072 1477 2275 1539 argutiis
2322 1474 2650 1525 delectantur.
2724 1472 2911 1539 Magno
2950 1487 3061 1521 cum
3100 1472 3277 1521 ardore
3318 1472 3385 1521 ad

653 1552 764 1601 libri
798 1550 944 1612 hujus
981 1551 1246 1599 lectionem
1283 1548 1610 1603 accedebam,
1649 1548 1766 1605 sed,
1806 1555 1862 1597 ut
1899 1562 2067 1597 verum
2102 1547 2280 1607 fatear,
2321 1552 2373 1595 et
2409 1545 2539 1610 quod
2573 1545 2723 1593 nolim
2760 1546 2813 1593 in
2850 1544 3036 1593 autoris
3074 1548 3387 1593 contemtum

652 1628 742 1673 aut
794 1620 1224 1685 reprehensionem
1273 1620 1456 1669 dictum
1477 1654 1492 1673 ‚
1545 1626 1728 1682 quanto
1777 1634 1889 1667 cum
1925 1621 2112 1682 majore
2149 1626 2331 1667 conatu
2368 1632 2540 1667 nervos
2587 1615 2845 1665 intendere
2901 1614 3161 1677 cupiebam
3233 1621 3287 1663 et
3336 1616 3386 1663 in

652 1693 864 1758 legendo
899 1696 1122 1758 pergere,
1159 1696 1301 1739 tanto
1337 1688 1613 1753 languidior
1649 1691 1829 1749 factus,
1868 1691 2001 1739 omni
2038 1703 2125 1753 spe
2162 1690 2425 1739 frustratus
2462 1688 2547 1736 fui.
2598 1687 2663 1735 Et
2698 1688 2738 1735 si
2766 1700 2971 1735 causam
3008 1686 3115 1749 quis
3152 1691 3385 1749 quaerat,

653 1764 879 1829 equidem
915 1763 1060 1811 aliter
1093 1762 1390 1824 respondere
1425 1775 1524 1809 non
1559 1762 1756 1821 possim,
1796 1774 1959 1829 quam·
1980 1760 2109 1824 quod
2145 1760 2399 1808 minimam
2436 1758 2613 1807 harum
2650 1772 2813 1807 rerum
2849 1761 3044 1819 partem
3082 1756 3383 1820 intelligam.

655 1840 707 1885 et
741 1834 872 1899 qnod
909 1834 1198 1889 existimem,
1237 1832 1364 1881 baec
1401 1844 1434 1879 a
1467 1845 1615 1893 scopo
1651 1832 1980 1880 astronomiae
2018 1830 2239 1879 nonnihil
2279 1830 2505 1879 aberrare
2523 1866 2538 1885 ‚
2579 1830 2655 1879 vel
2697 1830 2859 1891 potius
2897 1827 2963 1876 ad
2986 1826 3247 1890 physicam
3270 1841 3385 1889 per·

653 1905 827 1961 tinere,
867 1918 996 1968 quae
1033 1910 1365 1953 astronomum
1399 1916 1498 1949 nou
1535 1902 1636 1950 fere
1673 1902 1776 1951 ulla
1807 1902 1861 1951 in
1897 1916 1951 1951 re
1983 1903 2156 1963 juvare
2192 1909 2413 1964 possunt.
2488 1900 2613 1950 Puto
2660 1902 2710 1949 in
2750 1898 3047 1961 disciplinis,
3085 1896 3135 1945 h.
3174 1914 3223 1947 e.
3261 1911 3383 1962 geo-

637 1966 869 2027 ‘metricis
907 1981 958 2024 et
996 1974 1368 2031 arithmeticis„
1383 1974 1604 2034 inprimis
1639 1974 1899 2021 scientiam
1935 1986 2022 2035 per
2056 1987 2112 2022 se
2148 1972 2305 2021 solam
2341 1972 2553 2034 spectari
2590 1971 2768 2021 debere
2786 2005 2799 2028 ,
2858 1976 2911 2019 et
2964 1966 3383 2019 mathematicum

654 2060 720 2095 ea
752 2048 862 2109 ipsa
895 2046 1107 2095 scientia
1143 2048 1430 2094 contentum
1463 2058 1576 2095 ,esse
1611 2058 1788 2105 posse;
1842 2050 1896 2093 at
1948 2058 2061 2092 vero
2099 2044 2149 2091 in
2189 2042 2377 2091 artibus
2412 2057 2555 2091 usum
2602 2041 2847 2105 spectari,
2903 2040 3011 2089 sine
3048 2053 3141 2103 quo
3195 2040 3385 2089 frustra
3484 2086 3493 2095 ,

651 2117 834 2181 artium
870 2116 1123 2166 doctrinae
1160 2116 1505 2179 suscipiuntur.
1555 2102 1714 2173 'Quia
1750 2122 1918 2163 autem
1956 2114 2274 2170 astronomia,
2315 2112 2576 2161 Aristotele
2614 2118 2743 2161 teste
2756 2146 2770 2168 ,
2811 2110 2877 2160 ad
2911 2108 3169 2174 physicam
3216 2112 3385 2174 magis

645 2182 886 2243 inclinat.
923 2202 1018 2237 nec
1051 2187 1271 2235 scientiis
1307 2199 1394 2249 per
1429 2199 1484 2233 se
1521 2187 1837 2234 annumerari
1868 2191 2067 2247 potest,
2108 2190 2329 2247 oportet,
2367 2190 2486 2247 puto
2509 2218 2522 2239 ,
2570 2189 2626 2231 ut
2664 2189 2971 2232 astronomus
3007 2195 3102 2230 sua
3138 2180 3387 2247 dogmata

653 2258 719 2308 ad
755 2272 898 2307 usum
933 2258 1202 2308 transierat
1220 2290 1236 2317 ,
1283 2263 1341 2306 ut
1392 2270 1461 2305 sc.
1499 2254 1861 2318 phaenomena.
1914 2256 2065 2305 oculis
2122 2263 2173 2304 et
2208 2270 2357 2303 sensu
2391 2260 2629 2319 percepta
2647 2288 2661 2310 ,
2718 2254 2818 2302 suis
2868 2250 3219 2317 hypothesibus
3259 2267 3381 2301 con·

649 2334 848 2393 gruant,
890 2343 952 2379 ac
987 2330 1061 2377 sic
1099 2342 1162 2378 ex
1197 2334 1335 2377 certa
1372 2340 1528 2377 causa
1563 2326 1653 2375 tali
1688 2333 1909 2377 motuum
1949 2326 2231 2376 discrimina
2266 2324 2615 2389 perducantur.

788 2416 888 2465 Illa
937 2430 1051 2465 vero
1106 2415 1378 2479 speculatio
1429 2428 1682 2478 corporum
1731 2415 2031 2480 regularium
2085 2413 2201 2477 quid
2266 2427 2451 2477 quaeso
2498 2412 2565 2463 ad
2622 2411 2971 2463 ssu-onomiam
3008 2408 3235 2461 confert?
3306 2412 3384 2461 At

649 2484 854 2551 (inquit)
903 2487 977 2537 ad
1023 2487 1245 2537 ordinem
1296 2502 1386 2537 seu
1429 2486 1822 2549 magnitudinem
1868 2487 2055 2536 orbium
2092 2485 2378 2535 coelestium
2416 2484 2751 2535 definiendam
2799 2482 3031 2547 prodesse
3068 2488 3269 2545 potest;
3306 2504 3381 2515 —

647 2572 772 2607 sane
808 2572 868 2607 ex
905 2558 1001 2607 alio
1037 2557 1360 2608 fundamento
1377 2594 1390 2613 ‚
1449 2572 1508 2607 ex
1559 2558 1979 2607 observationibus
2034 2556 2227 2605 scilicet
2276 2562 2327 2603 et
2376 2570 2409 2605 a
2444 2555 2711 2619 posteriore
2757 2554 2947 2603 orbium
2983 2554 3255 2603 distantiae
3290 2566 3379 2603 su-

645 2628 860 2679 mendae
893 2634 1046 2685 sunt;
1093 2628 1172 2679 his
1206 2643 1320 2678 vero
1355 2628 1595 2683 definitis,
1635 2634 1915 2693 congruant
1956 2642 2051 2677 nec
2086 2642 2151 2677 ne
2188 2640 2396 2689 corpora.
2426 2627 2701 2691 regularia,
2756 2624 2872 2688 quid
2907 2624 3095 2673 refert?
3168 2623 3223 2675 Si
3259 2638 3381 2673 vero

645 2704 794 2761 putat
835 2697 930 2747 boc
975 2704 1215 2761 tanquam
1261 2701 1499 2763 principio
1535 2700 1692 2761 posito
1709 2734 1726 2754 ,
1763 2706 1818 2748 et
1850 2699 2217 2749 observationes
2262 2704 2317 2745 et
2360 2697 2609 2747 calculum
2664 2697 2735 2745 ad
2782 2696 2835 2745 id
2883 2695 3195 2745 limitandum
3246 2706 3379 2751 esse.

643 2769 742 2820 hoc
777 2768 998 2820 existimo
1053 2774 1368 2831 praepostero
1417 2770 1586 2822 ordine
1640 2770 1747 2820 fieri
1765 2805 1780 2827 ,
1837 2771 1933 2820 nisi
1971 2771 2184 2820 certiora
2221 2768 2416 2818 adierat
2432 2803 2447 2826 ,
2484 2768 2657 2832 quibus
2702 2764 2835 2818 hanc
2882 2767 3213 2817 astronomiae
3252 2766 3373 2817 doc-

645 2841 826 2890 trinam
863 2837 1121 2890 confirmet
1137 2874 1152 2898 ‚
1193 2854 1230 2888 a
1259 2843 1418 2902 priore
1455 2840 1533 2891 vel
1568 2855 1628 2890 ex
1661 2842 1913 2905 principiis
1952 2855 2066 2892 eam
2104 2841 2279 2890 deduci
2315 2855 2459 2903 posse
2507 2847 2561 2888 et
2604 2839 2811 2889 stabiliri
2830 2873 2847 2896 ‚
2902 2851 3003 2887 non
3054 2838 3377 2902 pereuntibus

647 2909 1084 2962 observationibus.
3166 2912 3175 2932 ’

792 2998 866 3047 At
910 2991 1108 3060 quidem
1157 2997 1368 3059 ipsemet
1403 2996 1679 3057 Koeplerns
1727 2998 1923 3048 videtur
1972 3010 2113 3048 suam
2148 2998 2281 3048 lianc
2320 2995 2711 3061 speculationem
2764 2997 3003 3046 refellere.
3078 2995 3209 3046 Nam
3258 2995 3387 3046 licet

649 3069 923 3124 existiinet,
978 3066 1239 3116 Reinholdi
1277 3067 1482 3116 decreta
1515 3065 1626 3128 plus
1663 3069 1750 3114 sibi
1791 3070 2081 3132 adstipulari
2136 3081 2285 3134 quam
2322 3069 2581 3132 Copernici
2594 3103 2608 3125 ‚
2646 3075 2817 3118 tamen
2852 3083 2919 3117 ne
2954 3067 3051 3117 hoc
3083 3068 3231 3117 modo
3268 3081 3383 3117 cors

645 3141 844 3205 poribus
895 3138 1200 3202 regularibus
1255 3139 1467 3201 ipsemet
1517 3138 1703 3185 Fatetur
1753 3133 2017 3188 distantias
2064 3143 2341 3190 convenire.
2416 3143 2481 3190 Et
2514 3141 2709 3189 videtur
2742 3141 2853 3203 ipsa
2888 3137 3237 3202 phaenomena
3270 3153 3385 3188 cor-

589 3215 608 3232 *
642 3213 744 3277 rigi
778 3209 918 3268 velle,
958 3213 1019 3257 ut
1053 3221 1304 3271 corporum
1341 3223 1364 3256 s
1400 3201 1615 3257 eculatio
1651 3206 1919 3256 subsistere
1953 3212 2133 3271 possit3
2170 3211 2300 3272 qnod
2337 3211 2482 3274 quale
2518 3212 2601 3269 sit,
2641 3211 2724 3260 alii
2758 3211 2987 3266 videaut3
3024 3223 3105 3258 me
3126 3210 3255 3265 haec
3279 3225 3387 3258 non

645 3282 924 3346 intelligere
961 3280 1136 3328 fateor.
1213 3278 1312 3328 Sed
1363 3224 1492 3328 haee
1547 3277 1689 3328 'Puae
1741 3278 2065 3340 Amplitudini
2120 3279 2245 3328 bono
2302 3283 2465 3330 animo
2517 3283 2569 3330 in
2616 3281 2799 3332 nullius
2834 3280 3061 3330 fraudem
3098 3289 3188 3330 aut
3224 3279 3382 3330 detri-

649 3360 875 3402 mentum
911 3350 1154 3411 subjicere
1190 3349 1335 3399 volui.

787 3422 1128 3486 Appendicem
1165 3427 1333 3470 autem
1370 3419 1622 3470 Maestlini
1655 3420 1808 3483 plane
1845 3420 1995 3484 probo
2014 3455 2029 3478 ,
2076 3426 2129 3470 et
2165 3421 2206 3468 si
2241 3433 2341 3470 non
2378 3419 2527 3470 fallor
2538 3443 2559 3475 -,
2604 3420 2727 3470 talia
2760 3424 2814 3471 in
2849 3423 2977 3472 meis
3014 3435 3207 3486 quoque
3242 3435 3381 3470 com-

643 3491 1052 3552 mentationibus,
1090 3493 1144 3540 iu
1181 3493 1394 3556 gratiam
1431 3492 1492 3539 A.
1519 3491 1658 3541 Tuae
1697 3493 2008 3556 conscriptis,
2046 3492 2288 3556 proposui.
2310 3513 2331 3538 κ
2364 3490 2551 3540 Dubito
2588 3496 2758 3541 tamen
2798 3506 2864 3540 an
2896 3508 3000 3542 non
3038 3493 3191 3540 aliam
3221 3494 3383 3542 ratio-

649 3568 844 3616 cinatus
883 3565 976 3613 sim
1013 3564 1342 3626 epicycl‘orum
1380 3562 1752 3626 amplitudinem
1770 3599 1785 3621 ,
1844 3575 1993 3627 quam
2045 3565 2151 3626 ipse
2198 3577 2260 3611 ex
2294 3563 2517 3612 maxima
2560 3563 2989 3626 prosthaphaeresi
3027 3577 3139 3612 cum
3176 3577 3389 3614 excesu

649 3636 876 3694 deducit;
930 3635 980 3684 id
1018 3635 1148 3698 quod
1185 3649 1246 3683 ex
1281 3648 1431 3698 parvo
1469 3634 1726 3684 intervallo
1761 3649 1854 3683 nos
1894 3633 2120 3698 decipere
2156 3640 2335 3697 potest.
2410 3633 2547 3682 Nihil
2582 3633 2734 3697 igitur
2767 3631 2957 3692 habeo,
3008 3633 3139 3698 quod
3182 3635 3237 3682 in
3274 3637 3383 3698 Ap-

647 3708 858 3772 pendice
891 3702 1252 3770 reprehendere
1287 3706 1486 3769 possim.

788 3777 930 3827 Haec
967 3777 1267 3826 Praetorius.
1321 3776 1610 3826 Hervartus
1661 3776 1732 3825 iffi
1785 3775 2014 3825 retulisse
2068 3775 2261 3824 videtur
2321 3780 2555 3826 conatum
2611 3773 2820 3838 Kepleri
2836 3810 2852 3830 ‚
2906 3776 3148 3826 rationem
3200 3775 3382 3838 depre-

649 3849 896 3898 bendendi
933 3837 1162 3897 diametri
1200 3848 1328 3896 orbis
1366 3849 1518 3896 annui
1544 3845 1728 3896 Terrae
1767 3846 1833 3894 ad
1860 3847 2075 3896 eandem
2110 3847 2321 3894 fixarum
2357 3845 2619 3910 sphaerae.
2676 3845 2733 3894 ln
2768 3846 2925 3896 literis
2962 3847 3093 3896 enim
3116 3845 3381 3903 Praetorii.

647 3920 693 3968 d.
735 3919 784 3966 7.
827 3917 908 3966 17.
949 3917 1073 3978 Maji
1114 3914 1252 3964 1598
1291 3918 1356 3966 ad
1391 3915 1705 3966 Herwartum
1745 3917 1893 3974 datis,
1930 3916 2059 3966 haec
2096 3916 2339 3981 legimus:
2392 3917 2637 3981 Keplerus
2672 3924 2915 3974 conatur,
2960 3919 3203 3968 rationem
3248 3919 3383 3967 orbis

643 3989 854 4038 fixarum
891 3989 956 4038 ad
996 3987 1163 4036 orbem
1199 3999 1435 4052 magnum
1479 3987 1738 4050 Cepernici
1775 3989 2092 4053 investigare.
2168 3987 2247 4036 De
2302 3987 2397 4037 boc
2450 3988 2602 4050 ipsius
2634 3990 2859 4037 instituto
2897 3989 3017 4053 quid
3062 3989 3385 4038 sentiendum

644 4063 725 4112 sit.
765 4075 865 4109 non
903 4061 976 4107 ita
1013 4057 1210 4107 difficile
1249 4065 1368 4121 pute
1403 4058 1688 4121 responderi
1721 4070 1883 4121 posse.
1960 4059 2139 4108 Modus
2189 4059 2339 4121 ipsius
2354 4055 2787 4124 *investigationis
2832 4073 2933 4109 non
2970 4059 3345 4123 rqirebenditur
3362 4079 3381 4117 ς

645 4139 816 4179 vereor
873 4136 1038 4178 autem
1057 4163 1070 4188 ,
1107 4139 1174 4178 ne
1211 4130 1392 4178 frustra
1428 4129 1648 4184 laboret,
1686 4128 1949 4178 dummodo
1988 4129 2245 4193 Copernici
2292 4128 2481 4192 placita
2524 4138 2665 4179 sarta
2689 4136 2841 4180 tecta
2871 4143 2983 4179 esse
3020 4131 3173 4194 eupit.
3242 4130 3383 4182 Nam

643 4201 944 4264 Copernicus
961 4235 973 4252 ,
1031 4200 1423 4262 philosophorum
1477 4207 1530 4249 et
1583 4209 1973 4250 astronomorum
2028 4201 2239 4250 decretis
2278 4201 2483 4250 edoctus
2507 4236 2519 4257 .
2554 4202 2782 4265 principii
2828 4201 2939 4251 loco
2974 4203 3117 4264 ponit
3148 4201 3383 4252 ulfinum

645 4271 836 4320 coelum
873 4271 1064 4320 finitum
1101 4271 1298 4334 quidem
1319 4307 1334 4330 ‚
1391 4270 1480 4321 sed
1534 4271 1728 4320 infinito
1773 4273 1965 4328 simile;
2020 4271 2155 4320 unde
2211 4271 2427 4336 colligit:
2474 4287 2593 4322 cum
2644 4272 2799 4321 Terra
2844 4271 2911 4321 ad
2948 4273 3115 4322 orbem
3152 4271 3382 4322 Solarem

643 4342 920 4391 evidentem
957 4341 1144 4392 babeat
1177 4343 1436 4393 rationem.
1480 4343 1719 4392 distantia
1751 4343 1999 4392 immensa
2034 4344 2186 4392 edam
2224 4342 2290 4391 ad
2326 4343 2489 4393 orbem
2524 4341 2771 4408 magnum·
2794 4357 2899 4392 non
2924 4343 3195 4392 notabilem
3213 4343 3377 4394 babe-
3418 4395 3426 4401 ,

646 4414 719 4461 bit
753 4413 995 4463 rationem
1016 4447 1030 4468 .
1069 4413 1197 4476 quod
1235 4413 1485 4463 concludit
1517 4415 1570 4463 in
1607 4425 1700 4462 sua
1733 4413 1821 4462 illa
1857 4413 2277 4464 demonstratione
2314 4427 2374 4463 em
2410 4428 2469 4463 eo
2500 4415 2610 4477 ipso
2644 4413 2912 4478 principio,
2968 4413 3099 4478 quod
3130 4415 3380 4464 immensa

639 4485 707 4531 sit
743 4484 872 4534 orbis
907 4484 1162 4533 stellarum
1200 4495 1234 4531 a
1269 4483 1424 4533 Terra
1459 4485 1714 4534 distantia.
1791 4485 1859 4533 Et
1902 4487 1997 4534 nisi
2048 4485 2143 4534 hoc
2190 4485 2484 4548 principium
2536 4484 2730 4534 firmum
2774 4487 2869 4542 sit,
2922 4484 3180 4548 Caper-uici
3216 4491 3375 4535 asue-

641 4555 811 4604 nomla
863 4557 1128 4605 subsistere
1181 4569 1283 4603 non
1335 4557 1544 4618 poterit,
1599 4561 1686 4604 aut
1731 4555 1911 4606 saltem
1950 4556 2164 4620 antiquis
2220 4556 2641 4606 observationibus
2694 4557 2991 4606 consentire.
3064 4555 3219 4606 Nulla
3250 4558 3377 4607 item

640 4626 924 4675 conciliatio
959 4625 1066 4675 fieri
1099 4627 1283 4689 poterit
1320 4628 1650 4675 astronomiae
1687 4626 1961 4676 Ptolemaei
2000 4633 2053 4677 et
2080 4627 2353 4690 Copernici‚
2392 4641 2505 4676 cum
2541 4633 2711 4676 tamen
2748 4627 2829 4676 hic
2849 4627 3061 4676 firmiter
3084 4627 3377 4685 contendat,

639 4697 816 4746 eadem
851 4697 1203 4760 phaenomena
1237 4697 1494 4762 utrobique
1533 4710 1770 4760 apparere
1807 4712 1951 4761 posse
1990 4705 2043 4748 et
2078 4712 2138 4747 ex
2176 4699 2427 4762 utriusque
2464 4699 2637 4761 positis
2672 4699 2939 4762 principiis.
2986 4697 3201 4748 Videtur
3224 4699 3379 4763 igitur

637 4766 898 4831 Keplerus.
939 4781 1000 4818 ex
1033 4769 1206 4831 positis
1243 4781 1276 4817 a
1315 4767 1586 4832 Cupernico
1617 4769 1871 4831 principiis
1908 4775 1963 4818 et
1996 4770 2215 4825 statutis.
2268 4769 2573 4834 investigare
2607 4783 2701 4830 ea,
2755 4783 2889 4834 quae
2934 4770 3095 4833 ipsius
3123 4770 3373 4834 principia

639 4845 867 4890 evertant
923 4835 1066 4900 (nam
1103 4854 1163 4889 ex
1197 4839 1516 4889 Ptolemaicis
1551 4839 1778 4904 progredi
1803 4840 1871 4889 ad
1906 4853 2049 4890 suum
2082 4842 2383 4895 institutum,
2418 4846 2477 4888 ut
2510 4841 2697 4904 opinor,
2744 4851 2846 4890 non
2880 4837 3103 4904 φωνὴ).
3176 4840 3371 4890 Videas

634 4911 810 4977 igitur,
848 4925 914 4962 ne
949 4905 1096 4960 nhnis
1129 4909 1322 4960 subtilb
1357 4909 1424 4960 sit
1457 4911 1510 4960 iu
1543 4911 1638 4969 iis,
1677 4923 1806 4977 quae
1843 4913 2079 4962 sensibu
2104 4911 2331 4973 subjecta
2365 4917 2497 4962 sunt.
2570 4909 2692 4962 Mea
2728 4913 2955 4978 opinione
3000 4912 3145 4962 uda
3176 4913 3365 4962 instru-
