3634 5575
647 383 654 400 '
701 368 781 434 12
1870 369 2193 421 Ριοοοωὶιιω.

696 540 788 595 ter
835 529 1238 593 astronomiae
1285 528 1734 611 Gop'ernicanae
1781 530 2070 593 scientiae
2096 530 2397 612 inopiam.
2489 528 2723 591 Licebit
2764 526 2873 591 tibi
2934 529 3170 601 limare,
3244 544 3389 587 mu·-

694 632 844 696 tare‚
895 620 1125 692 tollere,
1175 638 1440 692 censere,
1486 620 1825 681 admonere.
1916 618 2157 681 Nullam
2208 620 2445 681 literam
2490 612 2748 681 scribere
2794 636 3024 698 quoquo
3064 616 3237 678 modo
3266 632 3389 696 po·-

695 710 882 784 teriS‚
949 728 1099 789 quae
1159 706 1302 769 mihi
1347 728 1462 770 non
1511 708 1710 770 futura
1753 708 1837 769 sit
1881 708 2247 787 gratissima.
2340 706 2529 771 Orare
2576 716 2635 769 te
2682 706 3076 781 institissem,
3140 704 3195 767 si
3240 702 3391 765 mihi

695 818 812 860 non
861 808 1028 860 esset
1073 804 1380 876 comperta
1423 805 1530 859 tua
1581 796 1677 859 hic
1731 797 2116 875 promtitud0.
2209 796 2361 858 lllnd
2426 796 2642 858 saltem
2696 796 2805 857 tibi
2859 796 2991 860 loco
3046 793 3390 857 luculentae

694 886 1026 967 rogationis
1075 904 1208 947 esse
1253 886 1504 965 poterit,
1567 886 1720 965 qnod
1781 904 1916 947 uror·
1966 887 2205 966 penitus
2265 885 2562 948 desiderio
2608 894 2843 947 tuarum
2886 884 3227 956 literarum,
3286 879 3391 961 qni

672 986 819 1039 -tam
869 977 968 1037 diu
1008 974 1135 1056 jam
1181 976 1347 1037 siles.
1441 975 1603 1036 Male
1651 974 1734 1035 sit
1775 974 2113 1048 tabellario,
2164 975 2217 1035 si
2262 975 2391 1055 ipse
2438 974 2495 1035 in
2544 993 2729 1037 cansa
2774 981 2886 1035 est.
2960 973 3163 1053 Atque
3208 971 3387 1043 adeo,

695 1067 834 1146 quia
880 1064 1206 1127 familiares
1253 1063 1368 1125 mei
1415 1082 1618 1125 omnes
1665 1063 1724 1125 in
1771 1062 1974 1143 patria
2020 1065 2288 1138 aberunt,
2340 1063 2438 1125 ubi
2484 1063 2843 1144 adolescens
2877 1063 2993 1125 iste
3024 1061 3101 1125 ad
3128 1079 3237 1122 vos
3266 1076 3389 1139 ap-

695 1155 948 1235 pulerit,
1017 1152 1290 1214 omittere
1338 1171 1454 1215 non
1500 1170 1764 1233 possum,
1817 1152 1953 1231 quin
2002 1154 2098 1215 vel
2146 1172 2220 1215 ex
2264 1153 2341 1215 D.
2390 1160 2773 1233 praeceptore
2818 1170 3049 1232 rogem,
3116 1149 3388 1211 advene·

695 1243 849 1305 ritne
895 1242 976 1303 ad
1002 1258 1110 1302 vos
1140 1240 1240 1302 ille
1271 1238 1710 1320 Saeflingensis
1753 1242 2023 1317 nuncius,
2073 1242 2463 1305 Wendelinus
2506 1242 2757 1315 nomine,
2806 1240 2903 1321 qui
2948 1235 3189 1303 8—-18,
3234 1235 3390 1299 Julii

695 1332 830 1395 hinc
877 1330 1045 1402 abiit,
1092 1346 1223 1391 cum
1271 1330 1556 1392 mediocri
1599 1348 1832 1393 summa
1879 1332 2023 1407 auri,
2074 1332 2229 1411 quod
2274 1350 2404 1393 meo
2448 1331 2681 1393 nomine
2710 1328 3123 1393 Stuccardiam
3160 1326 3384 1407 depor-

693 1431 822 1483 tare
871 1418 1092 1481 debuit.
1185 1418 1395 1498 Angor
1443 1419 1516 1480 de
1562 1418 1689 1499 ejus
1735 1418 1870 1481 fide.
1966 1418 2165 1482 Velim
2232 1428 2429 1483 autem
2486 1438 2755 1493 rursum,
2821 1426 2888 1481 ut
2934 1418 3063 1498 jam
3108 1415 3200 1479 bis
3246 1413 3390 1485 feci,

692 1510 778 1571 tui
817 1506 1030 1588 judicii
1077 1506 1150 1567 de
1198 1506 1290 1569 his
1339 1508 1514 1569 rebus
1562 1507 1823 1587 aliquam
1870 1509 2087 1571 saltem
2136 1508 2593 1573 delineationem
2640 1526 2901 1570 cernere.
2992 1506 3175 1587 quue
3222 1504 3384 1573 ideo,

691 1599 832 1679 quia
873 1594 1263 1677 pulcherrime
1310 1596 1602 1674 placuerit
1649 1596 2029 1675 magistratui
2078 1617 2235 1673 meo,
2301 1598 2410 1662 sub
2468 1597 2725 1678 ipsorum
2772 1595 3007 1658 nomine
3052 1595 3175 1657 tale
3218 1592 3385 1673 qnid,

691 1687 846 1750 tanti
890 1684 1244 1766 praesertim
1291 1686 1604 1759 momenti,
1657 1686 1861 1765 quanti
1910 1706 2021 1767 ego
2067 1706 2302 1762 censeo,
2353 1687 2549 1749 edere.
2644 1686 2731 1747 At
2772 1685 2903 1747 sine
2946 1693 3051 1747 tuo
3097 1682 3385 1745 testimo-

693 1776 788 1838 nio
836 1794 946 1837 nec
992 1774 1108 1854 ipsi
1152 1771 1527 1835 nobilitatem
1573 1772 1917 1855 intelligent
1964 1776 2285 1846 materiae,
2312 1795 2443 1853 ,nec
2490 1775 2631 1839 mihi
2676 1775 3011 1838 consultum
3056 1773 3117 1834 in
3164 1772 3385 1834 docto-

693 1882 817 1927 rum
865 1870 1172 1945 aspectum
1218 1861 1473 1941 prodire.
1563 1863 1656 1925 De
1703 1862 2029 1941 Mercuri0‚
2090 1866 2227 1945 quia
2271 1865 2407 1928 novi
2458 1865 2594 1947 qnid
2642 1864 2807 1926 vides
2854 1863 2915 1925 in
2964 1858 3385 1925 eecentricita-

1138 1982 1232 2031 τις.
1263 1982 1304 2023 2.
1755 1964 1881 2017 tem
1944 1955 2231 2017 intrusum
2252 2003 2268 2029 ,
2346 1954 2433 2017 sic
2498 1954 2713 2035 accipe,
2768 1952 3037 2033 amplius.
3142 1951 3201 2013 A
3252 1948 3385 2018 Sol,

653 2132 658 2137 ι
705 2088 746 2141 Β
765 2050 1642 2139 ’,ἐξ-,ῃὴὶψῆΛ
1760 2044 1873 2147 AB
1922 2043 2214 2147 distantia
2260 2064 2331 2106 ex
2376 2052 2483 2147 tua
2526 2043 2736 2105 tabula
2780 2060 2863 2105 sc.
2895 2038 3003 2106 29‘
3038 2038 3186 2104 24⁴¹.
3266 2036 3387 2101 Ac

803 2172 845 2223 ὅ
867 2168 1352 2253 ἮΠἫ*
1369 2198 1408 2207 ““
1427 2198 1568 2207 ”·““
1584 2184 1630 2233 ⁴¹
1759 2134 2171 2285 {ziam}
2210 2134 2483 2285 {⁰3³3ss
2502 2132 2817 2283 οἶὲἓὲἱῗέἕ
2840 2128 3387 2281 οῗίῗὲἰῧὶῗὲαίῗέἶὲἑ

691 2334 778 2376 sc.
819 2313 918 2375 11¹
947 2310 1096 2376 22¹⁴.
1143 2313 1308 2393 Ergo
1337 2313 1388 2374 si
1421 2312 1532 2375 AB
1563 2312 1670 2373 dat
1696 2311 1839 2373 BD:
1878 2309 1992 2375 Ac
2014 2311 2183 2373 dabit
2210 2310 2317 2374 ΟΕ
2355 2310 2453 2373 11’
2478 2310 2581 2373 7”.
2630 2310 2942 2373 Hactenus
2971 2310 3201 2382 eadem,
3232 2323 3386 2386 quae

692 2404 750 2464 in
801 2403 936 2463 aliis
983 2403 1265 2481 planetis.
1322 2402 1459 2463 Jam
1496 2402 1607 2465 AF
1633 2401 1927 2462 distantia
1946 2420 2018 2462 ex
2047 2400 2175 2480 ipso
2202 2400 2485 2463 octaedro
2504 2400 2783 2462 desumta
2802 2394 3017 2461 sc.23‘
3040 2394 3187 2461 29⁴⁴.
3248 2396 3383 2457 Non

693 2500 892 2554 antem
937 2500 1034 2553 est
1079 2490 1435 2567 verisimile,
1493 2490 1653 2553 orbis
1699 2489 2079 2552 Mercurialis
2140 2490 2363 2555 nullam
2408 2508 2543 2551 esse
2589 2486 2955 2551 crassitiem:
3022 2494 3089 2550 ut
3138 2485 3227 2547 sic
3273 2484 3389 2545 AF

691 2590 858 2643 esset
905 2579 1199 2643 distantia
1242 2580 1458 2641 media.
1546 2579 1706 2642 Nam
1749 2576 1856 2641 FC
1904 2598 2017 2640 non
2066 2588 2163 2641 est
2208 2578 2449 2641 dimidia
2494 2576 2803 2640 crassities
2850 2574 3009 2638 orbis
3047 2574 3384 2637 Mercuria-

694 2671 786 2742 lis,
831 2687 966 2730 cum
1004 2670 1128 2748 jam
1177 2669 1399 2731 dictum
1445 2667 1544 2742 sit,
1597 2667 1873 2747 quicquid
1918 2669 1998 2730 sit
2044 2686 2224 2761 supra
2250 2666 2302 2729 F
2331 2685 2539 2731 versus
2567 2665 2637 2737 C,
2684 2666 2745 2728 id
2792 2666 2868 2727 ab
2906 2664 3189 2727 octaedro
3220 2660 3382 2737 elidi,

695 2776 802 2820 nec
846 2756 1012 2820 ullibi
1061 2758 1250 2821 locum
1297 2755 1560 2820 invenire
1583 2803 1600 2829 ‚
1665 2754 1778 2818 nisi
1836 2757 1893 2818 in
1946 2757 2081 2836 ipso
2139 2757 2431 2838 quadrato
2485 2774 2663 2836 snper
2716 2754 2969 2816 medium
3036 2751 3382 2817 octaedrum

693 2856 1059 2911 transeunte.
1153 2845 1356 2916 Quare
1401 2854 1469 2909 ut
1513 2853 1823 2908 constaret
1868 2846 1993 2907 orbi
2042 2864 2151 2907 sua
2197 2846 2533 2918 crassities,
2580 2845 2769 2907 demsi
2818 2844 2892 2905 ab
2938 2843 2990 2904 E
3040 2861 3271 2905 versum
3320 2839 3383 2902 G

693 2945 942 3010 tantum,
993 2947 1276 3016 quantum
1323 2943 1418 2997 est
1465 2955 1502 2995 a
1549 2931 1598 2995 C
1648 2950 1883 2996 versum
1927 2937 1994 2996 F.
2088 2935 2415 2998 Residuum
2462 2933 2575 2997 FG
2620 2943 2715 2995 est
2762 2930 2913 3008 33⁰,
2960 2930 3263 2994 dimidium
3296 2929 3379 3004 H,

692 3045 779 3088 sc.
829 3025 1007 3086 modo
1051 3030 1320 3087 correcto
1369 3022 1568 3086 media
1615 3021 1923 3100 distantia,
1970 3025 2021 3086 F
2064 3023 2248 3104 igitur
2292 3042 2537 3097 summa,
2589 3031 2871 3104 quantam
2918 3021 3143 3102 patitur
3189 3021 3401 3100 ipsum‘

691 3113 960 3176 octaedri
1006 3132 1218 3193 corpus
1239 3161 1256 3187 ,
1306 3110 1356 3175 C
1407 3129 1665 3183 summa,
1715 3121 1999 3194 quantam
2044 3113 2272 3192 patitur
2318 3113 2690 3194 quadratum.
2782 3111 2969 3173 Esset
3012 3110 3187 3190 igitur
3232 3109 3383 3171 haec

1706 3203 1897 3264 forma
1942 3201 2101 3263 orbis
2146 3201 2539 3264 Mercurialis
2631 3201 2779 3274 AB,
2826 3198 2940 3262 AC
2986 3197 3379 3279 perpendicu-

1703 3293 1859 3353 lares
1924 3292 1981 3352 in
2047 3291 2292 3352 basibus
2345 3291 2647 3364 octaedri,
2714 3309 2889 3375 quae·
2932 3287 3157 3350 faciunt
3214 3287 3273 3348 in
3320 3287 3383 3348 A

1703 3379 1833 3454 (ubi
1880 3397 2055 3444 unum
2102 3381 2257 3442 latus
2306 3380 2605 3452 bisecant)
2652 3378 2925 3458 angulum
2972 3379 3148 3457 paulo
3180 3375 3379 3454 majo-—

1701 3487 1825 3532 rem
1871 3477 2057 3532 recto.
2150 3469 2341 3549 Igitur
2394 3470 2585 3531 minus
2650 3467 2995 3549 epicyclinm
3060 3465 3169 3528 OE
3189 3514 3205 3541 ,
3270 3464 3384 3526 DF

1704 3558 1855 3620 facit
1898 3558 2235 3622 crassitiem
2283 3560 2343 3636 Q,
2392 3577 2507 3639 quo
2554 3559 2598 3635 ζὲ
2642 3557 2719 3618 ad
2746 3564 2979 3618 tantam
3008 3555 3382 3618 altitudinem

1699 3646 1992 3719 evehitur,
2040 3655 2323 3727 quantam
2372 3647 2695 3709 admittant
2741 3643 2818 3721 G,
2864 3645 2943 3720 H,
2991 3653 3197 3707 centra
3238 3644 3377 3725 pla-

1516 3792 1527 3812 ,
1626 3741 1670 3790 θ’
1695 3754 1901 3798 norum
1984 3735 2478 3798 octaedricorum.
2594 3735 2685 3797 AI
2752 3734 3005 3797 altitudo
3078 3731 3376 3814 quadrati.

1695 3823 1835 3898 OA,
1883 3825 2001 3887 ΒΚ
2049 3824 2201 3885 radii
2248 3824 2490 3904 majoris
2540 3824 2839 3904 epicyclii‚
2886 3842 2995 3904 per
3039 3824 3191 3903 quod
3237 3824 3377 3904 pla-

1695 3921 1840 3974 neta
1884 3913 1960 3974 ad
2006 3913 2065 3974 A
2110 3931 2297 3994 usque
2344 3913 2633 3976 ascendit.
2694 3909 2836 3974 [nO
2868 3921 2961 3974 est
2996 3913 3055 3973 in
3086 3923 3392 3993 apogaeo,'

1697 4000 1793 4063 vel
1840 4001 2096 4080 ἀφηλιῳ,
2150 4003 2209 4064 in
2255 4001 2313 4064 D
2365 4003 2424 4064 in
2479 4005 2745 4080 περιηλιῳ
2800 4004 3063 4064 centrum
3127 4001 3375 4085 epicycli

1695 4091 1961 4172 majoris.
2054 4091 2127 4162 L,
2172 4092 2241 4152 M
2282 4091 2421 4171 poli.
2510 4089 2862 4154 LGOHMF'
2916 4090 3075 4153 orbis
3123 4091 3373 4172 integer.

1697 4179 2016 4262 Epicyclus
2064 4179 2253 4262 major
2294 4181 2477 4260 igitur
2520 4181 2755 4242 eminet.
3422 4207 3427 4211 ·

859 4269 952 4330 De
999 4264 1372 4346 digressione
1421 4267 1604 4330 etiam
1652 4269 1908 4332 Veneris
1954 4278 2019 4332 et
2062 4269 2341 4332 Mercurii
2388 4270 2674 4344 maxima,
2740 4268 2914 4331 velim
2968 4268 3154 4343 scire‘,
3221 4286 3374 4350 quae

685 4375 869 4420 causa
913 4357 996 4419 sit
1041 4353 1412 4418 diversitatis
1457 4358 1615 4418 inter
1657 4365 1823 4420 tuam
1846 4359 2117 4421 tabulam
2146 4366 2207 4419 et
2236 4358 2392 4421 inter
2418 4359 2790 4420 Prutenicas.
2842 4359 2937 4420 An
2962 4377 3100 4420 vero
3132 4357 3367 4420 distan-

687 4447 776 4508 tia
819 4445 877 4508 in
925 4446 1089 4512 sinus
1136 4463 1423 4506 conversa
1469 4447 1650 4525 (quae
1698 4456 1794 4510 est
1840 4445 1946 4512 29‘
1994 4445 2154 4519 24¹¹)
2204 4466 2317 4509 non
2365 4449 2609 4510 exhibet
2654 4447 2793 4508 mihi
2842 4465 3041 4509 arcum
3088 4446 3371 4526 longissi-

688 4553 820 4598 mae
867 4532 1256 4615 digressionis
1303 4555 1342 4596 a
1386 4535 1581 4598 medio
1630 4537 1758 4598 loco
1809 4535 2013 4599 Solis?
2101 4536 2237 4599 Nisi
2294 4545 2357 4598 tu
2404 4535 2547 4600 mihi
2596 4536 2842 4608 dixeris,
2908 4554 3199 4616 nunquam
3258 4554 3372 4616 ego

689 4624 968 4704 didicero.
1059 4624 1157 4686 An
1206 4641 1316 4703 ego
1365 4624 1518 4686 forte
1563 4643 1694 4687 erro
1741 4625 1798 4688 in
1848 4625 2333 4706 computatione?
2389 4623 2633 4697 Quanta
2679 4623 2857 4705 igitur
2902 4635 2999 4688 est
3042 4625 3102 4686 in
3151 4625 3373 4686 Prute-

655 4712 883 4775 micis?
947 4710 1258 4782 Quomodo
1303 4713 1638 4792 capienda?
1703 4712 1950 4785 Quanta
1985 4715 2045 4775 in
2092 4714 2353 4778 maxima
2396 4714 2765 4794 digressione
2810 4713 3111 4776 anomalia
3156 4732 3369 4776 eccen-

689 4801 816 4864 tri?
889 4798 1134 4872 Quanta
1177 4801 1695 4864 commutationis?
1768 4804 1857 4865 Tu
1918 4805 2066 4866 haec
2111 4802 2252 4866 mihi
2298 4804 2489 4866 tribus
2520 4802 2733 4864 verbis
2780 4803 3059 4884 expedire
3103 4789 3365 4883 poteris:

691 4909 800 4954 nec
846 4890 903 4954 in
952 4889 1248 4969 ingratum
1293 4890 1642 4956 beneficium
1683 4893 1981 4958 conferes.
2055 4891 2187 4980 Ego
2216 4894 2304 4959 sic
2330 4911 2567 4974 censeo,
2606 4893 2665 4956 in
2696 4892 3094 4973 superioribus
3121 4891 3369 4971 prosth-
