3634 5575
582 351 669 418 98
1145 371 1155 381 -
1278 331 1292 348 '
1568 351 1834 404 Dedi-:atio
1873 351 2099 402 editionis
2135 353 2322 418 prioris.

580 516 829 577 laudent
872 515 1067 576 instar
1122 513 1423 576 hominis?
1506 513 1641 576 Nisi
1690 514 1875 592 quod,
1936 515 2075 576 dum
2133 521 2484 592 argumenta
2531 511 2920 592 suppeditant
2969 510 3309 573 hominibus

580 603 864 666 laudandi
904 605 1039 674 Dei,
1086 603 1281 663 Deum
1329 601 1497 680 ipsae
1550 601 1791 664 laudare
1838 603 2131 665 dicuntur.
2209 601 2406 672 Quam
2456 620 2662 663 vocem
2707 601 2892 662 coelis
2941 610 3004 662 et
3048 609 3309 662 naturae

578 711 775 753 rerum
822 692 960 752 dum
1008 692 1305 770 aperimus
1352 691 1447 751 his
1504 691 1788 770 pagelliS,
1854 691 2283 771 clarioremque
2342 691 2664 752 efficimus:
2730 708 2902 750 nemo
2959 708 3068 750 nos
3123 688 3304 749 vani-

580 781 727 843 tatis
777 789 884 841 aut
928 781 1221 841 inutiliter
1268 779 1447 840 sumti
1498 779 1719 840 laboris
1770 789 2008 858 arguat.

756 869 976 938 Taceo,
1016 869 1172 950 quod
1214 869 1362 929 haec
1393 861 1649 929 materia
1687 868 2032 942 creationis,
2073 887 2248 949 quam
2281 877 2578 947 negarunt
2611 865 2971 948 philosophi,
3022 883 3308 944 magnum

582 966 999 1037 argumentum
1048 964 1181 1018 est:
1232 957 1369 1018 dum
1404 957 1719 1031 cernimus,
1772 958 1859 1017 uti
1889 957 2054 1018 Deus
2089 959 2282 1018 instar
2311 957 2562 1036 alicujus
2591 975 2666 1016 ex
2696 955 3066 1016 nostratibus
3097 954 3306 1015 archi-

575 1045 786 1120 tectis,
847 1046 1052 1106 ordine
1103 1053 1165 1106 et
1212 1064 1419 1105 norma
1465 1046 1541 1106 ad
1591 1045 1793 1106 mundi
1840 1046 2208 1107 molitionem
2256 1045 2612 1118 accesserit,
2675 1043 3028 1124 singulaque
3085 1043 3168 1104 sit
3213 1043 3308 1103 ita

576 1136 903 1209 dimensuS,
953 1133 1122 1213 quasi
1155 1153 1268 1194 non
1302 1152 1402 1193 ars
1434 1143 1710 1195 naturam
1748 1133 2108 1204 imitaretur,
2157 1135 2264 1196 sed
2297 1135 2462 1195 Deus
2510 1133 2639 1212 ipse
2687 1132 2764 1193 ad
2813 1131 3069 1194 hominis
3118 1129 3306 1194 futuri

577 1242 798 1284 morem
850 1222 1203 1284 aedificandi
1249 1223 1642 1300 respexisset.

753 1310 1113 1390 Quanquam
1142 1310 1281 1390 quid
1314 1329 1563 1375 necesse
1594 1320 1711 1385 est,
1760 1309 2096 1374 divinarum
2142 1329 2339 1374 rerum
2385 1329 2530 1374 usus
2569 1310 2763 1370 instar
2797 1308 3029 1370 obsonii
3059 1327 3302 1369 nummo

574 1400 945 1462 aestimare?
1023 1401 1181 1462 Nam
1232 1400 1371 1478 qnid
1420 1419 1643 1479 quaeso
1690 1399 1944 1479 prodest
1990 1401 2182 1461 ventri
2233 1400 2508 1461 famelico
2557 1398 2820 1476 cognitio
2868 1417 3066 1459 rerum
3115 1406 3300 1457 natu-

573 1489 807 1564 ralium,
860 1488 999 1566 quid
1048 1496 1183 1549 tota
1228 1489 1461 1568 reliqua
1508 1487 1925 1550 astronomia?
2015 1489 2228 1568 Neque
2276 1496 2477 1549 tamen
2527 1485 2775 1549 audiunt
2823 1486 3054 1548 cordati
3102 1486 3304 1547 homi-

574 1597 681 1639 nes
731 1578 899 1638 illam
950 1577 1308 1651 barbariem,
1362 1596 1512 1656 quae
1544 1577 1881 1638 deserenda
1909 1585 2230 1655 propterea
2268 1577 2389 1638 ista
2425 1575 2628 1638 studia
2657 1574 2954 1637 clamitat.
3019 1573 3303 1635 Pictores

576 1665 842 1738 ferimuS,
894 1666 1246 1744 quioculos,
1298 1665 1778 1757 symphqniafcos‚
1831 1667 1927 1750 qui
1959 1683 2135 1758 fures
2164 1666 2514 1750 oblectant:
2565 1663 2835 1744 quamvis
2865 1665 3088 1726 nullum
3118 1663 3302 1724 rebus

576 1754 801 1816 nostris
849 1756 1311 1816 emolumentum
1358 1756 1633 1816 afferant.
1728 1740 1813 1814 Et
1857 1751 1974 1815 'non
2023 1762 2258 1815 tantum
2309 1749 2592 1828 humana,
2651 1752 2762 1813 sed
2810 1753 2991 1814 etiam
3040 1751 3302 1812 honesta

576 1850 857 1904 censetur
906 1845 1040 1906 volu
1086 1851 1201 1914 tas,
1250 1861 1402 1928 quae
1453 1862 1525 1926 εξ
1573 1850 1958 1926 utrorumque
2006 1844 2284 1924 operibus
2331 1844 2588 1924 capitur.
2665 1839 2840 1925 Quae
2886 1842 3072 1920 igitur
3117 1840 3298 1902 inhu-

574 1931 865 2006 manitas,
924 1861 1081 2011 quag
1126 1931 1416 2002 stultitia,
1476 1932 1659 1992 menti
1718 1929 1890 1992 suuni
1939 1930 2564 1994 invidere-honestum
2611 1931 2922 2007 gaudium,
2989 1929 3176 1994 oculis
3233 1938 3302 1990 et

576 2019 815 2108 auribus
883 2019 1389 2096 nontinvidere?
1498 2019 1725 2096 Rerum
1787 2028 2046 2100 naturae,
2113 2029 2446 2100 repugnat,
2527 2021 2626 2100 qui,
2697 2039 2834 2099 eum
2899 2019 2994 2102 his
3067 2027 3303 2100 pugnat

573 2108 1061 2179 recreationibus.
1171 2109 1329 2170 Nam
1398 2109 1498 2195 qui
1565 2109 1711 2200 nihil
1786 2108 1840 2168 in
1911 2119 2190 2200 naturam
2249 2109 2618 2182 introduxit,
2689 2105 2946 2189 Creator
3011 2107 3293 2204 optimus,

574 2197 667 2258 cui
742 2217 856 2258 non
938 2216 1069 2280 cum
1142 2197 1219 2256 ad
1294 2199 1757 2279 necessitatem,
1853 2205 1984 2263 tum
2055 2199 2132 2259 ad
2205 2197 2710 2280 pulchritudinem
2755 2191 2848 2257 'et
2922 2196 3302 2276 voluptatem

574 2281 807 2347 abunde
855 2286 1275 2368 prospexerit:
1325 2285 1378 2347 is
1408 2272 1986 2368 mentem'liominis,'
2025 2287 2210 2348 totius
2241 2285 2492 2367 naturae
2525 2263 2846 2358 dominam:
2898 2303 3068 2371 suam
3109 2284 3298 2364 ipsius

572 2374 909 2453 imaginem,
960 2374 1151 2436 solam
1196 2376 1363 2436 nulla
1408 2376 1717 2454 voluptate
1768 2370 2088 2436 beaverit?
2161 2377 2288 2437 Imo
2329 2374 2414 2436 uti
2453 2393 2566 2436 non
2607 2375 2970 2454 quaerimus,
3021 2392 3139 2454 qua
3185 2393 3296 2453 spe

572 2463 863 2524 commodi
895 2463 1172 2525 cantillet
1212 2463 1466 2538 avicula,
1520 2483 1649 2524 curn
1690 2463 1954 2526 sciamus
1981 2464 2180 2524 inesse
2211 2459 2582 2544 voluptatem
2611 2465 2670 2524 in
2701 2473 2902 2532 cantu,
2949 2471 3292 2543 propterea,

574 2551 717 2632 quia
763 2552 841 2613 ad
889 2563 1131 2643 cantum
1178 2553 1367 2638 istum
1410 2553 1577 2640 facta
1625 2560 1758 2653 est:
1810 2553 1900 2614 ita
1945 2571 2052 2638 nec
2093 2553 2201 2642 lroc
2233 2553 2652 2645 quaerendum,
2703 2572 2808 2613 cur
2837 2571 3004 2613 mens
3034 2553 3298 2612 humana

569 2648 805 2728 tantum
851 2647 1051 2728 sumat
1098 2639 1327 2732 laboris
1368 2641 1427 2725 in
1472 2660 1581 2724 per
1625 2636 1886 2726 ulr‘enzdis
1923 2639 2092 2726 hiscev
2119 2635 2423 2726 coelorum.
2458 2641 2715 2721 arc-aniS.
2791 2640 2906 2721 Est
2954 2640 3112 2723 enirn,
3155 2639 3294 2701 ideo

572 2747 739 2791 mens
788 2719 1077 2808 adjuncta
1133 2717 1406 2790 sensibus
1465 2729 1579 2791 ab'
1646 2716 1822 2815 Ρίῇοᾳ
1880 2723 2125 2820 ῃᾳεζιζοζ,
2195 2751 2306 2815 non
2357 2737 2588 2792 tantum
2637 2737 2703 2791 ut
2748 2749 2813 2790 se
2864 2727 3057 2809 ipsum
3115 2727 3294 2789 homo

570 2826 961 2892 sustentaret,
1012 2819 1169 2899 quod
1219 2819 1391 2898 longe
1440 2813 1721 2881 solertius
1767 2818 2024 2898 possunt
2071 2809 2163 2880 vel
2211 2818 2425 2881 brutae
2463 2821 2681 2881 mentis
2720 2819 3054 2880 ministerio
3101 2818 3298 2879 multa

574 2908 965 2983 animantium
1012 2926 1271 2995 genera:
1322 2908 1429 2995 sed
1478 2909 1679 2984 etiam,
1729 2916 1796 2969 ut
1843 2908 1922 2991 ab,
1967 2907 2058 2991 iis,
2111 2928 2280 2987 quae,
2333 2910 2490 2989 quod
2536 2908 2686 2983 sint,
2736 2907 2922 2969 oculis
2971 2906 3291 2979 ceruimus,

572 2994 651 3073 ad
700 3014 913 3082 causas
964 3015 1146 3075 quare
1196 2992 1317 3057 sint
1363 3006 1425 3057 et
1470 2998 1646 3072 fiant,
1698 2996 2232 3071 contenderemus:
2285 2993 2552 3081 qna-luris
2601 2996 2745 3058 nihil
2796 2995 2956 3059 aliud
3006 2994 3294 3061 utilitatis

571 3082 709 3152 inde
758 3076 1127 3173 caperemus?
1222 3088 1425 3174 Atque
1475 3080 1626 3171 &5⁵³0
1676 3094 1742 3149 ut
1790 3072 2074 3167 animalia
2123 3094 2358 3168 cetera,
2408 3105 2742 3179 corpusque
2789 3086 3107 3147 humanum
3155 3082 3292 3148 cibo

571 3160 835 3262 potuque
885 3165 1341 3257 sustentant-,urg
1410 3174 1497 3240 sic
1546 3166 1776 3235 animus
1825 3161 1954 3253 i'pse
2013 3161 2326 3257 hominiss
2369 3174 2676 3268 diversum,
2719 3172 3002 3254 quiddam
3049 3172 3125 3235 ab
3173 3172 3292 3235 ho·-

571 3257 727 3321 mine
758 3255 847 3335 ⁰),
916 3270 1269 3352 vegetatur,
1332 3247 1625 3351 augetur,
1680 3256 1748 3322 'et
1816 3250 2120 3347 adolescit
2177 3260 2614 3345 quodammodo
2671 3260 3034 3347 cognitionis
3089 3262 3288 3335 isthoc

571 3348 829 3428 pabulo:
894 3343 1241 3439 mortuoque
1294 3368 1469 3438 quam
1516 3350 1653 3438 xjivo
1704 3351 1952 3413 similior
1995 3336 2120 3423 est',
2177 3342 2246 3411 si'
2275 3342 2488 3426 harum,
2535 3372 2729 3454 rerum
2777 3347 3075 3435 desiderio
3124 3351 3288 3433 nullo

570 3435 859 3515 tangitur.
939 3428 1139 3513 Quare
1192 3439 1276 3499 uti
1324 3437 1574 3503 naturae
1621 3438 2003 3519 providentia
2048 3435 2327 3519 pabulum
2378 3432 2781 3503 animantibus
2829 3427 3129 3519 nu'nquam
3176 3439 3290 3501 de·
3345 3488 3364 3498 -

572 3523 733 3587 ficit:
799 3525 887 3586 ita
942 3520 1057 3587 non
1107 3518 1405 3603 innuerito
1450 3522 1647 3592 d'icere
1694 3547 2040 3607 possumuS‚
2100 3538 2426 3620 propterea
2479 3538 2712 3623 tantam
2760 3528 2816 3591 iu
2865 3526 3044 3611 rebus
3091 3528 3290 3599 inesse

570 3613 964 3690 varietatem,
1026 3610 1266 3696 tamque.
1324 3609 1667 3702 reconditos
1716 3616 1773 3677 in
1824 3618 2124 3681 coelorum
2173 3618 2400 3701 fabrica
2449 3615 2802 3693 thesaurQS,
2865 3625 2931 3702 ut
2989 3636 3292 3697 nunquam

570 3674 815 3765 deesset
860 3702 1154 3766 humanae
1203 3694 1384 3766 menti
1434 3724 1644 3767 recens
1691 3705 2002 3784 pabulum,
2063 3726 2136 3766 ne
2187 3704 2900 3791 fas'tidiret'obsoletum,
2953 3725 3064 3769 neu
3113 3706 3286 3793 quie-

572 3802 796 3867 sceret,
856 3792 963 3853 sed
1012 3777 1261 3853 ti‘abem
1311 3792 1365 3853 in
1416 3794 1527 3853 hoc
1575 3794 1794 3855 mundo
1841 3803 2194 3874 perpetuam
2243 3794 2560 3856 exercendi
2609 3774 2697 3857 su¹i
2746 3792 3154 3884 officinamf)

746 3880 955 3959 Neque
1004 3900 1144 3969 vero
1186 3858 1400 3967 ¹harum
1450 3882 1776 3967 epularum,
1829 3882 1975 3973 q'uas
2025 3904 2100 3944 ex
2141 3882 2436 3945 ditissimo
2471 3882 2818 3969 Conditoris
2864 3903 3022 3963 penu
3069 3884 3128 3951 iu
3177 3884 3291 3947 hoc

572 3966 771 4029 libello
819 3969 987 4050 yelut
1016 3968 1073 4061 ἰρ
1120 3988 1329 4031 mensa
1360 3971 1662 4053 depromO,
1712 3981 2035 4060 propterea
2074 3972 2263 4035 minor
2303 3974 2401 4035 est
2429 3974 2734 4051 nobilitas,
2768 3972 2923 4055 quod
2964 3993 3005 4057 a
3027 3973 3292 4034 maxima

572 4057 729 4135 vulgi
780 4066 952 4135 parte
1004 4050 1095 4147 vel
1158 4052 1279 4143 ‘non
1330 4046 1920 4139 gustabuntu1·,¹'vel
1979 4069 2352 4149 respuentur,
2447 4047 2741 4135 Anserem
2789 4062 3042 4126 laudant
3085 4060 3290 4143 plures

568 4163 746 4225 quam
794 4143 1179 4225 phasianum,
1239 4147 1378 4228 quia
1426 4146 1523 4209 ille
1574 4148 1900 4211 communis
1949 4158 2072 4222 est,
2137 4150 2250 4211 iste
2300 4149 2508 4211 rarior.
2603 4149 2814 4233 Neque
2863 4158 3062 4216 tamen
3111 4146 3290 4215 ullius

567 4226 761 4311 Apitii
808 4234 1050 4313 palatus
1100 4234 1251 4296 hu‘nc
1299 4236 1386 4297 villi
1432 4246 1779 4323 postponet.
1859 4236 1961 4299 Sic
2007 4236 2182 4317 hujus
2222 4239 2512 4301 materiae
2561 4240 2826 4321 dignitas
2873 4249 3048 4302 tanto
3095 4239 3290 4319 major

568 4322 717 4395 erit,
771 4339 883 4400 quo
930 4322 1245 4401 pauciores
1288 4326 1653 4399 laudatoreS‚
1706 4324 2115 4408 intelligentes
2155 4328 2330 4387 modo
2372 4326 2512 4401 sint,
2562 4328 2842 4408 reperiet.
2906 4326 3044 4389 Non
3077 4330 3290 4393 eadem

568 4408 743 4489 vulgo
792 4400 1153 4505 conveniunt
1209 4424 1270 4473 et
1329 4412 1734 4491 principibus:
1805 4434 1994 4495 neque
2054 4414 2204 4476 haec
2266 4416 2557 4498 coelestia
2609 4416 2948 4500 promiscue
3007 4418 3286 4495 omnium,

568 4497 675 4557 sed
720 4498 999 4575 generosi
1048 4496 1265 4561 saltem
1314 4500 1495 4561 animi
1539 4497 1821 4583 pabulum
1871 4509 2048 4582 sunt:
2101 4522 2218 4565 non
2257 4523 2387 4566 meo
2433 4514 2576 4567 voto
2625 4505 2719 4567 vel
2761 4524 2965 4587 opera,
3015 4491 3130 4567 non
3169 4500 3290 4566 'sua

568 4584 799 4660 natura,
850 4606 961 4649 non
993 4582 1107 4649 Dei
1150 4587 1390 4664 invidia,
1443 4589 1570 4650 sed·
1596 4579 1982 4670 plurimorum
2031 4592 2332 4654 hominum
2365 4594 2460 4655 vel
2495 4591 2854 4675 stupiditate
2890 4592 2986 4655 vel
3022 4594 3286 4675 ignavia.

567 4668 782 4735 Solent
826 4674 1126 4756 principes
1185 4662 1388 4757 aliqua
1436 4678 1635 4757 magni
1682 4670 1860 4759 pretii
1911 4671 2067 4741 inter
2119 4682 2415 4767 secundas
2463 4679 2685 4761 habere
2733 4702 3008 4761 mensas,
3075 4672 3289 4767 quibus

563 4770 813 4824 utantur
859 4782 973 4825 non
1022 4766 1135 4828 uisi
1182 4766 1389 4840 saturi,
1444 4765 1683 4838 levandi
1714 4766 1946 4844 tsastidii
1977 4789 2180 4853 causa.
2260 4770 2362 4841 Sic
2405 4768 2556 4833 haec
2599 4780 2660 4837 et
2705 4764 3041 4853 hujusmodi
3087 4770 3292 4835 studia

564 4850 1027 4935 generosissimo
1076 4862 1141 4916 et
1186 4852 1632 4935 sapientissimo
1682 4841 1893 4937 cuique
1942 4867 2067 4919 turn
2125 4856 2362 4936 demum
2410 4852 2682 4941 sapient,
2745 4854 2846 4925 ubi
2901 4882 2934 4924 e
2992 4859 3138 4929 casa
3180 4878 3290 4949 per
