3634 5575
1544 387 1713 454 ΒΨ*
1740 387 1883 442 ΧΠ·
2947 387 3062 458 151

364 541 597 606 nomiae
642 543 1105 625 descriptionem
1152 545 1423 608 obtinere
1473 547 1739 610 fortasse
1781 556 2038 629 possunt
2067 549 2226 612 hauc
2251 567 2515 624 causam,
2565 559 2890 631 propterea
2916 552 3075 632 quod

364 625 591 692 orbium
652 632 1075 713 proportiones
1130 636 1533 714 investigandi
1596 638 1761 700 nulla
1821 637 1946 698 illic
2003 637 2272 710 occasio,
2341 637 2564 698 nullum
2630 638 3072 702 adminiculum.

364 712 881 785 Quemadmodum
926 723 1085 784 enim
1133 723 1237 796 iis,
1288 725 1385 802 qui
1435 724 1509 785 de
1559 726 1729 787 novis
1778 725 1965 788 Indiis
2011 726 2408 805 scripserunt,
2477 744 2650 788 nemo
2699 726 2876 788 facile
2923 745 3074 790 con-

366 803 613 869 tradicit
653 809 757 890 qui
801 809 909 872 illa
954 811 1095 874 loca
1134 831 1253 874 non
1300 811 1429 890 ipse
1477 813 1785 884 lustravit,
1833 815 1921 875 sic
1968 815 2348 896 physicorum
2395 814 2764 884 ratiunculas
2807 815 2882 876 de
2925 833 3073 876 con-

365 900 533 956 tactu
578 895 805 960 orbium
851 905 1233 962 astronomus
1278 899 1526 978 rejicere
1556 921 1671 962 non
1701 909 1924 981 potest,
1975 922 2146 982 quem
2185 902 2672 964 observationum
2701 901 3078 981 experientia

364 988 429 1042 et
472 981 889 1062 hypothesium
936 987 1201 1050 conditio
1261 988 1318 1048 in
1367 990 1601 1052 coelum
1644 989 1842 1069 ipsum
1893 991 2166 1070 interque
2224 991 2398 1052 orbes
2447 1008 2563 1051 non
2621 991 2840 1052 evexit.
2931 989 3074 1053 Jam

364 1087 507 1130 vero
554 1090 631 1133 ex
678 1069 991 1152 Copernici
1040 1076 1469 1157 hypothesibus
1508 1085 1573 1139 et
1619 1095 1694 1139 ex
1740 1078 1845 1140 illo
1875 1078 2098 1140 Terrae
2145 1086 2310 1139 motu
2348 1078 2635 1158 sequitur,
2685 1079 2908 1142 nullam
2937 1097 3074 1142 esse

279 1184 295 1196 ·
364 1158 595 1221 orbium
650 1161 973 1226 vicinorum
1038 1165 1465 1238 differentiam,
1532 1183 1684 1244 quac
1750 1185 1866 1228 non
1931 1165 2135 1228 multis
2199 1167 2476 1246 partibus
2541 1166 2702 1228 orbis
2766 1167 3074 1247 utriusque

365 1247 875 1312 ecoentricitatem
934 1261 1197 1332 superet.
1290 1255 1494 1334 Atque
1560 1254 1736 1334 hujus
1792 1254 1888 1316 rei
1953 1274 2101 1334 cape
2169 1255 2504 1333 exemplum
2570 1273 2645 1315 ex
2699 1255 2957 1318 Telluris
3012 1265 3076 1318 et

364 1334 625 1400 Veneris
670 1337 933 1412 orbibus,
978 1340 1055 1402 iis
1100 1359 1331 1420 nempe,
1384 1341 1481 1421 qui
1530 1343 1835 1404 minimum
1863 1343 1939 1404 ab
1988 1343 2244 1404 invicem
2281 1343 2519 1404 absunt.
2615 1341 2898 1413 Qualium
2926 1343 3072 1405 Tel-

360 1423 509 1486 luris
551 1446 592 1487 a
637 1434 845 1489 centro
889 1429 1088 1491 mundi
1136 1429 1433 1490 distant-ia
1478 1429 1792 1492 mediocris
1851 1440 1948 1492 est
1994 1427 2107 1506 60,
2158 1431 2367 1492 talium
2405 1431 2669 1491 Veneris
2727 1431 2802 1491 ab
2861 1432 3073 1492 eodem

364 1512 661 1576 distantia
722 1515 1037 1577 mediocris
1103 1526 1200 1578 est
1250 1514 1335 1580 43
1356 1513 1457 1598 7„
1524 1519 1866 1580 differentia
1935 1513 2086 1595 16⁸1,
2143 1519 2444 1596 scrupula.
2539 1517 2679 1580 Jam
2741 1519 2946 1580 Tellus
3012 1518 3072 1580 in

362 1601 646 1682 perigaeo
693 1605 1125 1686 appropinquat
1178 1605 1399 1666 Veneri
1446 1606 1739 1684 scrupulis
1791 1602 1950 1689 272·
2017 1608 2226 1668 Venus
2272 1606 2360 1667 illi
2409 1605 2648 1668 obviam
2693 1607 2968 1684 procedit
3011 1607 3074 1668 in

363 1708 633 1769 apogaeo
678 1692 973 1771 scrupulis
1018 1693 1225 1755 itidem
1273 1687 1391 1772 2¹l,
1418 1735 1433 1762 ,
1491 1713 1722 1755 summa
1767 1692 1806 1757 5
1857 1694 2284 1773 scrupulorum.
2378 1694 2539 1771 Ergo
2600 1693 2913 1755 duodecim
2970 1713 3073 1754 re-

363 1778 552 1840 siduis
608 1779 903 1860 scrupulis
958 1782 1106 1843 haec
1162 1783 1277 1843 duo
1335 1801 1587 1862 corpora
1651 1782 1888 1844 distant
1941 1783 2128 1844 etiam
2186 1800 2320 1845 cum
2377 1781 2646 1861 proxime
2694 1781 2768 1841 ab
2818 1781 3072 1842 invicem

362 1867 603 1929 absunt.
696 1866 875 1940 Quod
928 1869 983 1930 si
1030 1869 1158 1949 quis
1206 1869 1317 1931 hoc
1366 1870 1781 1932 intermedium
1836 1869 2100 1950 spatium
2159 1870 2440 1948 compleri
2499 1876 2739 1948 asserat
2794 1863 3076 1932 deferen-

361 1954 522 2017 tibus
586 1957 777 2018 nodos
842 1964 904 2018 et
958 1957 1196 2019 circulis
1251 1959 1663 2032 latitudinum,
1729 1959 1782 2020 is
1841 1959 2098 2036 cogitet:
2165 1977 2346 2037 posse
2403 1977 2478 2019 ea
2533 1957 2731 2021 officia
2786 1958 2972 2018 etiam
3035 1977 3076 2018 a

364 2043 543 2122 longe
590 2045 959 2106 tenuioribus
1006 2046 1279 2120 orbibuS,
1338 2065 1515 2128 quam
1564 2048 1661 2128 qui
1708 2055 1944 2109 tantum
1993 2047 2219 2108 hiatum
2266 2047 2582 2126 impleant,
2644 2044 3070 2117 administrari,

364 2151 557 2211 neque
604 2140 885 2196 naturam
932 2133 1171 2195 immani
1218 2136 1371 2196 mole
1420 2134 1737 2197 tantorum
1772 2137 2002 2199 orbium
2053 2135 2459 2198 onerandam..
2531 2131 2826 2204 Quamvis
2874 2134 3074 2195 hercle

368 2217 1112 2304 Copernici'hypotheses
1169 2241 1373 2284 omnes
1433 2224 1519 2284 ita
1580 2232 1994 2304 comparatae,
2061 2225 2151 2285 ita
2207 2233 2386 2303 aptae
2445 2229 2611 2291 sunt,
2677 2222 2766 2282 ita
2820 2221 3073 2283 invicem

363 2309 727 2382 inserviunt,
790 2319 859 2372 ut
902 2310 1063 2371 haud
1102 2311 1279 2372 facile
1326 2312 1447 2373 ullo
1496 2312 1676 2386 orbe,
1732 2313 1833 2391 qui
1871 2313 2030 2374 ultra
2074 2314 2356 2391 planetae
2407 2309 2566 2370 viam
2611 2316 2934 2389 evagatur,
2995 2311 3070 2370 ad

362 2405 560 2460 motus
607 2398 943 2461 reddendos
992 2398 1259 2478 indigere
1306 2399 1637 2462 videamur.
1730 2399 1856 2462 Sed
1903 2409 2064 2475 esto,
2116 2408 2184 2462 ut
2229 2400 2288 2460 in
2337 2397 2683 2478 propinquis
2731 2397 2932 2476 spatia
2979 2399 3070 2458 his

362 2485 720 2566 impleantur
764 2487 1037 2549 orbibus:
1088 2506 1311 2566 quaeso
1359 2487 1502 2549 illud
1552 2490 1727 2567 quale
1772 2489 1856 2550 sit
1901 2488 2234 2549 videamuS.
2331 2485 2480 2548 Cum
2521 2507 2556 2546 a
2585 2485 2870 2564 perigaea
2894 2484 3070 2547 Jovis

366 2573 660 2636 distantia
705 2575 783 2637 ad
830 2575 1050 2638 Martis
1098 2593 1467 2654 apogaeam‚
1521 2577 1699 2655 duplo
1748 2576 1984 2657 longius
2031 2584 2373 2638 numeretur
2419 2575 2708 2652 spatium,
2767 2593 2946 2652 quam
2992 2573 3069 2634 ab
3135 2577 3148 2584 ”

362 2663 495 2742 ipso
522 2663 723 2725 Marte
768 2665 847 2726 ad
892 2671 1163 2725 centrum
1210 2664 1410 2726 mundi
1460 2663 1663 2736 (Jovis
1702 2664 1862 2726 enim
1899 2665 2194 2726 distantia
2239 2664 2426 2742 tripla
2469 2669 2569 2723 cst
2613 2663 2690 2722 ad
2730 2661 3069 2735 Martiam),

362 2769 581 2831 ergone
641 2752 719 2814 ad
782 2752 983 2832 pusilli
1040 2752 1320 2833 planetae
1368 2752 1470 2815 vix
1528 2753 1605 2813 ad
1653 2771 1894 2815 sensum
1941 2753 2264 2815 variandas
2321 2749 2750 2823 motiunculas,
2815 2749 2874 2813 in
2935 2751 3070 2813 lon-

361 2858 520 2920 gum,
566 2842 626 2903 in
674 2842 881 2916 latum,
934 2848 1123 2903 totum
1170 2842 1285 2904 hoc
1332 2842 1595 2922 spatium
1643 2843 1823 2921 duplo
1871 2842 2134 2904 crassius
2181 2842 2341 2903 omni
2387 2840 2586 2901 Marte
2635 2840 2898 2917 repletur
2939 2846 3069 2900 tam

360 2930 728 3008 portentosis
785 2928 1071 2992 orbibus?
1161 2929 1333 3002 Quae
1390 2930 1538 2991 haec
1596 2937 1850 2991 naturae
1907 2930 2212 3007 luxuries?
2284 2928 2480 3000 Quam
2543 2926 2788 3007 inepta?
2871 2926 3068 2997 Quam

362 3017 635 3081 inutilis?
709 3016 905 3089 Quam
952 3017 1191 3080 minime
1240 3019 1354 3097 ipsi
1404 3018 1671 3079 usitata?
1762 3020 1968 3099 Atque
2017 3039 2092 3080 ex
2138 3019 2249 3079 hoc
2295 3018 2500 3079 videre
2548 3024 2671 3091 est,
2721 3016 2779 3076 in
2831 3013 3068 3094 Coper-

360 3106 493 3168 nico
541 3106 766 3168 nullum
813 3108 1018 3169 orbem
1064 3106 1141 3167 ab
1190 3108 1307 3169 alio
1366 3106 1571 3187 tangi,
1635 3105 1747 3169 sed
1792 3107 2062 3186 ingentia
2117 3106 2368 3187 relinqui
2435 3111 2827 3187 systematum
2875 3102 3068 3165 inter-

358 3195 527 3256 v‘alla
570 3196 774 3275 utique
828 3195 1009 3276 plena
1055 3195 1304 3257 coelesti
1350 3214 1522 3269 aura,
1588 3194 1701 3257 sed
1746 3196 1822 3257 ad
1872 3204 2146 3257 neutrum
2201 3203 2402 3256 tamen
2453 3193 2914 3273 propinquorum
2961 3211 3069 3273 sy-

359 3290 683 3347 stematum
746 3284 1135 3363 pertinentia.
1241 3284 1592 3356 (Schemate
1641 3280 1747 3346 22.
1813 3284 1892 3345 ob
1957 3285 2164 3345 oculos
2209 3300 2476 3363 propono
2542 3280 2650 3342 tibi
2715 3278 2946 3341 orbium
3009 3288 3090 3341 et·

356 3370 817 3435 interstitiorum
882 3371 1325 3451 magnitudines
1390 3374 1565 3452 juxta
1616 3390 1796 3435 veras
1861 3372 2314 3451 proportiones:
2383 3370 2470 3431 uti
2533 3388 2638 3430 eae
2700 3368 2964 3433 numeris
3030 3388 3071 3429 a

360 3458 693 3540 Copernico
736 3478 1061 3542 expressae
1108 3470 1269 3523 sunt.
1292 3459 1387 3535 1’))
1462 3459 1685 3522 Eorum
1730 3469 1938 3524 autem
1986 3460 2314 3539 spatiorum
2365 3477 2497 3519 cum
2543 3456 2714 3517 initio
2761 3456 3072 3535 professus

358 3547 471 3610 sim
519 3566 739 3611 causas
786 3569 862 3611 ex
907 3546 949 3613 5
996 3550 1343 3629 corporibus
1390 3548 1659 3624 reddere,
1710 3567 1817 3611 cur
1861 3555 2039 3611 tanta
2083 3548 2324 3627 singula
2367 3547 2525 3607 inter
2571 3546 2743 3607 binos
2789 3544 3071 3623 planetas

356 3637 574 3701 relicta
618 3638 743 3700 sint
788 3658 826 3699 a
873 3635 1166 3701 Creatore
1215 3636 1461 3719 Optimo
1506 3636 1677 3698 Max.
1700 3682 1719 3713 ,
1775 3655 1988 3717 nempe
2037 3637 2194 3716 quod
2239 3634 2514 3713 singulae
2560 3634 2786 3713 figurae
2833 3630 3074 3710 singula

358 3724 683 3788 intervalla
726 3726 1009 3801 efficiant,
1056 3726 1367 3790 videamus
1412 3726 1608 3800 modo,
1658 3743 1838 3805 quam
1883 3724 1942 3787 id
1992 3724 2252 3786 feliciter
2295 3729 2598 3784 tentatum
2637 3721 2736 3793 sit,
2788 3738 3070 3781 causam-

359 3832 473 3895 que
536 3814 693 3877 hanc
755 3832 957 3878 coram
1016 3815 1391 3877 astronomia
1440 3814 1648 3895 judice
1719 3822 1783 3877 et
1846 3814 2177 3893 interprete
2242 3810 2575 3891 Copernico
2642 3809 3070 3889 disceptemus.

360 3899 624 3967 Orbibus
668 3902 819 3983 ipsis
865 3910 1101 3965 tantam
1145 3903 1415 3983 relinquo
1462 3901 1822 3976 crassitiem,
1871 3910 2160 3984 quantam
2205 3900 2456 3981 requirit
2484 3916 2772 3959 ascensus
2811 3897 3070 3959 descen-

360 4010 579 4073 susque
625 3992 943 4070 planetae:
994 4010 1145 4072 quae
1194 4000 1395 4053 tamen
1442 4000 1639 4053 utrum
1685 3991 1967 4065 sufficiat,
2016 3990 2172 4052 infra
2217 4008 2350 4067 cap.
2390 3985 2502 4049 22.
2551 3984 2806 4047 videbis.
2891 3982 3072 4055 Quod

360 4080 414 4141 si
475 4080 701 4159 figurae
754 4078 1115 4160 interjectae
1162 4087 1334 4155 sunt,
1402 4088 1472 4142 ut
1516 4080 1671 4141 dixi:
1737 4086 1982 4159 oportet
2035 4078 2216 4140 imam
2273 4075 2596 4154 superioris
2644 4073 2808 4135 orbis
2854 4092 3070 4154 super-

360 4166 553 4230 ficiem
608 4169 851 4249 aequari
914 4168 1361 4247 circumscripto
1416 4169 1641 4249 figurae
1664 4214 1681 4241 ,
1748 4185 2038 4229 summam
2099 4164 2400 4228 inferioris
2460 4162 2778 4241 inscripto,
2846 4161 3072 4242 figuras

360 4263 563 4319 autem
608 4257 840 4320 censeri
888 4274 961 4319 eo
1004 4256 1231 4332 ordine,
1280 4275 1455 4337 quem
1500 4274 1685 4336 supra
1728 4254 2062 4317 rationibus
2109 4253 2552 4403 contii-mavil.;b
2567 4249 2771 4399 quarg

2493 4360 2512 4400 ι
2561 4384 2576 4401 .
2673 4384 2688 4399 .
2777 4356 2983 4419 opern.

734 4428 776 4509 l}
1363 4430 1541 4493 Jovis
1676 4426 1805 4492 577
2347 4425 2474 4493 635
2525 4426 2676 4507 Cap.
2769 4422 2831 4491 9.

552 4574 557 4580 .
685 4446 828 4623 ‘Q'
918 4527 1019 4581 est
1071 4516 1239 4583 1000
1363 4518 1585 4580 Martis
1677 4515 1806 4581 333
1964 4519 2056 4580 At
2101 4526 2200 4581 est
2290 4446 2472 4655 §333
2522 4514 2674 4594 Cap.
2723 4510 2832 4577 14.

400 4609 469 4673 Si
516 4611 639 4671 ima
687 4617 779 4679 ‘d
860 4607 1123 4671 debebat
1144 4628 1281 4671 esse
1365 4607 1623 4670 Telluris
1678 4602 1807 4669 795
1917 4608 2243 4669 secundum
2344 4603 2470 4670 757
2523 4602 2676 4683 Cap.
2731 4599 2832 4666 19.

688 4618 829 4835 ‘555
961 4714 1194 4759 summa
1368 4695 1629 4757 Veneris
1678 4690 1806 4757 795
1876 4693 2270 4775 Copernicum
2343 4691 2472 4757 794
2522 4691 2675 4773 Cap.
2724 4688 2802 4755 21
2859 4694 2914 4754 ἃ
2965 4688 3072 4753 22.

732 4783 782 4855 Ω
1362 4783 1647 4847 Mercurii
1676 4781 1806 4934 gg}
1840 4712 1870 4949 s
2343 4779 2470 4845 723
2521 4778 2674 4863 Cap.
2723 4776 2829 4844 27.
2869 4774 2958 4853 ⁸⁰)

1534 4873 1633 4933 vel
2805 4898 2814 4905 ·
