<?xml version="1.0" encoding="UTF-8"?>
<!DOCTYPE html PUBLIC "-//W3C//DTD XHTML 1.0 Transitional//EN"
    "http://www.w3.org/TR/xhtml1/DTD/xhtml1-transitional.dtd">
<html xmlns="http://www.w3.org/1999/xhtml" xml:lang="en" lang="en">
 <head>
  <title>
</title>
<meta http-equiv="Content-Type" content="text/html;charset=utf-8" />
  <meta name='ocr-system' content='tesseract 3.04.00' />
  <meta name='ocr-capabilities' content='ocr_page ocr_carea ocr_par ocr_line ocrx_word'/>
</head>
<body>
  <div class='ocr_page' id='page_1' title='image "./joanniskepleria30frisgoog_0168.png"; bbox 0 0 3634 5575; ppageno 0'>
   <div class='ocr_carea' id='block_1_1' title="bbox 1629 383 3169 472">
    <p class='ocr_par' dir='ltr' id='par_1_1' title="bbox 1629 383 3169 472">
     <span class='ocr_line' id='line_1_1' title="bbox 1629 383 3169 472; baseline 0.016 -17"><span class='ocrx_word' id='word_1_1' title='bbox 1629 383 1969 458; x_wconf 60' lang='lat' dir='ltr'><strong>mm</strong></span> <span class='ocrx_word' id='word_1_2' title='bbox 2520 467 2524 472; x_wconf 83' lang='lat'><strong>.</strong></span> <span class='ocrx_word' id='word_1_3' title='bbox 3044 385 3169 456; x_wconf 72' lang='lat'><strong>¹49</strong></span> 
     </span>
    </p>
   </div>
   <div class='ocr_carea' id='block_1_2' title="bbox 441 543 2991 626">
    <p class='ocr_par' dir='ltr' id='par_1_2' title="bbox 441 543 2991 626">
     <span class='ocr_line' id='line_1_2' title="bbox 441 543 2991 626; baseline 0.002 -20"><span class='ocrx_word' id='word_1_4' title='bbox 441 549 774 606; x_wconf 75' lang='lat' dir='ltr'>extremm</span> <span class='ocrx_word' id='word_1_5' title='bbox 828 552 914 608; x_wconf 83' lang='lat' dir='ltr'><strong>et·</strong></span> <span class='ocrx_word' id='word_1_6' title='bbox 947 543 1210 608; x_wconf 85' lang='lat' dir='ltr'><strong>mediam</strong></span> <span class='ocrx_word' id='word_1_7' title='bbox 1259 546 1558 608; x_wconf 86' lang='lat' dir='ltr'><strong>rationem</strong></span> <span class='ocrx_word' id='word_1_8' title='bbox 1614 545 1765 607; x_wconf 86' lang='lat' dir='ltr'><strong>secti</strong></span> <span class='ocrx_word' id='word_1_9' title='bbox 1830 547 2025 626; x_wconf 77' lang='lat' dir='ltr'><strong>maJus</strong></span> <span class='ocrx_word' id='word_1_10' title='bbox 2080 555 2459 625; x_wconf 79' lang='lat' dir='ltr'>segmentum</span> <span class='ocrx_word' id='word_1_11' title='bbox 2512 546 2635 610; x_wconf 89' lang='lat' dir='ltr'><strong>AD</strong></span> <span class='ocrx_word' id='word_1_12' title='bbox 2796 571 2889 620; x_wconf 61' lang='lat' dir='ltr'><strong>ru.</strong></span> <span class='ocrx_word' id='word_1_13' title='bbox 2924 567 2991 612; x_wconf 69' lang='grc' dir='ltr'><strong>ιι.</strong></span> 
     </span>
    </p>
   </div>
   <div class='ocr_carea' id='block_1_3' title="bbox 437 632 3359 1111">
    <p class='ocr_par' dir='ltr' id='par_1_3' title="bbox 441 632 3156 769">
     <span class='ocr_line' id='line_1_3' title="bbox 441 632 3156 769; baseline 0.002 -76"><span class='ocrx_word' id='word_1_14' title='bbox 441 639 538 693; x_wconf 91' lang='lat' dir='ltr'><strong>est</strong></span> <span class='ocrx_word' id='word_1_15' title='bbox 591 632 758 735; x_wconf 77' lang='lat' dir='ltr'><strong>latus</strong></span> <span class='ocrx_word' id='word_1_16' title='bbox 809 634 1156 714; x_wconf 84' lang='lat' dir='ltr'><strong>decanguli,</strong></span> <span class='ocrx_word' id='word_1_17' title='bbox 1217 634 1370 712; x_wconf 87' lang='lat' dir='ltr'><strong>qnod</strong></span> <span class='ocrx_word' id='word_1_18' title='bbox 1429 634 1624 695; x_wconf 82' lang='lat' dir='ltr'><strong>eidem</strong></span> <span class='ocrx_word' id='word_1_19' title='bbox 1679 633 1793 696; x_wconf 86' lang='lat' dir='ltr'><strong>AB</strong></span> <span class='ocrx_word' id='word_1_20' title='bbox 1842 635 2063 697; x_wconf 89' lang='lat' dir='ltr'><strong>circulo</strong></span> <span class='ocrx_word' id='word_1_21' title='bbox 2108 633 2351 696; x_wconf 80' lang='lat' dir='ltr'><strong>inscribi</strong></span> <span class='ocrx_word' id='word_1_22' title='bbox 2396 643 2620 713; x_wconf 90' lang='lat' dir='ltr'><strong>potest.</strong></span> <span class='ocrx_word' id='word_1_23' title='bbox 2751 658 2936 769; x_wconf 66' lang='lat' dir='ltr'><em>l</em></span> <span class='ocrx_word' id='word_1_24' title='bbox 3110 671 3156 714; x_wconf 57' lang='lat' dir='ltr'><em>g</em></span> 
     </span>
    </p>

    <p class='ocr_par' dir='ltr' id='par_1_4' title="bbox 437 662 3138 859">
     <span class='ocr_line' id='line_1_4' title="bbox 437 662 3138 859; baseline 0.002 -75"><span class='ocrx_word' id='word_1_25' title='bbox 437 719 697 823; x_wconf 67' lang='lat' dir='ltr'><strong>«Iunctae</strong></span> <span class='ocrx_word' id='word_1_26' title='bbox 741 723 926 802; x_wconf 76' lang='lat' dir='ltr'><strong>igitur</strong></span> <span class='ocrx_word' id='word_1_27' title='bbox 969 722 1280 801; x_wconf 88' lang='lat' dir='ltr'><strong>potentiae</strong></span> <span class='ocrx_word' id='word_1_28' title='bbox 1317 720 1430 784; x_wconf 83' lang='lat' dir='ltr'><strong>Ac</strong></span> <span class='ocrx_word' id='word_1_29' title='bbox 1471 721 1622 785; x_wconf 86' lang='lat' dir='ltr'><strong>radii</strong></span> <span class='ocrx_word' id='word_1_30' title='bbox 1669 723 1857 785; x_wconf 86' lang='lat' dir='ltr'><strong>totius</strong></span> <span class='ocrx_word' id='word_1_31' title='bbox 1905 731 1969 784; x_wconf 88' lang='lat' dir='ltr'><strong>et</strong></span> <span class='ocrx_word' id='word_1_32' title='bbox 2018 722 2135 784; x_wconf 87' lang='lat' dir='ltr'><strong>AD</strong></span> <span class='ocrx_word' id='word_1_33' title='bbox 2180 723 2427 802; x_wconf 88' lang='lat' dir='ltr'><strong>majoris</strong></span> <span class='ocrx_word' id='word_1_34' title='bbox 2476 743 2621 804; x_wconf 86' lang='lat' dir='ltr'><strong>seg-</strong></span> <span class='ocrx_word' id='word_1_35' title='bbox 2690 755 2722 802; x_wconf 60' lang='grc' dir='ltr'><strong><em>Δ</em></strong></span> <span class='ocrx_word' id='word_1_36' title='bbox 2755 662 3138 859; x_wconf 43' lang='lat'><strong>⁴*</strong></span> 
     </span>
    </p>

    <p class='ocr_par' dir='ltr' id='par_1_5' title="bbox 439 810 2623 892">
     <span class='ocr_line' id='line_1_5' title="bbox 439 810 2623 892; baseline 0.001 -22"><span class='ocrx_word' id='word_1_37' title='bbox 439 815 626 872; x_wconf 81' lang='lat' dir='ltr'><strong>menti</strong></span> <span class='ocrx_word' id='word_1_38' title='bbox 668 810 872 890; x_wconf 85' lang='lat' dir='ltr'><strong>hujus,</strong></span> <span class='ocrx_word' id='word_1_39' title='bbox 925 811 1154 873; x_wconf 83' lang='lat' dir='ltr'><strong>faciunt</strong></span> <span class='ocrx_word' id='word_1_40' title='bbox 1201 810 1532 889; x_wconf 86' lang='lat' dir='ltr'><strong>potentiam</strong></span> <span class='ocrx_word' id='word_1_41' title='bbox 1577 811 1685 872; x_wconf 87' lang='lat' dir='ltr'><strong>EF</strong></span> <span class='ocrx_word' id='word_1_42' title='bbox 1730 812 1941 874; x_wconf 87' lang='lat' dir='ltr'><strong>lateris</strong></span> <span class='ocrx_word' id='word_1_43' title='bbox 1987 812 2515 892; x_wconf 81' lang='lat' dir='ltr'><strong>quinquangularis</strong></span> <span class='ocrx_word' id='word_1_44' title='bbox 2564 811 2623 872; x_wconf 90' lang='lat' dir='ltr'><strong>in</strong></span> 
     </span>
    </p>

    <p class='ocr_par' dir='ltr' id='par_1_6' title="bbox 437 786 3359 1111">
     <span class='ocr_line' id='line_1_6' title="bbox 437 786 3136 1041; baseline 0.001 -81"><span class='ocrx_word' id='word_1_45' title='bbox 437 897 544 960; x_wconf 87' lang='lat' dir='ltr'><strong>illo</strong></span> <span class='ocrx_word' id='word_1_46' title='bbox 609 898 832 961; x_wconf 84' lang='lat' dir='ltr'><strong>circulo</strong></span> <span class='ocrx_word' id='word_1_47' title='bbox 899 897 1104 980; x_wconf 87' lang='lat' dir='ltr'><strong>(Eucl.</strong></span> <span class='ocrx_word' id='word_1_48' title='bbox 1167 899 1358 974; x_wconf 85' lang='lat' dir='ltr'><strong>XIII,</strong></span> <span class='ocrx_word' id='word_1_49' title='bbox 1437 895 1568 973; x_wconf 88' lang='grc'>10).</span> <span class='ocrx_word' id='word_1_50' title='bbox 1663 897 1841 970; x_wconf 83' lang='lat' dir='ltr'><strong>Quod</strong></span> <span class='ocrx_word' id='word_1_51' title='bbox 1908 919 2041 962; x_wconf 89' lang='lat' dir='ltr'><strong>cum</strong></span> <span class='ocrx_word' id='word_1_52' title='bbox 2107 900 2193 961; x_wconf 88' lang='lat' dir='ltr'><strong>sit</strong></span> <span class='ocrx_word' id='word_1_53' title='bbox 2254 901 2413 962; x_wconf 87' lang='lat' dir='ltr'><strong>inter</strong></span> <span class='ocrx_word' id='word_1_54' title='bbox 2476 901 2625 962; x_wconf 90' lang='lat' dir='ltr'><strong>duos</strong></span> <span class='ocrx_word' id='word_1_55' title='bbox 2725 786 3136 1041; x_wconf 49' lang='lat' dir='ltr'><strong>W*</strong></span> 
     </span>
     <span class='ocr_line' id='line_1_7' title="bbox 2754 1019 3359 1111; baseline 0.013 -49"><span class='ocrx_word' id='word_1_56' title='bbox 2754 1019 3067 1111; x_wconf 43' lang='grc' dir='ltr'><strong>Ι»,</strong></span> <span class='ocrx_word' id='word_1_57' title='bbox 3284 1048 3292 1054; x_wconf 85' lang='lat'><strong>·</strong></span> <span class='ocrx_word' id='word_1_58' title='bbox 3350 1103 3359 1111; x_wconf 83' lang='lat'><strong>.</strong></span> 
     </span>
    </p>
   </div>
   <div class='ocr_carea' id='block_1_4' title="bbox 433 986 3167 2039">
    <p class='ocr_par' dir='ltr' id='par_1_7' title="bbox 440 986 2624 1156">
     <span class='ocr_line' id='line_1_8' title="bbox 440 986 2624 1156; baseline 0.001 -108"><span class='ocrx_word' id='word_1_59' title='bbox 440 987 756 1138; x_wconf 53' lang='lat' dir='ltr'><strong>iieosaedri6</strong></span> <span class='ocrx_word' id='word_1_60' title='bbox 799 989 1083 1156; x_wconf 43' lang='lat' dir='ltr'><strong>angulos,</strong></span> <span class='ocrx_word' id='word_1_61' title='bbox 1155 988 1274 1050; x_wconf 90' lang='lat' dir='ltr'><strong>erit</strong></span> <span class='ocrx_word' id='word_1_62' title='bbox 1333 986 1540 1068; x_wconf 87' lang='lat' dir='ltr'><strong>utique</strong></span> <span class='ocrx_word' id='word_1_63' title='bbox 1606 989 1766 1049; x_wconf 87' lang='lat' dir='ltr'><strong>latus</strong></span> <span class='ocrx_word' id='word_1_64' title='bbox 1832 987 2130 1050; x_wconf 73' lang='lat' dir='ltr'><strong>icosaedri</strong></span> <span class='ocrx_word' id='word_1_65' title='bbox 2196 988 2398 1062; x_wconf 83' lang='lat' dir='ltr'><strong>(Eucl.</strong></span> <span class='ocrx_word' id='word_1_66' title='bbox 2447 989 2624 1063; x_wconf 91' lang='lat' dir='ltr'><strong>XIII,</strong></span> 
     </span>
     <span class='ocr_line' id='line_1_9' title="bbox 489 1074 806 1148; baseline -0.003 -11"><span class='ocrx_word' id='word_1_67' title='bbox 489 1075 514 1137; x_wconf 97' lang='grc'>1</span> <span class='ocrx_word' id='word_1_68' title='bbox 563 1083 630 1139; x_wconf 91' lang='lat' dir='ltr'><strong>et</strong></span> <span class='ocrx_word' id='word_1_69' title='bbox 675 1074 703 1138; x_wconf 93' lang='lat'>1</span> <span class='ocrx_word' id='word_1_70' title='bbox 756 1079 806 1148; x_wconf 87' lang='lat'><strong>).</strong></span> 
     </span>
    </p>

    <p class='ocr_par' dir='ltr' id='par_1_8' title="bbox 433 1158 3167 2039">
     <span class='ocr_line' id='line_1_10' title="bbox 614 1158 3167 1244; baseline -0.002 -18"><span class='ocrx_word' id='word_1_71' title='bbox 614 1164 926 1227; x_wconf 76' lang='lat' dir='ltr'><strong>Habemus</strong></span> <span class='ocrx_word' id='word_1_72' title='bbox 989 1165 1189 1226; x_wconf 89' lang='lat' dir='ltr'><strong>latera</strong></span> <span class='ocrx_word' id='word_1_73' title='bbox 1244 1163 1504 1225; x_wconf 90' lang='lat' dir='ltr'><strong>omnium</strong></span> <span class='ocrx_word' id='word_1_74' title='bbox 1559 1165 1881 1244; x_wconf 81' lang='lat' dir='ltr'><strong>figurarum</strong></span> <span class='ocrx_word' id='word_1_75' title='bbox 1938 1163 1997 1224; x_wconf 91' lang='lat' dir='ltr'><strong>in</strong></span> <span class='ocrx_word' id='word_1_76' title='bbox 2056 1164 2439 1242; x_wconf 83' lang='lat' dir='ltr'>proportione</span> <span class='ocrx_word' id='word_1_77' title='bbox 2496 1164 2575 1225; x_wconf 90' lang='lat' dir='ltr'><strong>ad</strong></span> <span class='ocrx_word' id='word_1_78' title='bbox 2635 1161 2775 1222; x_wconf 85' lang='lat' dir='ltr'><strong>axin</strong></span> <span class='ocrx_word' id='word_1_79' title='bbox 2833 1161 2996 1222; x_wconf 91' lang='lat' dir='ltr'><strong>orbis</strong></span> <span class='ocrx_word' id='word_1_80' title='bbox 3042 1158 3167 1222; x_wconf 87' lang='lat' dir='ltr'><strong>cir-</strong></span> 
     </span>
     <span class='ocr_line' id='line_1_11' title="bbox 436 1247 3164 1332; baseline -0.002 -18"><span class='ocrx_word' id='word_1_81' title='bbox 436 1253 803 1332; x_wconf 88' lang='lat' dir='ltr'><strong>cumscripti.</strong></span> <span class='ocrx_word' id='word_1_82' title='bbox 899 1251 1186 1332; x_wconf 77' lang='lat' dir='ltr'><strong>Sequitur</strong></span> <span class='ocrx_word' id='word_1_83' title='bbox 1242 1259 1308 1313; x_wconf 89' lang='lat' dir='ltr'><strong>ut</strong></span> <span class='ocrx_word' id='word_1_84' title='bbox 1351 1253 1556 1314; x_wconf 90' lang='lat' dir='ltr'><strong>radios</strong></span> <span class='ocrx_word' id='word_1_85' title='bbox 1584 1253 1957 1316; x_wconf 65' lang='lat' dir='ltr'><strong>circulorum</strong></span> <span class='ocrx_word' id='word_1_86' title='bbox 2002 1253 2103 1331; x_wconf 90' lang='lat' dir='ltr'><strong>qui</strong></span> <span class='ocrx_word' id='word_1_87' title='bbox 2149 1252 2399 1314; x_wconf 78' lang='lat' dir='ltr'><strong>basibus</strong></span> <span class='ocrx_word' id='word_1_88' title='bbox 2456 1248 3023 1315; x_wconf 87' lang='lat' dir='ltr'><strong>circumscribuntur</strong></span> <span class='ocrx_word' id='word_1_89' title='bbox 3065 1247 3164 1308; x_wconf 89' lang='lat' dir='ltr'><strong>in-</strong></span> 
     </span>
     <span class='ocr_line' id='line_1_12' title="bbox 435 1335 3163 1422; baseline -0.002 -21"><span class='ocrx_word' id='word_1_90' title='bbox 435 1341 819 1421; x_wconf 84' lang='lat' dir='ltr'><strong>vestigemus.</strong></span> <span class='ocrx_word' id='word_1_91' title='bbox 873 1361 950 1404; x_wconf 86' lang='lat' dir='ltr'><strong>ex</strong></span> <span class='ocrx_word' id='word_1_92' title='bbox 1001 1341 1134 1420; x_wconf 88' lang='lat' dir='ltr'><strong>jam</strong></span> <span class='ocrx_word' id='word_1_93' title='bbox 1197 1341 1356 1402; x_wconf 90' lang='lat' dir='ltr'><strong>notis</strong></span> <span class='ocrx_word' id='word_1_94' title='bbox 1403 1341 1726 1404; x_wconf 89' lang='lat' dir='ltr'><strong>lateribus:</strong></span> <span class='ocrx_word' id='word_1_95' title='bbox 1811 1341 1871 1401; x_wconf 94' lang='lat' dir='ltr'><strong>id</strong></span> <span class='ocrx_word' id='word_1_96' title='bbox 1938 1340 2093 1422; x_wconf 88' lang='lat' dir='ltr'><strong>quod</strong></span> <span class='ocrx_word' id='word_1_97' title='bbox 2162 1340 2521 1402; x_wconf 88' lang='lat' dir='ltr'><strong>adminiculo</strong></span> <span class='ocrx_word' id='word_1_98' title='bbox 2590 1338 2819 1402; x_wconf 88' lang='lat' dir='ltr'><strong>sinuum</strong></span> <span class='ocrx_word' id='word_1_99' title='bbox 2878 1335 3163 1398; x_wconf 82' lang='lat' dir='ltr'><strong>facillime</strong></span> 
     </span>
     <span class='ocr_line' id='line_1_13' title="bbox 437 1429 3163 1512; baseline -0.003 -20"><span class='ocrx_word' id='word_1_100' title='bbox 437 1438 794 1509; x_wconf 79' lang='lat' dir='ltr'><strong>assequetur</strong></span> <span class='ocrx_word' id='word_1_101' title='bbox 831 1429 1104 1510; x_wconf 82' lang='lat' dir='ltr'><strong>quilibet,</strong></span> <span class='ocrx_word' id='word_1_102' title='bbox 1143 1430 1242 1512; x_wconf 83' lang='lat' dir='ltr'><strong>qui</strong></span> <span class='ocrx_word' id='word_1_103' title='bbox 1289 1430 1614 1508; x_wconf 85' lang='lat' dir='ltr'><strong>reputabit,</strong></span> <span class='ocrx_word' id='word_1_104' title='bbox 1664 1430 1760 1492; x_wconf 88' lang='lat' dir='ltr'><strong>bic</strong></span> <span class='ocrx_word' id='word_1_105' title='bbox 1809 1429 2301 1508; x_wconf 83' lang='lat' dir='ltr'><strong>exquisitissimis</strong></span> <span class='ocrx_word' id='word_1_106' title='bbox 2350 1430 2615 1491; x_wconf 82' lang='lat' dir='ltr'><strong>numeris</strong></span> <span class='ocrx_word' id='word_1_107' title='bbox 2664 1445 2779 1486; x_wconf 91' lang='lat' dir='ltr'><strong>non</strong></span> <span class='ocrx_word' id='word_1_108' title='bbox 2810 1443 2961 1504; x_wconf 91' lang='lat' dir='ltr'><strong>opus</strong></span> <span class='ocrx_word' id='word_1_109' title='bbox 3000 1442 3163 1484; x_wconf 89' lang='lat' dir='ltr'><strong>esse.</strong></span> 
     </span>
     <span class='ocr_line' id='line_1_14' title="bbox 433 1511 3163 1598; baseline -0.003 -17"><span class='ocrx_word' id='word_1_110' title='bbox 433 1518 504 1581; x_wconf 86' lang='lat' dir='ltr'><strong>Si</strong></span> <span class='ocrx_word' id='word_1_111' title='bbox 551 1526 760 1580; x_wconf 86' lang='lat' dir='ltr'><strong>tamen</strong></span> <span class='ocrx_word' id='word_1_112' title='bbox 804 1519 984 1580; x_wconf 87' lang='lat' dir='ltr'><strong>alicui</strong></span> <span class='ocrx_word' id='word_1_113' title='bbox 1027 1518 1230 1598; x_wconf 85' lang='lat' dir='ltr'><strong>placet</strong></span> <span class='ocrx_word' id='word_1_114' title='bbox 1277 1518 1658 1580; x_wconf 85' lang='lat' dir='ltr'><strong>artificiosius</strong></span> <span class='ocrx_word' id='word_1_115' title='bbox 1707 1519 2014 1591; x_wconf 89' lang='lat' dir='ltr'><strong>laborare,</strong></span> <span class='ocrx_word' id='word_1_116' title='bbox 2084 1517 2139 1578; x_wconf 89' lang='lat' dir='ltr'><strong>ei</strong></span> <span class='ocrx_word' id='word_1_117' title='bbox 2187 1518 2581 1580; x_wconf 84' lang='lat' dir='ltr'><strong>fundamenta</strong></span> <span class='ocrx_word' id='word_1_118' title='bbox 2640 1514 2727 1577; x_wconf 89' lang='lat' dir='ltr'><strong>rei</strong></span> <span class='ocrx_word' id='word_1_119' title='bbox 2787 1532 2864 1574; x_wconf 86' lang='lat' dir='ltr'><strong>ex</strong></span> <span class='ocrx_word' id='word_1_120' title='bbox 2907 1511 3163 1575; x_wconf 77' lang='lat' dir='ltr'><strong>Euclide</strong></span> 
     </span>
     <span class='ocr_line' id='line_1_15' title="bbox 439 1600 3163 1688; baseline -0.003 -18"><span class='ocrx_word' id='word_1_121' title='bbox 439 1621 754 1688; x_wconf 86' lang='lat' dir='ltr'><strong>apponam.</strong></span> <span class='ocrx_word' id='word_1_122' title='bbox 833 1604 985 1669; x_wconf 85' lang='lat' dir='ltr'><strong>Cum</strong></span> <span class='ocrx_word' id='word_1_123' title='bbox 1013 1606 1198 1687; x_wconf 86' lang='lat' dir='ltr'><strong>igitur</strong></span> <span class='ocrx_word' id='word_1_124' title='bbox 1226 1613 1352 1668; x_wconf 86' lang='lat' dir='ltr'><strong>tres</strong></span> <span class='ocrx_word' id='word_1_125' title='bbox 1382 1609 1602 1669; x_wconf 87' lang='lat' dir='ltr'><strong>saltem</strong></span> <span class='ocrx_word' id='word_1_126' title='bbox 1633 1608 1859 1668; x_wconf 82' lang='lat' dir='ltr'><strong>formae</strong></span> <span class='ocrx_word' id='word_1_127' title='bbox 1902 1608 2024 1668; x_wconf 88' lang='lat' dir='ltr'><strong>sint</strong></span> <span class='ocrx_word' id='word_1_128' title='bbox 2054 1606 2305 1676; x_wconf 89' lang='lat' dir='ltr'><strong>basium,</strong></span> <span class='ocrx_word' id='word_1_129' title='bbox 2353 1605 2675 1682; x_wconf 83' lang='lat' dir='ltr'><strong>triangula,</strong></span> <span class='ocrx_word' id='word_1_130' title='bbox 2726 1600 3163 1682; x_wconf 78' lang='lat' dir='ltr'><strong>quadrangula,</strong></span> 
     </span>
     <span class='ocr_line' id='line_1_16' title="bbox 440 1688 3165 1776; baseline -0.002 -20"><span class='ocrx_word' id='word_1_131' title='bbox 440 1695 922 1776; x_wconf 84' lang='lat' dir='ltr'><strong>quinquangula:</strong></span> <span class='ocrx_word' id='word_1_132' title='bbox 987 1695 1044 1756; x_wconf 90' lang='lat' dir='ltr'><strong>in</strong></span> <span class='ocrx_word' id='word_1_133' title='bbox 1103 1695 1572 1774; x_wconf 75' lang='lat' dir='ltr'><strong>triangularibus</strong></span> <span class='ocrx_word' id='word_1_134' title='bbox 1629 1695 1866 1775; x_wconf 90' lang='lat' dir='ltr'><strong>quidem</strong></span> <span class='ocrx_word' id='word_1_135' title='bbox 1926 1697 2085 1756; x_wconf 90' lang='lat' dir='ltr'><strong>latus</strong></span> <span class='ocrx_word' id='word_1_136' title='bbox 2136 1691 2257 1755; x_wconf 88' lang='lat' dir='ltr'><strong>GH</strong></span> <span class='ocrx_word' id='word_1_137' title='bbox 2304 1695 2434 1774; x_wconf 86' lang='lat' dir='ltr'><strong>(fig.</strong></span> <span class='ocrx_word' id='word_1_138' title='bbox 2482 1693 2615 1766; x_wconf 91' lang='grc'>18.)</span> <span class='ocrx_word' id='word_1_139' title='bbox 2661 1698 2867 1772; x_wconf 85' lang='lat' dir='ltr'><strong>potest</strong></span> <span class='ocrx_word' id='word_1_140' title='bbox 2918 1688 3165 1768; x_wconf 89' lang='lat' dir='ltr'><strong>triplum</strong></span> 
     </span>
     <span class='ocr_line' id='line_1_17' title="bbox 437 1776 3163 1865; baseline -0.001 -20"><span class='ocrx_word' id='word_1_141' title='bbox 437 1782 696 1865; x_wconf 85' lang='lat' dir='ltr'><strong>quaesiti</strong></span> <span class='ocrx_word' id='word_1_142' title='bbox 743 1784 894 1846; x_wconf 88' lang='lat' dir='ltr'><strong>radii</strong></span> <span class='ocrx_word' id='word_1_143' title='bbox 943 1784 1064 1858; x_wconf 90' lang='lat' dir='ltr'><strong>HI,</strong></span> <span class='ocrx_word' id='word_1_144' title='bbox 1111 1803 1222 1864; x_wconf 86' lang='lat' dir='ltr'><strong>per</strong></span> <span class='ocrx_word' id='word_1_145' title='bbox 1273 1781 1370 1846; x_wconf 87' lang='grc'><strong>12.</strong></span> <span class='ocrx_word' id='word_1_146' title='bbox 1422 1803 1603 1864; x_wconf 85' lang='lat' dir='ltr'><strong>saepe</strong></span> <span class='ocrx_word' id='word_1_147' title='bbox 1653 1783 1935 1862; x_wconf 85' lang='lat' dir='ltr'><strong>allegati:</strong></span> <span class='ocrx_word' id='word_1_148' title='bbox 1994 1783 2053 1844; x_wconf 89' lang='lat' dir='ltr'><strong>in</strong></span> <span class='ocrx_word' id='word_1_149' title='bbox 2102 1782 2397 1860; x_wconf 88' lang='lat' dir='ltr'><strong>quadrato</strong></span> <span class='ocrx_word' id='word_1_150' title='bbox 2448 1783 2607 1854; x_wconf 78' lang='lat' dir='ltr'><strong>latus</strong></span> <span class='ocrx_word' id='word_1_151' title='bbox 2667 1786 2873 1860; x_wconf 89' lang='lat' dir='ltr'><strong>potest</strong></span> <span class='ocrx_word' id='word_1_152' title='bbox 2923 1776 3163 1857; x_wconf 86' lang='lat' dir='ltr'><strong>duplum</strong></span> 
     </span>
     <span class='ocr_line' id='line_1_18' title="bbox 437 1870 3013 1954; baseline -0.002 -20"><span class='ocrx_word' id='word_1_153' title='bbox 437 1871 697 1954; x_wconf 82' lang='lat' dir='ltr'><strong>quaesiti</strong></span> <span class='ocrx_word' id='word_1_154' title='bbox 743 1871 924 1934; x_wconf 87' lang='lat' dir='ltr'><strong>radii:</strong></span> <span class='ocrx_word' id='word_1_155' title='bbox 974 1872 1032 1934; x_wconf 89' lang='lat' dir='ltr'><strong>in</strong></span> <span class='ocrx_word' id='word_1_156' title='bbox 1081 1872 1522 1952; x_wconf 79' lang='lat' dir='ltr'><strong>quinquangulo</strong></span> <span class='ocrx_word' id='word_1_157' title='bbox 1553 1872 1804 1950; x_wconf 89' lang='lat' dir='ltr'><strong>denique</strong></span> <span class='ocrx_word' id='word_1_158' title='bbox 1838 1870 1957 1934; x_wconf 85' lang='lat' dir='ltr'><strong>GH</strong></span> <span class='ocrx_word' id='word_1_159' title='bbox 1996 1872 2207 1932; x_wconf 86' lang='lat' dir='ltr'><strong>lateris</strong></span> <span class='ocrx_word' id='word_1_160' title='bbox 2256 1879 2321 1934; x_wconf 91' lang='lat' dir='ltr'><strong>et</strong></span> <span class='ocrx_word' id='word_1_161' title='bbox 2348 1871 2468 1932; x_wconf 89' lang='lat' dir='ltr'><strong>KH</strong></span> <span class='ocrx_word' id='word_1_162' title='bbox 2512 1871 2661 1932; x_wconf 87' lang='lat' dir='ltr'><strong>sub-</strong></span> <span class='ocrx_word' id='word_1_163' title='bbox 2817 1890 2910 1941; x_wconf 61' lang='lat' dir='ltr'><strong>ne.</strong></span> <span class='ocrx_word' id='word_1_164' title='bbox 2940 1885 3013 1940; x_wconf 74' lang='lat'><strong>2⁰·</strong></span> 
     </span>
     <span class='ocr_line' id='line_1_19' title="bbox 435 1957 2973 2039; baseline -0.001 -17"><span class='ocrx_word' id='word_1_165' title='bbox 435 1961 742 2024; x_wconf 83' lang='lat' dir='ltr'><strong>tendent-is</strong></span> <span class='ocrx_word' id='word_1_166' title='bbox 790 1961 1102 2034; x_wconf 86' lang='lat' dir='ltr'><strong>(datarum</strong></span> <span class='ocrx_word' id='word_1_167' title='bbox 1149 1960 1466 2034; x_wconf 86' lang='lat' dir='ltr'><strong>linearum)</strong></span> <span class='ocrx_word' id='word_1_168' title='bbox 1505 1960 1755 2038; x_wconf 88' lang='lat' dir='ltr'><strong>junctae</strong></span> <span class='ocrx_word' id='word_1_169' title='bbox 1802 1961 2113 2038; x_wconf 87' lang='lat' dir='ltr'><strong>potentiae</strong></span> <span class='ocrx_word' id='word_1_170' title='bbox 2164 1968 2423 2038; x_wconf 87' lang='lat' dir='ltr'><strong>possunt</strong></span> <span class='ocrx_word' id='word_1_171' title='bbox 2468 1958 2646 2039; x_wconf 87' lang='lat' dir='ltr'><strong>quin-</strong></span> <span class='ocrx_word' id='word_1_172' title='bbox 2924 1957 2973 2002; x_wconf 68' lang='grc' dir='ltr'>Ι</span> 
     </span>
    </p>
   </div>
   <div class='ocr_carea' id='block_1_5' title="bbox 373 2012 3132 2395">
    <p class='ocr_par' dir='ltr' id='par_1_9' title="bbox 373 2012 3132 2395">
     <span class='ocr_line' id='line_1_20' title="bbox 437 2012 3132 2153; baseline -0.001 -43"><span class='ocrx_word' id='word_1_173' title='bbox 437 2049 668 2130; x_wconf 87' lang='lat' dir='ltr'><strong>tuplum</strong></span> <span class='ocrx_word' id='word_1_174' title='bbox 714 2049 868 2116; x_wconf 88' lang='lat' dir='ltr'><strong>radii</strong></span> <span class='ocrx_word' id='word_1_175' title='bbox 895 2049 986 2110; x_wconf 91' lang='lat' dir='ltr'><strong>HI</strong></span> <span class='ocrx_word' id='word_1_176' title='bbox 1035 2049 1311 2130; x_wconf 82' lang='lat' dir='ltr'><strong>quaesiti,</strong></span> <span class='ocrx_word' id='word_1_177' title='bbox 1361 2067 1468 2128; x_wconf 86' lang='lat' dir='ltr'><strong>per</strong></span> <span class='ocrx_word' id='word_1_178' title='bbox 1495 2044 1556 2110; x_wconf 91' lang='grc'><strong>4.</strong></span> <span class='ocrx_word' id='word_1_179' title='bbox 1609 2048 1827 2109; x_wconf 87' lang='lat' dir='ltr'><strong>decimi</strong></span> <span class='ocrx_word' id='word_1_180' title='bbox 1876 2049 2072 2127; x_wconf 86' lang='lat' dir='ltr'><strong>quarti</strong></span> <span class='ocrx_word' id='word_1_181' title='bbox 2104 2049 2429 2110; x_wconf 87' lang='lat' dir='ltr'><strong>secundum</strong></span> <span class='ocrx_word' id='word_1_182' title='bbox 2460 2012 2936 2134; x_wconf 43' lang='lat' dir='ltr'><strong>Cam-nal</strong></span> <span class='ocrx_word' id='word_1_183' title='bbox 2959 2014 3132 2153; x_wconf 46' lang='lat' dir='ltr'>X</span> 
     </span>
     <span class='ocr_line' id='line_1_21' title="bbox 437 2136 2650 2218; baseline -0.002 -18"><span class='ocrx_word' id='word_1_184' title='bbox 437 2157 674 2218; x_wconf 89' lang='lat' dir='ltr'><strong>panum.</strong></span> <span class='ocrx_word' id='word_1_185' title='bbox 778 2139 1086 2200; x_wconf 87' lang='lat' dir='ltr'><strong>Habemus</strong></span> <span class='ocrx_word' id='word_1_186' title='bbox 1161 2137 1362 2198; x_wconf 88' lang='lat' dir='ltr'><strong>radios</strong></span> <span class='ocrx_word' id='word_1_187' title='bbox 1428 2139 1778 2199; x_wconf 87' lang='lat' dir='ltr'><strong>circulorum</strong></span> <span class='ocrx_word' id='word_1_188' title='bbox 1856 2137 1913 2197; x_wconf 90' lang='lat' dir='ltr'><strong>in</strong></span> <span class='ocrx_word' id='word_1_189' title='bbox 1988 2136 2235 2197; x_wconf 89' lang='lat' dir='ltr'><strong>basibus</strong></span> <span class='ocrx_word' id='word_1_190' title='bbox 2310 2138 2367 2198; x_wconf 91' lang='lat' dir='ltr'><strong>in</strong></span> <span class='ocrx_word' id='word_1_191' title='bbox 2440 2137 2650 2198; x_wconf 87' lang='lat' dir='ltr'><strong>eadem</strong></span> 
     </span>
     <span class='ocr_line' id='line_1_22' title="bbox 373 2148 2787 2371; baseline -0.002 -83"><span class='ocrx_word' id='word_1_192' title='bbox 373 2235 380 2242; x_wconf 83' lang='lat'>‘</span> <span class='ocrx_word' id='word_1_193' title='bbox 436 2228 840 2306; x_wconf 84' lang='lat' dir='ltr'><strong>proportione,</strong></span> <span class='ocrx_word' id='word_1_194' title='bbox 889 2245 1008 2306; x_wconf 89' lang='lat' dir='ltr'><strong>qua</strong></span> <span class='ocrx_word' id='word_1_195' title='bbox 1055 2227 1267 2287; x_wconf 87' lang='lat' dir='ltr'><strong>latera.</strong></span> <span class='ocrx_word' id='word_1_196' title='bbox 2721 2148 2787 2371; x_wconf 42' lang='lat' dir='ltr'>x</span> 
     </span>
     <span class='ocr_line' id='line_1_23' title="bbox 616 2311 2649 2395; baseline -0.002 -18"><span class='ocrx_word' id='word_1_197' title='bbox 616 2314 961 2377; x_wconf 88' lang='lat' dir='ltr'><strong>Subtractis</strong></span> <span class='ocrx_word' id='word_1_198' title='bbox 1026 2314 1208 2394; x_wconf 88' lang='lat' dir='ltr'><strong>igitur</strong></span> <span class='ocrx_word' id='word_1_199' title='bbox 1270 2312 1558 2395; x_wconf 87' lang='lat' dir='ltr'><strong>potentiis</strong></span> <span class='ocrx_word' id='word_1_200' title='bbox 1623 2311 1925 2373; x_wconf 89' lang='lat' dir='ltr'><strong>radiorum</strong></span> <span class='ocrx_word' id='word_1_201' title='bbox 1998 2313 2071 2372; x_wconf 90' lang='lat' dir='ltr'><strong>de</strong></span> <span class='ocrx_word' id='word_1_202' title='bbox 2128 2313 2419 2391; x_wconf 85' lang='lat' dir='ltr'><strong>-potentia</strong></span> <span class='ocrx_word' id='word_1_203' title='bbox 2482 2313 2649 2372; x_wconf 90' lang='lat' dir='ltr'><strong>sinus</strong></span> 
     </span>
    </p>
   </div>
   <div class='ocr_carea' id='block_1_6' title="bbox 435 2386 3157 2923">
    <p class='ocr_par' dir='ltr' id='par_1_10' title="bbox 435 2386 3157 2742">
     <span class='ocr_line' id='line_1_24' title="bbox 437 2386 3032 2490; baseline -0.003 -24"><span class='ocrx_word' id='word_1_204' title='bbox 437 2404 643 2479; x_wconf 83' lang='lat' dir='ltr'><strong>totius,</strong></span> <span class='ocrx_word' id='word_1_205' title='bbox 707 2403 806 2484; x_wconf 89' lang='lat' dir='ltr'><strong>qui</strong></span> <span class='ocrx_word' id='word_1_206' title='bbox 873 2412 971 2464; x_wconf 89' lang='lat' dir='ltr'><strong>est</strong></span> <span class='ocrx_word' id='word_1_207' title='bbox 1025 2403 1336 2490; x_wconf 83' lang='lat' dir='ltr'><strong>quantitas</strong></span> <span class='ocrx_word' id='word_1_208' title='bbox 1394 2400 1826 2463; x_wconf 86' lang='lat' dir='ltr'><strong>semidiametri</strong></span> <span class='ocrx_word' id='word_1_209' title='bbox 1892 2400 2020 2461; x_wconf 87' lang='lat' dir='ltr'><strong>sive</strong></span> <span class='ocrx_word' id='word_1_210' title='bbox 2075 2399 2229 2461; x_wconf 88' lang='lat' dir='ltr'><strong>radii</strong></span> <span class='ocrx_word' id='word_1_211' title='bbox 2273 2400 2332 2460; x_wconf 89' lang='lat' dir='ltr'><strong>in</strong></span> <span class='ocrx_word' id='word_1_212' title='bbox 2390 2399 2647 2460; x_wconf 87' lang='lat' dir='ltr'><strong>circum·</strong></span> <span class='ocrx_word' id='word_1_213' title='bbox 2779 2386 3032 2432; x_wconf 44' lang='lat'><strong>³*</strong></span> 
     </span>
     <span class='ocr_line' id='line_1_25' title="bbox 437 2487 3157 2574; baseline -0.003 -20"><span class='ocrx_word' id='word_1_214' title='bbox 437 2491 694 2574; x_wconf 85' lang='lat' dir='ltr'><strong>scripto,</strong></span> <span class='ocrx_word' id='word_1_215' title='bbox 761 2491 1080 2553; x_wconf 89' lang='lat' dir='ltr'><strong>restabunt</strong></span> <span class='ocrx_word' id='word_1_216' title='bbox 1135 2500 1201 2552; x_wconf 90' lang='lat' dir='ltr'><strong>ut</strong></span> <span class='ocrx_word' id='word_1_217' title='bbox 1259 2509 1443 2570; x_wconf 90' lang='lat' dir='ltr'><strong>supra</strong></span> <span class='ocrx_word' id='word_1_218' title='bbox 1503 2489 1825 2569; x_wconf 89' lang='lat' dir='ltr'><strong>probatum</strong></span> <span class='ocrx_word' id='word_1_219' title='bbox 1887 2497 1984 2548; x_wconf 89' lang='lat' dir='ltr'><strong>est</strong></span> <span class='ocrx_word' id='word_1_220' title='bbox 2049 2489 2361 2568; x_wconf 90' lang='lat' dir='ltr'><strong>potentiae</strong></span> <span class='ocrx_word' id='word_1_221' title='bbox 2418 2487 2717 2550; x_wconf 89' lang='lat' dir='ltr'><strong>radiorum</strong></span> <span class='ocrx_word' id='word_1_222' title='bbox 2768 2505 2915 2567; x_wconf 90' lang='lat' dir='ltr'><strong>quos</strong></span> <span class='ocrx_word' id='word_1_223' title='bbox 2966 2504 3157 2566; x_wconf 89' lang='lat' dir='ltr'><strong>quae-</strong></span> 
     </span>
     <span class='ocr_line' id='line_1_26' title="bbox 435 2574 3155 2658; baseline -0.003 -15"><span class='ocrx_word' id='word_1_224' title='bbox 435 2580 650 2652; x_wconf 75' lang='lat' dir='ltr'><strong>rimus,</strong></span> <span class='ocrx_word' id='word_1_225' title='bbox 709 2581 1128 2658; x_wconf 82' lang='lat' dir='ltr'><strong>inscriptorum</strong></span> <span class='ocrx_word' id='word_1_226' title='bbox 1186 2579 1418 2642; x_wconf 89' lang='lat' dir='ltr'><strong>scilicet</strong></span> <span class='ocrx_word' id='word_1_227' title='bbox 1475 2577 1724 2640; x_wconf 88' lang='lat' dir='ltr'><strong>orbium.</strong></span> <span class='ocrx_word' id='word_1_228' title='bbox 1824 2575 2209 2639; x_wconf 88' lang='lat' dir='ltr'><strong>Commodius</strong></span> <span class='ocrx_word' id='word_1_229' title='bbox 2275 2585 2476 2638; x_wconf 88' lang='lat' dir='ltr'><strong>tamen</strong></span> <span class='ocrx_word' id='word_1_230' title='bbox 2535 2583 2598 2636; x_wconf 91' lang='lat' dir='ltr'><strong>et</strong></span> <span class='ocrx_word' id='word_1_231' title='bbox 2654 2575 2889 2636; x_wconf 85' lang='lat' dir='ltr'><strong>facilius</strong></span> <span class='ocrx_word' id='word_1_232' title='bbox 2946 2574 3155 2648; x_wconf 74' lang='lat' dir='ltr'><strong>uteri5‚</strong></span> 
     </span>
     <span class='ocr_line' id='line_1_27' title="bbox 437 2669 1014 2742; baseline -0.005 -12"><span class='ocrx_word' id='word_1_233' title='bbox 437 2678 504 2731; x_wconf 90' lang='lat' dir='ltr'><strong>ut</strong></span> <span class='ocrx_word' id='word_1_234' title='bbox 547 2669 699 2742; x_wconf 84' lang='lat' dir='ltr'><strong>dixi,</strong></span> <span class='ocrx_word' id='word_1_235' title='bbox 747 2669 1014 2730; x_wconf 76' lang='lat' dir='ltr'><strong>sinubuS.</strong></span> 
     </span>
    </p>

    <p class='ocr_par' dir='ltr' id='par_1_11' title="bbox 435 2751 3155 2923">
     <span class='ocr_line' id='line_1_28' title="bbox 613 2751 3155 2838; baseline -0.003 -19"><span class='ocrx_word' id='word_1_236' title='bbox 613 2757 735 2819; x_wconf 89' lang='lat' dir='ltr'><strong>Sed</strong></span> <span class='ocrx_word' id='word_1_237' title='bbox 784 2757 880 2819; x_wconf 86' lang='lat' dir='ltr'><strong>hic</strong></span> <span class='ocrx_word' id='word_1_238' title='bbox 929 2773 1118 2838; x_wconf 88' lang='lat' dir='ltr'><strong>neque</strong></span> <span class='ocrx_word' id='word_1_239' title='bbox 1167 2756 1290 2817; x_wconf 89' lang='lat' dir='ltr'><strong>alia</strong></span> <span class='ocrx_word' id='word_1_240' title='bbox 1336 2757 1626 2836; x_wconf 86' lang='lat' dir='ltr'><strong>quaedam</strong></span> <span class='ocrx_word' id='word_1_241' title='bbox 1677 2753 2115 2835; x_wconf 85' lang='lat' dir='ltr'><strong>praetereunda</strong></span> <span class='ocrx_word' id='word_1_242' title='bbox 2162 2751 2544 2833; x_wconf 88' lang='lat' dir='ltr'><strong>compendia,</strong></span> <span class='ocrx_word' id='word_1_243' title='bbox 2594 2773 2667 2818; x_wconf 82' lang='lat' dir='ltr'><strong>ne</strong></span> <span class='ocrx_word' id='word_1_244' title='bbox 2714 2751 2957 2814; x_wconf 90' lang='lat' dir='ltr'><strong>nimium</strong></span> <span class='ocrx_word' id='word_1_245' title='bbox 3004 2768 3155 2830; x_wconf 86' lang='lat' dir='ltr'><strong>ope-</strong></span> 
     </span>
     <span class='ocr_line' id='line_1_29' title="bbox 435 2840 3153 2923; baseline -0.003 -14"><span class='ocrx_word' id='word_1_246' title='bbox 435 2866 570 2909; x_wconf 89' lang='lat' dir='ltr'><strong>rose</strong></span> <span class='ocrx_word' id='word_1_247' title='bbox 619 2846 976 2909; x_wconf 84' lang='lat' dir='ltr'><strong>laboremus,</strong></span> <span class='ocrx_word' id='word_1_248' title='bbox 1073 2846 1333 2907; x_wconf 88' lang='lat' dir='ltr'><strong>Primum</strong></span> <span class='ocrx_word' id='word_1_249' title='bbox 1383 2846 1557 2906; x_wconf 86' lang='lat' dir='ltr'><strong>orbes</strong></span> <span class='ocrx_word' id='word_1_250' title='bbox 1605 2844 1880 2923; x_wconf 89' lang='lat' dir='ltr'><strong>inscripti</strong></span> <span class='ocrx_word' id='word_1_251' title='bbox 1930 2842 2305 2903; x_wconf 73' lang='lat' dir='ltr'><strong>dodecaedro</strong></span> <span class='ocrx_word' id='word_1_252' title='bbox 2356 2849 2419 2902; x_wconf 87' lang='lat' dir='ltr'><strong>et</strong></span> <span class='ocrx_word' id='word_1_253' title='bbox 2453 2843 2768 2904; x_wconf 70' lang='lat' dir='ltr'><strong>icosaedro</strong></span> <span class='ocrx_word' id='word_1_254' title='bbox 2810 2847 2951 2901; x_wconf 91' lang='lat' dir='ltr'><strong>sunt</strong></span> <span class='ocrx_word' id='word_1_255' title='bbox 2988 2840 3153 2919; x_wconf 89' lang='lat' dir='ltr'><strong>ejus-</strong></span> 
     </span>
    </p>
   </div>
   <div class='ocr_carea' id='block_1_7' title="bbox 355 2930 3267 3015">
    <p class='ocr_par' dir='ltr' id='par_1_12' title="bbox 355 2930 3267 3015">
     <span class='ocr_line' id='line_1_30' title="bbox 355 2930 3267 3015; baseline -0.002 -18"><span class='ocrx_word' id='word_1_256' title='bbox 355 2950 360 2955; x_wconf 80' lang='grc'><em>’</em></span> <span class='ocrx_word' id='word_1_257' title='bbox 432 2937 568 2997; x_wconf 88' lang='lat' dir='ltr'><strong>dem</strong></span> <span class='ocrx_word' id='word_1_258' title='bbox 627 2934 1069 3015; x_wconf 81' lang='lat' dir='ltr'><strong>amplitudinis,</strong></span> <span class='ocrx_word' id='word_1_259' title='bbox 1129 2934 1180 2994; x_wconf 90' lang='lat' dir='ltr'><strong>si</strong></span> <span class='ocrx_word' id='word_1_260' title='bbox 1235 2934 1460 3013; x_wconf 86' lang='lat' dir='ltr'><strong>figurae</strong></span> <span class='ocrx_word' id='word_1_261' title='bbox 1519 2933 1710 2995; x_wconf 90' lang='lat' dir='ltr'><strong>eidem</strong></span> <span class='ocrx_word' id='word_1_262' title='bbox 1756 2932 1885 2994; x_wconf 90' lang='lat' dir='ltr'><strong>orbi</strong></span> <span class='ocrx_word' id='word_1_263' title='bbox 1940 2930 2363 2993; x_wconf 86' lang='lat' dir='ltr'><strong>inscribantur.</strong></span> <span class='ocrx_word' id='word_1_264' title='bbox 2458 2931 2705 2993; x_wconf 89' lang='lat' dir='ltr'><strong>Habent</strong></span> <span class='ocrx_word' id='word_1_265' title='bbox 2751 2930 2909 2991; x_wconf 90' lang='lat' dir='ltr'><strong>enim</strong></span> <span class='ocrx_word' id='word_1_266' title='bbox 2970 2930 3153 2991; x_wconf 85' lang='lat' dir='ltr'><strong>bases</strong></span> <span class='ocrx_word' id='word_1_267' title='bbox 3258 3004 3267 3011; x_wconf 26' lang='grc' dir='ltr'>ι</span> 
     </span>
    </p>
   </div>
   <div class='ocr_carea' id='block_1_8' title="bbox 424 3017 3257 4873">
    <p class='ocr_par' dir='ltr' id='par_1_13' title="bbox 425 3017 3153 3812">
     <span class='ocr_line' id='line_1_31' title="bbox 429 3017 3152 3105; baseline -0.003 -20"><span class='ocrx_word' id='word_1_268' title='bbox 429 3025 736 3105; x_wconf 88' lang='lat' dir='ltr'><strong>utriusque</strong></span> <span class='ocrx_word' id='word_1_269' title='bbox 791 3024 1018 3103; x_wconf 84' lang='lat' dir='ltr'><strong>figurae</strong></span> <span class='ocrx_word' id='word_1_270' title='bbox 1075 3022 1326 3085; x_wconf 89' lang='lat' dir='ltr'><strong>eundem</strong></span> <span class='ocrx_word' id='word_1_271' title='bbox 1384 3023 1616 3085; x_wconf 90' lang='lat' dir='ltr'><strong>radium</strong></span> <span class='ocrx_word' id='word_1_272' title='bbox 1665 3020 1864 3094; x_wconf 87' lang='lat' dir='ltr'><strong>(Eucl.</strong></span> <span class='ocrx_word' id='word_1_273' title='bbox 1914 3019 2093 3090; x_wconf 89' lang='lat' dir='ltr'><strong>XIV,</strong></span> <span class='ocrx_word' id='word_1_274' title='bbox 2140 3017 2232 3093; x_wconf 87' lang='lat'><strong>2).</strong></span> <span class='ocrx_word' id='word_1_275' title='bbox 2326 3019 2495 3081; x_wconf 90' lang='lat' dir='ltr'><strong>Idem</strong></span> <span class='ocrx_word' id='word_1_276' title='bbox 2546 3020 2839 3101; x_wconf 90' lang='lat' dir='ltr'><strong>judicium</strong></span> <span class='ocrx_word' id='word_1_277' title='bbox 2898 3026 3029 3079; x_wconf 87' lang='lat' dir='ltr'><strong>esto</strong></span> <span class='ocrx_word' id='word_1_278' title='bbox 3078 3017 3152 3077; x_wconf 91' lang='lat' dir='ltr'><strong>de</strong></span> 
     </span>
     <span class='ocr_line' id='line_1_32' title="bbox 428 3106 3151 3189; baseline -0.003 -15"><span class='ocrx_word' id='word_1_279' title='bbox 428 3113 578 3175; x_wconf 91' lang='lat' dir='ltr'><strong>cubo</strong></span> <span class='ocrx_word' id='word_1_280' title='bbox 627 3122 691 3173; x_wconf 90' lang='lat' dir='ltr'><strong>et</strong></span> <span class='ocrx_word' id='word_1_281' title='bbox 735 3112 1044 3177; x_wconf 74' lang='lat' dir='ltr'><strong>octaedro.</strong></span> <span class='ocrx_word' id='word_1_282' title='bbox 1139 3111 1296 3171; x_wconf 90' lang='lat' dir='ltr'><strong>Nam</strong></span> <span class='ocrx_word' id='word_1_283' title='bbox 1345 3111 1477 3172; x_wconf 83' lang='lat' dir='ltr'><strong>axis</strong></span> <span class='ocrx_word' id='word_1_284' title='bbox 1522 3117 1729 3189; x_wconf 88' lang='lat' dir='ltr'><strong>potest</strong></span> <span class='ocrx_word' id='word_1_285' title='bbox 1773 3108 2019 3187; x_wconf 87' lang='lat' dir='ltr'><strong>triplum</strong></span> <span class='ocrx_word' id='word_1_286' title='bbox 2066 3108 2256 3169; x_wconf 85' lang='lat' dir='ltr'><strong>cubici</strong></span> <span class='ocrx_word' id='word_1_287' title='bbox 2312 3110 2563 3184; x_wconf 88' lang='lat' dir='ltr'><strong>lateris,</strong></span> <span class='ocrx_word' id='word_1_288' title='bbox 2628 3117 2690 3169; x_wconf 91' lang='lat' dir='ltr'><strong>et</strong></span> <span class='ocrx_word' id='word_1_289' title='bbox 2745 3108 2857 3169; x_wconf 88' lang='lat' dir='ltr'><strong>hoc</strong></span> <span class='ocrx_word' id='word_1_290' title='bbox 2905 3106 3151 3184; x_wconf 89' lang='lat' dir='ltr'><strong>duplum</strong></span> 
     </span>
     <span class='ocr_line' id='line_1_33' title="bbox 428 3192 3147 3281; baseline -0.003 -19"><span class='ocrx_word' id='word_1_291' title='bbox 428 3201 584 3262; x_wconf 91' lang='lat' dir='ltr'><strong>radii</strong></span> <span class='ocrx_word' id='word_1_292' title='bbox 628 3201 690 3261; x_wconf 90' lang='lat' dir='ltr'><strong>in</strong></span> <span class='ocrx_word' id='word_1_293' title='bbox 738 3201 900 3274; x_wconf 88' lang='lat' dir='ltr'><strong>basi,</strong></span> <span class='ocrx_word' id='word_1_294' title='bbox 960 3218 1105 3279; x_wconf 87' lang='lat' dir='ltr'><strong>ergo</strong></span> <span class='ocrx_word' id='word_1_295' title='bbox 1152 3200 1284 3259; x_wconf 80' lang='lat' dir='ltr'><strong>axis</strong></span> <span class='ocrx_word' id='word_1_296' title='bbox 1334 3207 1540 3277; x_wconf 87' lang='lat' dir='ltr'><strong>potest</strong></span> <span class='ocrx_word' id='word_1_297' title='bbox 1583 3198 1923 3278; x_wconf 85' lang='lat' dir='ltr'><strong>sextuplum</strong></span> <span class='ocrx_word' id='word_1_298' title='bbox 1972 3197 2125 3258; x_wconf 88' lang='lat' dir='ltr'><strong>radii</strong></span> <span class='ocrx_word' id='word_1_299' title='bbox 2184 3198 2253 3281; x_wconf 65' lang='lat'><strong>³¹²,</strong></span> <span class='ocrx_word' id='word_1_300' title='bbox 2290 3197 2454 3258; x_wconf 88' lang='lat' dir='ltr'><strong>basi:</strong></span> <span class='ocrx_word' id='word_1_301' title='bbox 2514 3197 2573 3257; x_wconf 90' lang='lat' dir='ltr'><strong>in</strong></span> <span class='ocrx_word' id='word_1_302' title='bbox 2620 3196 2911 3258; x_wconf 69' lang='lat' dir='ltr'><strong>octaedro</strong></span> <span class='ocrx_word' id='word_1_303' title='bbox 2959 3192 3147 3255; x_wconf 90' lang='lat' dir='ltr'><strong>vicis-</strong></span> 
     </span>
     <span class='ocr_line' id='line_1_34' title="bbox 429 3284 3151 3369; baseline -0.003 -18"><span class='ocrx_word' id='word_1_304' title='bbox 429 3288 544 3351; x_wconf 89' lang='lat' dir='ltr'><strong>sim</strong></span> <span class='ocrx_word' id='word_1_305' title='bbox 589 3289 723 3350; x_wconf 82' lang='lat' dir='ltr'><strong>axis</strong></span> <span class='ocrx_word' id='word_1_306' title='bbox 770 3295 978 3369; x_wconf 87' lang='lat' dir='ltr'><strong>potest</strong></span> <span class='ocrx_word' id='word_1_307' title='bbox 1021 3288 1266 3367; x_wconf 89' lang='lat' dir='ltr'><strong>duplum</strong></span> <span class='ocrx_word' id='word_1_308' title='bbox 1315 3287 1550 3360; x_wconf 74' lang='lat' dir='ltr'><strong>lateriS‚</strong></span> <span class='ocrx_word' id='word_1_309' title='bbox 1613 3295 1678 3349; x_wconf 89' lang='lat' dir='ltr'><strong>et</strong></span> <span class='ocrx_word' id='word_1_310' title='bbox 1720 3287 1837 3347; x_wconf 90' lang='lat' dir='ltr'><strong>hoc</strong></span> <span class='ocrx_word' id='word_1_311' title='bbox 1880 3285 2123 3363; x_wconf 88' lang='lat' dir='ltr'><strong>triplum</strong></span> <span class='ocrx_word' id='word_1_312' title='bbox 2174 3284 2329 3346; x_wconf 88' lang='lat' dir='ltr'><strong>radii</strong></span> <span class='ocrx_word' id='word_1_313' title='bbox 2383 3284 2437 3345; x_wconf 88' lang='lat' dir='ltr'><strong>in</strong></span> <span class='ocrx_word' id='word_1_314' title='bbox 2494 3285 2652 3347; x_wconf 88' lang='lat' dir='ltr'><strong>basi.</strong></span> <span class='ocrx_word' id='word_1_315' title='bbox 2744 3284 2959 3345; x_wconf 89' lang='lat' dir='ltr'><strong>Potest</strong></span> <span class='ocrx_word' id='word_1_316' title='bbox 3008 3299 3151 3361; x_wconf 81' lang='lat' dir='ltr'><strong>ergo</strong></span> 
     </span>
     <span class='ocr_line' id='line_1_35' title="bbox 428 3368 3153 3455; baseline -0.003 -18"><span class='ocrx_word' id='word_1_317' title='bbox 428 3378 612 3439; x_wconf 82' lang='lat' dir='ltr'><strong>etiam</strong></span> <span class='ocrx_word' id='word_1_318' title='bbox 674 3377 772 3439; x_wconf 88' lang='lat' dir='ltr'><strong>hic</strong></span> <span class='ocrx_word' id='word_1_319' title='bbox 830 3377 964 3437; x_wconf 86' lang='lat' dir='ltr'><strong>axis</strong></span> <span class='ocrx_word' id='word_1_320' title='bbox 1022 3376 1360 3455; x_wconf 85' lang='lat' dir='ltr'><strong>sextuplum</strong></span> <span class='ocrx_word' id='word_1_321' title='bbox 1408 3376 1582 3437; x_wconf 87' lang='lat' dir='ltr'><strong>radii.</strong></span> <span class='ocrx_word' id='word_1_322' title='bbox 1677 3372 1831 3436; x_wconf 86' lang='lat' dir='ltr'><strong>Cum</strong></span> <span class='ocrx_word' id='word_1_323' title='bbox 1877 3392 2021 3451; x_wconf 87' lang='lat' dir='ltr'><strong>ergo</strong></span> <span class='ocrx_word' id='word_1_324' title='bbox 2085 3373 2168 3433; x_wconf 89' lang='lat' dir='ltr'><strong>sit</strong></span> <span class='ocrx_word' id='word_1_325' title='bbox 2216 3392 2291 3433; x_wconf 84' lang='lat' dir='ltr'><strong>ex</strong></span> <span class='ocrx_word' id='word_1_326' title='bbox 2352 3372 2677 3454; x_wconf 87' lang='lat' dir='ltr'><strong>hypothesi</strong></span> <span class='ocrx_word' id='word_1_327' title='bbox 2731 3372 2888 3433; x_wconf 89' lang='lat' dir='ltr'><strong>idem</strong></span> <span class='ocrx_word' id='word_1_328' title='bbox 2944 3368 3153 3431; x_wconf 87' lang='lat' dir='ltr'><strong>radius</strong></span> 
     </span>
     <span class='ocr_line' id='line_1_36' title="bbox 429 3458 3148 3544; baseline -0.003 -16"><span class='ocrx_word' id='word_1_329' title='bbox 429 3466 1009 3544; x_wconf 86' lang='lat' dir='ltr'><strong>circumscriptorum</strong></span> <span class='ocrx_word' id='word_1_330' title='bbox 1069 3466 1198 3526; x_wconf 88' lang='lat' dir='ltr'><strong>sive</strong></span> <span class='ocrx_word' id='word_1_331' title='bbox 1254 3462 1370 3525; x_wconf 93' lang='grc' dir='ltr'><strong>ΗΟ</strong></span> <span class='ocrx_word' id='word_1_332' title='bbox 1420 3464 1551 3543; x_wconf 85' lang='lat' dir='ltr'><strong>(fig.</strong></span> <span class='ocrx_word' id='word_1_333' title='bbox 1607 3460 1716 3535; x_wconf 89' lang='lat'><strong>18)</strong></span> <span class='ocrx_word' id='word_1_334' title='bbox 1765 3462 1963 3540; x_wconf 87' lang='lat' dir='ltr'><strong>sitque</strong></span> <span class='ocrx_word' id='word_1_335' title='bbox 2026 3461 2184 3522; x_wconf 90' lang='lat' dir='ltr'><strong>idem</strong></span> <span class='ocrx_word' id='word_1_336' title='bbox 2240 3461 2425 3522; x_wconf 89' lang='lat' dir='ltr'><strong>etiam</strong></span> <span class='ocrx_word' id='word_1_337' title='bbox 2482 3462 2685 3522; x_wconf 89' lang='lat' dir='ltr'><strong>radius</strong></span> <span class='ocrx_word' id='word_1_338' title='bbox 2746 3460 2983 3521; x_wconf 89' lang='lat' dir='ltr'><strong>basium</strong></span> <span class='ocrx_word' id='word_1_339' title='bbox 3038 3458 3148 3533; x_wconf 82' lang='lat' dir='ltr'><strong>HI,</strong></span> 
     </span>
     <span class='ocr_line' id='line_1_37' title="bbox 430 3547 3151 3633; baseline -0.003 -17"><span class='ocrx_word' id='word_1_340' title='bbox 430 3564 492 3616; x_wconf 88' lang='lat' dir='ltr'><strong>et</strong></span> <span class='ocrx_word' id='word_1_341' title='bbox 528 3552 677 3616; x_wconf 86' lang='lat' dir='ltr'><strong>HIO</strong></span> <span class='ocrx_word' id='word_1_342' title='bbox 726 3572 962 3633; x_wconf 85' lang='lat' dir='ltr'><strong>semper</strong></span> <span class='ocrx_word' id='word_1_343' title='bbox 1005 3562 1238 3615; x_wconf 87' lang='lat' dir='ltr'><strong>rectus:</strong></span> <span class='ocrx_word' id='word_1_344' title='bbox 1289 3571 1432 3631; x_wconf 84' lang='lat' dir='ltr'><strong>ergo</strong></span> <span class='ocrx_word' id='word_1_345' title='bbox 1481 3552 1666 3613; x_wconf 87' lang='lat' dir='ltr'><strong>etiam</strong></span> <span class='ocrx_word' id='word_1_346' title='bbox 1712 3551 1918 3612; x_wconf 88' lang='lat' dir='ltr'><strong>radius</strong></span> <span class='ocrx_word' id='word_1_347' title='bbox 1964 3550 2401 3628; x_wconf 85' lang='lat' dir='ltr'><strong>inscriptorum,</strong></span> <span class='ocrx_word' id='word_1_348' title='bbox 2455 3550 2699 3610; x_wconf 87' lang='lat' dir='ltr'><strong>tertium</strong></span> <span class='ocrx_word' id='word_1_349' title='bbox 2737 3566 2949 3626; x_wconf 84' lang='lat' dir='ltr'><strong>nempe</strong></span> <span class='ocrx_word' id='word_1_350' title='bbox 2990 3547 3151 3607; x_wconf 90' lang='lat' dir='ltr'><strong>latus</strong></span> 
     </span>
     <span class='ocr_line' id='line_1_38' title="bbox 428 3633 3148 3717; baseline -0.004 -11"><span class='ocrx_word' id='word_1_351' title='bbox 428 3640 548 3717; x_wconf 89' lang='lat'><strong>01,</strong></span> <span class='ocrx_word' id='word_1_352' title='bbox 599 3644 759 3704; x_wconf 87' lang='lat' dir='ltr'><strong>idem</strong></span> <span class='ocrx_word' id='word_1_353' title='bbox 806 3642 922 3703; x_wconf 88' lang='lat' dir='ltr'><strong>erit</strong></span> <span class='ocrx_word' id='word_1_354' title='bbox 970 3640 1170 3715; x_wconf 82' lang='lat' dir='ltr'><strong>(Euel.</strong></span> <span class='ocrx_word' id='word_1_355' title='bbox 1211 3642 1261 3716; x_wconf 95' lang='lat' dir='ltr'><strong>I,</strong></span> <span class='ocrx_word' id='word_1_356' title='bbox 1311 3638 1396 3703; x_wconf 87' lang='lat'><strong>26</strong></span> <span class='ocrx_word' id='word_1_357' title='bbox 1445 3643 1670 3713; x_wconf 82' lang='lat' dir='ltr'><strong>conv.).</strong></span> <span class='ocrx_word' id='word_1_358' title='bbox 1768 3636 1975 3709; x_wconf 84' lang='lat' dir='ltr'><strong>Quare</strong></span> <span class='ocrx_word' id='word_1_359' title='bbox 2021 3637 2245 3699; x_wconf 89' lang='lat' dir='ltr'><strong>habitis</strong></span> <span class='ocrx_word' id='word_1_360' title='bbox 2286 3637 2419 3698; x_wconf 90' lang='lat' dir='ltr'><strong>cubi</strong></span> <span class='ocrx_word' id='word_1_361' title='bbox 2470 3645 2533 3698; x_wconf 92' lang='lat' dir='ltr'><strong>et</strong></span> <span class='ocrx_word' id='word_1_362' title='bbox 2573 3635 2877 3707; x_wconf 74' lang='lat' dir='ltr'><strong>icosaedri</strong></span> <span class='ocrx_word' id='word_1_363' title='bbox 2927 3633 3148 3695; x_wconf 89' lang='lat' dir='ltr'><strong>inscri-</strong></span> 
     </span>
     <span class='ocr_line' id='line_1_39' title="bbox 425 3726 2329 3812; baseline -0.003 -19"><span class='ocrx_word' id='word_1_364' title='bbox 425 3732 571 3812; x_wconf 88' lang='lat' dir='ltr'><strong>ptis,</strong></span> <span class='ocrx_word' id='word_1_365' title='bbox 620 3732 696 3791; x_wconf 89' lang='lat' dir='ltr'><strong>de</strong></span> <span class='ocrx_word' id='word_1_366' title='bbox 745 3731 1032 3792; x_wconf 73' lang='lat' dir='ltr'><strong>octaedro</strong></span> <span class='ocrx_word' id='word_1_367' title='bbox 1081 3738 1146 3791; x_wconf 89' lang='lat' dir='ltr'><strong>et</strong></span> <span class='ocrx_word' id='word_1_368' title='bbox 1193 3729 1570 3791; x_wconf 75' lang='lat' dir='ltr'><strong>dodecaedro</strong></span> <span class='ocrx_word' id='word_1_369' title='bbox 1619 3727 1767 3790; x_wconf 89' lang='lat' dir='ltr'><strong>nibil</strong></span> <span class='ocrx_word' id='word_1_370' title='bbox 1815 3745 1965 3806; x_wconf 91' lang='lat' dir='ltr'><strong>opus</strong></span> <span class='ocrx_word' id='word_1_371' title='bbox 2010 3726 2329 3805; x_wconf 89' lang='lat' dir='ltr'><strong>inquirere.</strong></span> 
     </span>
    </p>

    <p class='ocr_par' dir='ltr' id='par_1_14' title="bbox 426 3809 3143 4077">
     <span class='ocr_line' id='line_1_40' title="bbox 605 3809 3143 3897; baseline -0.003 -16"><span class='ocrx_word' id='word_1_372' title='bbox 605 3818 838 3881; x_wconf 88' lang='lat' dir='ltr'><strong>Deinde</strong></span> <span class='ocrx_word' id='word_1_373' title='bbox 896 3820 956 3881; x_wconf 89' lang='lat' dir='ltr'><strong>in</strong></span> <span class='ocrx_word' id='word_1_374' title='bbox 1005 3818 1156 3881; x_wconf 90' lang='lat' dir='ltr'><strong>cubo</strong></span> <span class='ocrx_word' id='word_1_375' title='bbox 1213 3838 1346 3879; x_wconf 88' lang='lat' dir='ltr'><strong>cum</strong></span> <span class='ocrx_word' id='word_1_376' title='bbox 1405 3819 1599 3897; x_wconf 88' lang='lat' dir='ltr'><strong>ipsum</strong></span> <span class='ocrx_word' id='word_1_377' title='bbox 1649 3818 1808 3879; x_wconf 89' lang='lat' dir='ltr'><strong>latus</strong></span> <span class='ocrx_word' id='word_1_378' title='bbox 1858 3815 1942 3877; x_wconf 90' lang='lat' dir='ltr'><strong>sit</strong></span> <span class='ocrx_word' id='word_1_379' title='bbox 1986 3814 2243 3876; x_wconf 85' lang='lat' dir='ltr'><strong>altitudo</strong></span> <span class='ocrx_word' id='word_1_380' title='bbox 2297 3812 2555 3894; x_wconf 84' lang='lat' dir='ltr'><strong>figurae,</strong></span> <span class='ocrx_word' id='word_1_381' title='bbox 2624 3809 2933 3873; x_wconf 88' lang='lat' dir='ltr'><strong>dimidium</strong></span> <span class='ocrx_word' id='word_1_382' title='bbox 2979 3810 3143 3873; x_wconf 76' lang='lat' dir='ltr'><strong>latus</strong></span> 
     </span>
     <span class='ocr_line' id='line_1_41' title="bbox 427 3897 3143 3986; baseline -0.004 -17"><span class='ocrx_word' id='word_1_383' title='bbox 427 3908 674 3969; x_wconf 86' lang='lat' dir='ltr'><strong>dimidia</strong></span> <span class='ocrx_word' id='word_1_384' title='bbox 719 3908 836 3969; x_wconf 82' lang='lat' dir='ltr'><strong>erit</strong></span> <span class='ocrx_word' id='word_1_385' title='bbox 882 3906 1166 3980; x_wconf 83' lang='lat' dir='ltr'><strong>altitud0,</strong></span> <span class='ocrx_word' id='word_1_386' title='bbox 1237 3924 1448 3986; x_wconf 89' lang='lat' dir='ltr'><strong>nempe</strong></span> <span class='ocrx_word' id='word_1_387' title='bbox 1494 3907 1654 3969; x_wconf 87' lang='lat' dir='ltr'><strong>linea</strong></span> <span class='ocrx_word' id='word_1_388' title='bbox 1700 3912 2063 3967; x_wconf 87' lang='lat' dir='ltr'><strong>connectens</strong></span> <span class='ocrx_word' id='word_1_389' title='bbox 2110 3910 2321 3963; x_wconf 88' lang='lat' dir='ltr'><strong>centra</strong></span> <span class='ocrx_word' id='word_1_390' title='bbox 2378 3902 2604 3980; x_wconf 85' lang='lat' dir='ltr'><strong>figurae</strong></span> <span class='ocrx_word' id='word_1_391' title='bbox 2652 3908 2717 3961; x_wconf 88' lang='lat' dir='ltr'><strong>et</strong></span> <span class='ocrx_word' id='word_1_392' title='bbox 2763 3899 2945 3962; x_wconf 86' lang='lat' dir='ltr'><strong>basis.</strong></span> <span class='ocrx_word' id='word_1_393' title='bbox 3038 3897 3143 3959; x_wconf 86' lang='lat' dir='ltr'><strong>Nil</strong></span> 
     </span>
     <span class='ocr_line' id='line_1_42' title="bbox 426 3992 2953 4077; baseline -0.002 -20"><span class='ocrx_word' id='word_1_394' title='bbox 426 3996 611 4076; x_wconf 84' lang='lat' dir='ltr'><strong>igitur</strong></span> <span class='ocrx_word' id='word_1_395' title='bbox 657 4014 808 4075; x_wconf 88' lang='lat' dir='ltr'><strong>opus</strong></span> <span class='ocrx_word' id='word_1_396' title='bbox 853 3995 1240 4077; x_wconf 87' lang='lat' dir='ltr'><strong>inquisitione</strong></span> <span class='ocrx_word' id='word_1_397' title='bbox 1289 3994 1441 4057; x_wconf 88' lang='lat' dir='ltr'><strong>radii</strong></span> <span class='ocrx_word' id='word_1_398' title='bbox 1493 3994 1550 4055; x_wconf 91' lang='lat' dir='ltr'><strong>in</strong></span> <span class='ocrx_word' id='word_1_399' title='bbox 1601 3992 1752 4055; x_wconf 85' lang='lat' dir='ltr'><strong>basi.</strong></span> <span class='ocrx_word' id='word_1_400' title='bbox 2935 4012 2953 4017; x_wconf 64' lang='grc'><strong>’-</strong></span> 
     </span>
    </p>

    <p class='ocr_par' dir='ltr' id='par_1_15' title="bbox 424 4074 3257 4873">
     <span class='ocr_line' id='line_1_43' title="bbox 601 4074 3143 4164; baseline -0.005 -19"><span class='ocrx_word' id='word_1_401' title='bbox 601 4084 807 4146; x_wconf 86' lang='lat' dir='ltr'><strong>Tertio</strong></span> <span class='ocrx_word' id='word_1_402' title='bbox 855 4084 1126 4146; x_wconf 71' lang='lat' dir='ltr'><strong>octaedri</strong></span> <span class='ocrx_word' id='word_1_403' title='bbox 1173 4092 1237 4144; x_wconf 88' lang='lat' dir='ltr'><strong>et</strong></span> <span class='ocrx_word' id='word_1_404' title='bbox 1281 4082 1614 4164; x_wconf 89' lang='lat' dir='ltr'><strong>pyramidis</strong></span> <span class='ocrx_word' id='word_1_405' title='bbox 1663 4081 2001 4161; x_wconf 89' lang='lat' dir='ltr'><strong>aequalium</strong></span> <span class='ocrx_word' id='word_1_406' title='bbox 2058 4080 2309 4141; x_wconf 84' lang='lat' dir='ltr'><strong>laterum</strong></span> <span class='ocrx_word' id='word_1_407' title='bbox 2375 4086 2473 4139; x_wconf 90' lang='lat' dir='ltr'><strong>est</strong></span> <span class='ocrx_word' id='word_1_408' title='bbox 2520 4077 2731 4137; x_wconf 88' lang='lat' dir='ltr'><strong>eadem</strong></span> <span class='ocrx_word' id='word_1_409' title='bbox 2782 4074 3063 4137; x_wconf 87' lang='lat' dir='ltr'><strong>altitudo.</strong></span> <span class='ocrx_word' id='word_1_410' title='bbox 3088 4077 3143 4148; x_wconf 81' lang='lat'><strong>⁸)</strong></span> 
     </span>
     <span class='ocr_line' id='line_1_44' title="bbox 428 4162 3147 4253; baseline -0.004 -20"><span class='ocrx_word' id='word_1_411' title='bbox 428 4170 672 4243; x_wconf 84' lang='lat' dir='ltr'><strong>Quanto</strong></span> <span class='ocrx_word' id='word_1_412' title='bbox 721 4173 916 4251; x_wconf 88' lang='lat' dir='ltr'><strong>majus</strong></span> <span class='ocrx_word' id='word_1_413' title='bbox 963 4173 1150 4252; x_wconf 83' lang='lat' dir='ltr'><strong>igitur</strong></span> <span class='ocrx_word' id='word_1_414' title='bbox 1195 4172 1355 4232; x_wconf 81' lang='lat' dir='ltr'><strong>latus</strong></span> <span class='ocrx_word' id='word_1_415' title='bbox 1403 4170 1763 4253; x_wconf 85' lang='lat' dir='ltr'><strong>pyramidis,</strong></span> <span class='ocrx_word' id='word_1_416' title='bbox 1815 4176 1985 4230; x_wconf 85' lang='lat' dir='ltr'><strong>tanto</strong></span> <span class='ocrx_word' id='word_1_417' title='bbox 2036 4167 2215 4229; x_wconf 89' lang='lat' dir='ltr'><strong>altior</strong></span> <span class='ocrx_word' id='word_1_418' title='bbox 2275 4166 2456 4229; x_wconf 89' lang='lat' dir='ltr'><strong>etiam</strong></span> <span class='ocrx_word' id='word_1_419' title='bbox 2505 4164 2639 4244; x_wconf 89' lang='lat' dir='ltr'><strong>ipsa</strong></span> <span class='ocrx_word' id='word_1_420' title='bbox 2684 4166 2896 4243; x_wconf 84' lang='lat' dir='ltr'><strong>figura.</strong></span> <span class='ocrx_word' id='word_1_421' title='bbox 2988 4162 3147 4223; x_wconf 89' lang='lat' dir='ltr'><strong>Item</strong></span> 
     </span>
     <span class='ocr_line' id='line_1_45' title="bbox 427 4251 3144 4343; baseline -0.004 -20"><span class='ocrx_word' id='word_1_422' title='bbox 427 4262 752 4324; x_wconf 70' lang='lat' dir='ltr'><strong>octaedron</strong></span> <span class='ocrx_word' id='word_1_423' title='bbox 802 4270 865 4323; x_wconf 90' lang='lat' dir='ltr'><strong>et</strong></span> <span class='ocrx_word' id='word_1_424' title='bbox 907 4262 1172 4343; x_wconf 85' lang='lat' dir='ltr'><strong>pyramis</strong></span> <span class='ocrx_word' id='word_1_425' title='bbox 1213 4260 1393 4339; x_wconf 88' lang='lat' dir='ltr'><strong>duplo</strong></span> <span class='ocrx_word' id='word_1_426' title='bbox 1440 4260 1732 4339; x_wconf 84' lang='lat' dir='ltr'><strong>majorum</strong></span> <span class='ocrx_word' id='word_1_427' title='bbox 1789 4259 2044 4319; x_wconf 89' lang='lat' dir='ltr'><strong>laterum</strong></span> <span class='ocrx_word' id='word_1_428' title='bbox 2098 4255 2324 4317; x_wconf 88' lang='lat' dir='ltr'><strong>habent</strong></span> <span class='ocrx_word' id='word_1_429' title='bbox 2370 4253 2877 4320; x_wconf 85' lang='lat' dir='ltr'><strong>eundem.orbem</strong></span> <span class='ocrx_word' id='word_1_430' title='bbox 2923 4251 3144 4323; x_wconf 85' lang='lat' dir='ltr'><strong>inscri-</strong></span> 
     </span>
     <span class='ocr_line' id='line_1_46' title="bbox 425 4342 3257 4432; baseline -0.004 -22"><span class='ocrx_word' id='word_1_431' title='bbox 425 4358 614 4429; x_wconf 88' lang='lat' dir='ltr'><strong>ptum.</strong></span> <span class='ocrx_word' id='word_1_432' title='bbox 708 4350 865 4412; x_wconf 89' lang='lat' dir='ltr'><strong>Nam</strong></span> <span class='ocrx_word' id='word_1_433' title='bbox 912 4350 1176 4432; x_wconf 87' lang='lat' dir='ltr'><strong>pyramis</strong></span> <span class='ocrx_word' id='word_1_434' title='bbox 1226 4350 1276 4409; x_wconf 90' lang='lat' dir='ltr'><strong>si</strong></span> <span class='ocrx_word' id='word_1_435' title='bbox 1325 4357 1564 4410; x_wconf 88' lang='lat' dir='ltr'><strong>secetur</strong></span> <span class='ocrx_word' id='word_1_436' title='bbox 1610 4348 1823 4408; x_wconf 86' lang='lat' dir='ltr'><strong>mediis</strong></span> <span class='ocrx_word' id='word_1_437' title='bbox 1864 4345 2182 4415; x_wconf 76' lang='lat' dir='ltr'><strong>lateribuS,</strong></span> <span class='ocrx_word' id='word_1_438' title='bbox 2236 4342 2499 4405; x_wconf 89' lang='lat' dir='ltr'><strong>concidit</strong></span> <span class='ocrx_word' id='word_1_439' title='bbox 2544 4342 2603 4404; x_wconf 91' lang='lat' dir='ltr'><strong>in</strong></span> <span class='ocrx_word' id='word_1_440' title='bbox 2652 4348 2909 4422; x_wconf 88' lang='lat' dir='ltr'><strong>quatuor</strong></span> <span class='ocrx_word' id='word_1_441' title='bbox 2952 4358 3145 4420; x_wconf 86' lang='lat' dir='ltr'><strong>pyra·</strong></span> <span class='ocrx_word' id='word_1_442' title='bbox 3246 4419 3257 4429; x_wconf 39' lang='lat'><strong>·</strong></span> 
     </span>
     <span class='ocr_line' id='line_1_47' title="bbox 425 4427 3227 4516; baseline -0.002 -16"><span class='ocrx_word' id='word_1_443' title='bbox 425 4439 620 4500; x_wconf 87' lang='lat' dir='ltr'><strong>midas</strong></span> <span class='ocrx_word' id='word_1_444' title='bbox 685 4444 748 4499; x_wconf 89' lang='lat' dir='ltr'><strong>et</strong></span> <span class='ocrx_word' id='word_1_445' title='bbox 809 4439 1133 4500; x_wconf 68' lang='lat' dir='ltr'><strong>octaedron</strong></span> <span class='ocrx_word' id='word_1_446' title='bbox 1197 4456 1372 4499; x_wconf 90' lang='lat' dir='ltr'><strong>unum</strong></span> <span class='ocrx_word' id='word_1_447' title='bbox 1439 4437 1618 4516; x_wconf 90' lang='lat' dir='ltr'><strong>duplo</strong></span> <span class='ocrx_word' id='word_1_448' title='bbox 1675 4436 1965 4497; x_wconf 84' lang='lat' dir='ltr'><strong>minorum</strong></span> <span class='ocrx_word' id='word_1_449' title='bbox 2017 4435 2295 4496; x_wconf 89' lang='lat' dir='ltr'><strong>laterum.</strong></span> <span class='ocrx_word' id='word_1_450' title='bbox 2392 4430 2663 4511; x_wconf 86' lang='lat' dir='ltr'><strong>Cumque</strong></span> <span class='ocrx_word' id='word_1_451' title='bbox 2710 4427 2977 4511; x_wconf 87' lang='lat' dir='ltr'><strong>pyramis</strong></span> <span class='ocrx_word' id='word_1_452' title='bbox 3026 4428 3142 4493; x_wconf 88' lang='lat' dir='ltr'><strong>ha.-</strong></span> <span class='ocrx_word' id='word_1_453' title='bbox 3219 4460 3227 4469; x_wconf 92' lang='lat'><strong>·</strong></span> 
     </span>
     <span class='ocr_line' id='line_1_48' title="bbox 424 4518 3143 4607; baseline -0.004 -20"><span class='ocrx_word' id='word_1_454' title='bbox 424 4527 570 4588; x_wconf 83' lang='lat' dir='ltr'><strong>beat</strong></span> <span class='ocrx_word' id='word_1_455' title='bbox 625 4532 880 4607; x_wconf 88' lang='lat' dir='ltr'><strong>quatuor</strong></span> <span class='ocrx_word' id='word_1_456' title='bbox 945 4526 1172 4598; x_wconf 89' lang='lat' dir='ltr'><strong>facies,</strong></span> <span class='ocrx_word' id='word_1_457' title='bbox 1241 4526 1386 4587; x_wconf 88' lang='lat' dir='ltr'><strong>nulli</strong></span> <span class='ocrx_word' id='word_1_458' title='bbox 1443 4544 1646 4587; x_wconf 86' lang='lat' dir='ltr'><strong>earum</strong></span> <span class='ocrx_word' id='word_1_459' title='bbox 1703 4532 1945 4585; x_wconf 86' lang='lat' dir='ltr'><strong>resecta</strong></span> <span class='ocrx_word' id='word_1_460' title='bbox 2000 4523 2263 4603; x_wconf 86' lang='lat' dir='ltr'><strong>pyramis</strong></span> <span class='ocrx_word' id='word_1_461' title='bbox 2322 4521 2515 4582; x_wconf 88' lang='lat' dir='ltr'><strong>minor</strong></span> <span class='ocrx_word' id='word_1_462' title='bbox 2578 4518 2793 4580; x_wconf 87' lang='lat' dir='ltr'><strong>adimit</strong></span> <span class='ocrx_word' id='word_1_463' title='bbox 2851 4525 3143 4588; x_wconf 88' lang='lat' dir='ltr'><strong>centrum,</strong></span> 
     </span>
     <span class='ocr_line' id='line_1_49' title="bbox 425 4606 3140 4696; baseline -0.004 -20"><span class='ocrx_word' id='word_1_464' title='bbox 425 4622 634 4696; x_wconf 88' lang='lat' dir='ltr'><strong>utpote</strong></span> <span class='ocrx_word' id='word_1_465' title='bbox 693 4615 848 4695; x_wconf 91' lang='lat' dir='ltr'><strong>quod</strong></span> <span class='ocrx_word' id='word_1_466' title='bbox 897 4616 1163 4677; x_wconf 85' lang='lat' dir='ltr'><strong>sectione</strong></span> <span class='ocrx_word' id='word_1_467' title='bbox 1233 4614 1406 4694; x_wconf 86' lang='lat' dir='ltr'><strong>longe</strong></span> <span class='ocrx_word' id='word_1_468' title='bbox 1455 4614 1700 4675; x_wconf 83' lang='lat' dir='ltr'><strong>inferius</strong></span> <span class='ocrx_word' id='word_1_469' title='bbox 1750 4621 1879 4673; x_wconf 87' lang='lat' dir='ltr'><strong>est:</strong></span> <span class='ocrx_word' id='word_1_470' title='bbox 1939 4618 2145 4673; x_wconf 89' lang='lat' dir='ltr'><strong>manet</strong></span> <span class='ocrx_word' id='word_1_471' title='bbox 2204 4608 2385 4687; x_wconf 83' lang='lat' dir='ltr'><strong>igitur</strong></span> <span class='ocrx_word' id='word_1_472' title='bbox 2440 4610 2498 4669; x_wconf 86' lang='lat' dir='ltr'><strong>in</strong></span> <span class='ocrx_word' id='word_1_473' title='bbox 2556 4606 2845 4670; x_wconf 70' lang='lat' dir='ltr'><strong>octaedro</strong></span> <span class='ocrx_word' id='word_1_474' title='bbox 2894 4612 3140 4668; x_wconf 87' lang='lat' dir='ltr'><strong>exsecto</strong></span> 
     </span>
     <span class='ocr_line' id='line_1_50' title="bbox 427 4694 3145 4783; baseline -0.004 -18"><span class='ocrx_word' id='word_1_475' title='bbox 427 4703 590 4765; x_wconf 86' lang='lat' dir='ltr'><strong>orbis</strong></span> <span class='ocrx_word' id='word_1_476' title='bbox 637 4703 980 4783; x_wconf 88' lang='lat' dir='ltr'><strong>inscriptus,</strong></span> <span class='ocrx_word' id='word_1_477' title='bbox 1031 4704 1278 4782; x_wconf 88' lang='lat' dir='ltr'><strong>antiqua</strong></span> <span class='ocrx_word' id='word_1_478' title='bbox 1324 4710 1580 4783; x_wconf 90' lang='lat' dir='ltr'><strong>quatuor</strong></span> <span class='ocrx_word' id='word_1_479' title='bbox 1627 4709 1837 4763; x_wconf 87' lang='lat' dir='ltr'><strong>centra</strong></span> <span class='ocrx_word' id='word_1_480' title='bbox 1883 4709 1946 4762; x_wconf 86' lang='lat' dir='ltr'><strong>et</strong></span> <span class='ocrx_word' id='word_1_481' title='bbox 1974 4719 2083 4779; x_wconf 91' lang='lat' dir='ltr'><strong>per</strong></span> <span class='ocrx_word' id='word_1_482' title='bbox 2112 4698 2517 4760; x_wconf 88' lang='lat' dir='ltr'><strong>definitionem</strong></span> <span class='ocrx_word' id='word_1_483' title='bbox 2546 4694 2843 4776; x_wconf 85' lang='lat' dir='ltr'><strong>regularis</strong></span> <span class='ocrx_word' id='word_1_484' title='bbox 2874 4694 3145 4773; x_wconf 78' lang='lat' dir='ltr'><strong>eorporis</strong></span> 
     </span>
     <span class='ocr_line' id='line_1_51' title="bbox 425 4783 3139 4873; baseline -0.004 -19"><span class='ocrx_word' id='word_1_485' title='bbox 425 4792 610 4854; x_wconf 84' lang='lat' dir='ltr'><strong>etiam</strong></span> <span class='ocrx_word' id='word_1_486' title='bbox 659 4810 816 4853; x_wconf 85' lang='lat' dir='ltr'><strong>nova</strong></span> <span class='ocrx_word' id='word_1_487' title='bbox 861 4801 1116 4873; x_wconf 88' lang='lat' dir='ltr'><strong>quatuor</strong></span> <span class='ocrx_word' id='word_1_488' title='bbox 1161 4810 1235 4852; x_wconf 85' lang='lat' dir='ltr'><strong>ex</strong></span> <span class='ocrx_word' id='word_1_489' title='bbox 1283 4792 1550 4853; x_wconf 87' lang='lat' dir='ltr'><strong>sectione</strong></span> <span class='ocrx_word' id='word_1_490' title='bbox 1598 4788 1951 4851; x_wconf 84' lang='lat' dir='ltr'><strong>accedentia</strong></span> <span class='ocrx_word' id='word_1_491' title='bbox 2006 4790 2179 4850; x_wconf 90' lang='lat' dir='ltr'><strong>simul</strong></span> <span class='ocrx_word' id='word_1_492' title='bbox 2228 4794 2505 4866; x_wconf 84' lang='lat' dir='ltr'><strong>tangens.</strong></span> <span class='ocrx_word' id='word_1_493' title='bbox 2600 4784 2744 4847; x_wconf 86' lang='lat' dir='ltr'><strong>Sive</strong></span> <span class='ocrx_word' id='word_1_494' title='bbox 2792 4783 2979 4865; x_wconf 82' lang='lat' dir='ltr'><strong>igitur</strong></span> <span class='ocrx_word' id='word_1_495' title='bbox 3021 4799 3139 4863; x_wconf 88' lang='lat' dir='ltr'><strong>py-</strong></span> 
     </span>
    </p>
   </div>
  </div>
 </body>
</html>
