3634 5575
1553 380 1880 433 Prooemium.
2904 384 2994 455 69

259 545 436 611 teat,
504 556 684 619 quam
745 538 1012 603 foramen
1077 558 1156 603 ex
1209 540 1340 603 alta
1393 540 1539 603 turri
1560 588 1579 615 ,
1629 541 1913 622 locusque
1970 542 2093 605 sulr
2130 562 2205 605 ea
2248 544 2583 607 umbrosus.
2678 544 3001 609 Rotundus

259 626 430 689 enim
475 625 640 689 Solis
695 627 900 691 radius
947 628 1150 708 optica
1195 630 1428 692 ratione
1474 648 1583 709 per
1631 632 1894 693 foramen
1954 631 2297 710 ingrediens
2322 682 2337 707 ‚
2388 634 2438 694 si
2500 652 2575 694 ex
2642 634 2884 716 obliquo
2940 636 2999 697 in

257 716 518 797 planum
563 716 811 790 incidat,
862 719 1099 797 ellipsin
1147 719 1360 800 pingit,
1409 719 1582 798 cujus
1629 738 1706 779 ex
1753 720 1934 799 longa
1978 727 2042 781 et
2088 722 2255 783 brevi
2303 722 2619 798 diametro,
2670 723 2721 785 si
2770 710 3003 804 ellipsis

259 805 429 869 satis
477 824 700 885 magna
744 806 858 880 sit,
907 814 1056 886 puta
1103 827 1178 869 ex
1229 807 1360 869 loco
1409 808 1560 881 alt0,
1617 808 1792 888 plura
1840 828 1953 889 ego
2000 809 2319 891 colligam,
2381 830 2559 891 quam
2606 831 2683 873 ex
2730 813 3001 875 omnibus

260 894 733 975 quadrantibus,
781 896 1150 971 astrolabiis,
1205 896 1478 967 armillis,
1525 897 1777 973 baculis,
1830 904 1894 959 et
1938 898 2251 961 similibus.

385 1048 391 1065 ¹
449 983 544 1045 De
593 984 1114 1047 observationibus
1161 988 1320 1066 quod
1368 1004 1460 1045 me
1508 985 1821 1061 sollicitas,
1862 986 1989 1066 jam
2020 987 2251 1065 pridem
2288 986 2474 1049 babes
2517 988 2665 1049 duas
2703 988 2999 1069 insignio-

261 1092 372 1134 res
420 1074 496 1133 de
543 1073 838 1135 Mercurio
885 1083 951 1136 et
993 1074 1238 1137 Polari:
1289 1074 1576 1157 Nonnihil
1623 1075 1804 1136 etiam
1862 1074 2095 1137 videbis
2154 1077 2213 1138 in
2281 1096 2413 1137 meo
2476 1076 2863 1157 prognostico
2922 1078 3001 1139 ad

264 1180 498 1224 annum
578 1158 774 1237 1599,
849 1162 1010 1244 quod
1089 1163 1151 1224 in
1234 1164 1386 1225 hunc
1442 1164 1618 1225 finem
1691 1164 1887 1242 adjeci
1956 1164 2148 1226 literis
2216 1164 2401 1228 hisce.
2498 1166 2825 1227 Praeterea
2877 1166 3001 1228 fere

259 1250 422 1313 nihil
471 1251 696 1323 habeo,
757 1250 872 1313 nisi
935 1252 1082 1314 illud
1139 1260 1199 1313 te
1249 1253 1510 1314 fortasse
1560 1252 1859 1326 delectet,
1912 1252 2008 1313 die
2056 1250 2163 1316 25.
2214 1252 2386 1332 Sept.
2440 1272 2611 1314 mane
2660 1272 2763 1315 cor
2810 1254 3000 1315 leonis

263 1362 306 1401 a
355 1340 602 1401 Venere
657 1341 906 1420 eclipsin
957 1360 1092 1403 esse
1128 1359 1396 1421 passum,
1445 1342 1622 1421 plane
1669 1348 1739 1403 ut
1785 1349 1927 1402 ante
1976 1360 2165 1403 annos
2212 1350 2371 1405 octo.
2478 1340 2751 1421 Eclipsin
2798 1350 2998 1404 tamen

261 1431 404 1509 ipse
461 1447 582 1489 non
643 1429 805 1504 vidi,
879 1449 992 1491 nec
1066 1430 1380 1512 quisquam
1449 1431 1508 1492 in
1581 1431 1694 1492 hoc
1759 1436 1901 1491 toto
1964 1430 2294 1494 occidente.
2418 1427 2720 1509 Colligere
2798 1439 3001 1493 autem

260 1518 440 1599 potui
513 1517 722 1596 paucis
789 1524 928 1579 ante
988 1517 1244 1580 Veneris
1302 1527 1494 1580 ortum
1559 1518 1722 1581 horis
1796 1518 2111 1580 accidisse.
2223 1518 2382 1582 Nam
2457 1519 2685 1580 oriente
2756 1520 2997 1581 Venere

263 1608 436 1669 nullo
495 1606 672 1668 modo
739 1606 942 1668 videre
1017 1627 1121 1669 cor
1181 1608 1384 1688 potui,
1467 1609 1578 1669 sed
1649 1614 1791 1687 post
1857 1614 2053 1669 ortum
2117 1608 2247 1687 ejus
2302 1628 2421 1669 una
2486 1607 2634 1669 hora
2691 1608 2997 1688 separatio

261 1704 452 1757 tanta
517 1695 657 1767 fuit,
737 1714 813 1757 ex
869 1714 988 1776 qua
1050 1697 1395 1775 conjectata
1449 1697 1783 1777 conjunctio
1851 1704 1993 1757 ante
2058 1704 2253 1759 ortum
2315 1696 2594 1758 cadebat.
2714 1696 3000 1758 Vidisses

265 1784 674 1847 differentiam
727 1785 878 1846 lucis
936 1785 994 1845 in
1051 1792 1304 1865 utraque
1359 1787 1561 1847 stella.
1625 1784 1940 1847 -Rubebat
1986 1784 2141 1846 enirn
2190 1803 2292 1847 cor
2338 1785 2633 1859 nonnihil,
2709 1792 2773 1846 et
2828 1786 3001 1867 quasi

263 1874 648 1955 pellucebat,
700 1874 948 1953 perinde
996 1875 1167 1955 quasi
1215 1874 1424 1937 Venus
1472 1874 1650 1937 lactis
1699 1874 2057 1950 crassitiem,
2109 1894 2211 1937 cor
2256 1895 2449 1956 aquae
2481 1874 2765 1954 limpidae
2797 1874 2999 1937 tenui-

264 1971 470 2027 tatem
515 1963 872 2025 imitaretur.

455 2050 712 2122 Quaeris
769 2059 835 2113 et
899 2052 972 2112 de
1027 2052 1270 2133 reliquis
1318 2050 1535 2113 studiis
1599 2052 1748 2113 meis
1766 2096 1792 2125 ,-
1867 2060 1931 2113 et
1985 2070 2229 2131 operam
2280 2051 2587 2131 polliceris
2648 2050 3001 2129 adjutandis

265 2143 425 2203 meis
466 2140 1007 2202 observationibus.
1075 2141 1157 2202 Et
1203 2140 1635 2203 humanitatem
1682 2142 1838 2203 hanc
1884 2140 2113 2220 pridem
2142 2140 2380 2221 quidem
2411 2140 2748 2217 degustavi,
2789 2145 3003 2219 gratus

264 2248 563 2309 agnosce,
610 2249 722 2291 nec
769 2229 1104 2291 mehercule
1152 2239 1470 2291 contemno
1519 2238 1628 2291 aut
1669 2230 1912 2309 rejicio:
1962 2238 2231 2291 ceterum
2276 2229 2336 2289 in
2384 2230 2534 2290 haec
2576 2236 2857 2307 ⁸tempora
2901 2228 2999 2291 in-

265 2320 550 2393 cidimuS,
599 2318 660 2379 in
707 2318 918 2397 quibus
969 2318 1290 2381 hebescere
1337 2318 1720 2380 solertissimi
1770 2318 2057 2398 cujusque
2097 2318 2309 2387 aciem,
2350 2317 2661 2378 deferbere
2704 2318 2996 2391 ardorem,

267 2414 532 2470 conat-us
577 2406 833 2487 opprimi
880 2424 1128 2469 necesse
1175 2408 1273 2469 sit.
1345 2406 1505 2478 Quid
1553 2407 1752 2468 enim?
1798 2408 1857 2468 in
1908 2405 2115 2487 Styria
2164 2406 2493 2467 maneam?
2540 2425 2613 2466 an
2648 2405 2999 2467 discedam?

262 2496 486 2577 Neque
531 2514 627 2557 me
674 2495 958 2576 reprime,
1009 2498 1106 2577 qui
1139 2497 1486 2559 studiorum
1532 2496 1643 2558 tibi
1689 2514 1955 2556 meorum
2003 2514 2183 2575 quam
2232 2494 2671 2574 penitissimam
2719 2494 2999 2555 notitiam

266 2584 482 2665 aperui
533 2586 738 2665 (quam
790 2585 1141 2647 facilitatem
1195 2584 1526 2665 agnovisti,
1577 2592 1646 2647 ut
1690 2584 1926 2657 video),
1987 2584 2124 2663 quin
2175 2592 2237 2644 et
2285 2584 2536 2645 affectus
2586 2582 2770 2644 animi
2816 2590 2997 2663 pate-

267 2675 524 2737 faciam:
584 2672 762 2744 Quod
808 2681 874 2735 tu
923 2674 1184 2737 fortasse
1233 2675 1464 2754 gaudes
1523 2676 1622 2745 (ut
1665 2680 1810 2735 sunt
1854 2672 2174 2746 humana),
2224 2672 2285 2733 id
2334 2690 2425 2731 me
2476 2671 2679 2732 dolere
2726 2671 3001 2733 acerbis-

266 2763 424 2826 sime
473 2782 722 2824 necesse
771 2770 886 2826 est.
981 2762 1362 2827 Christianus
1410 2782 1570 2835 sum,
1637 2762 2058 2844 Augustanam
2113 2760 2550 2824 confessionem
2608 2778 2683 2821 ex
2746 2760 3001 2822 institu-

265 2853 438 2914 tione
485 2861 820 2932 parentum‚
872 2871 944 2913 ex
995 2853 1326 2915 rationibus
1377 2853 1622 2932 saepius
1673 2854 1748 2913 ad
1796 2853 2089 2914 trutinam
2120 2850 2439 2925 revocatis,
2480 2869 2555 2910 ex
2597 2849 3000 2912 tentationum

267 2941 644 3022 quotidianis
693 2942 996 3004 exercitiis
1043 2942 1243 3017 hausi,
1313 2941 1468 3004 hanc
1526 2943 1885 3021 amplector,
1946 2941 2225 3002 simulare
2282 2959 2399 3001 non
2459 2938 2668 3013 didici,
2732 2937 2893 3002 seria
2937 2939 2998 2999 in

264 3030 664 3110 religionibus
713 3037 930 3103 tract0,
978 3050 1093 3092 non
1146 3031 1392 3105 ludicra,
1443 3049 1625 3111 quare
1665 3037 1729 3092 et
1773 3031 1931 3091 serio
1980 3031 2054 3091 de
2102 3028 2407 3109 religionis
2440 3027 2745 3100 exercitio,
2784 3045 2997 3088 sacra-

265 3127 611 3182 mentorum
649 3139 761 3181 usu
808 3127 1048 3199 satago:
1141 3117 1301 3191 Quid
1359 3112 1626 3192 autem?
1688 3119 1889 3199 Ejecti
1956 3127 2096 3180 sunt
2153 3118 2318 3180 hisce
2372 3116 2727 3198 provinciis,
2786 3116 2998 3197 quibus

265 3207 656 3272 internuntiis
705 3209 994 3270 hactenus
1041 3227 1174 3270 cum
1222 3209 1352 3270 Deo
1391 3209 1518 3288 egi:
1595 3209 1808 3288 quibus
1882 3209 2018 3270 aliis
2094 3226 2275 3288 agere
2336 3224 2577 3286 possem
2642 3223 2777 3266 cum
2844 3205 2995 3278 Deo,
3102 3227 3107 3239 ·

267 3297 308 3358 ii
357 3316 480 3359 non
531 3297 943 3359 admittuntur.
1047 3298 1146 3358 Ad
1213 3298 1362 3360 haec
1419 3297 1642 3358 salario
1697 3298 1869 3371 vivo,
1936 3315 2041 3376 pro
2100 3296 2440 3357 conditione
2500 3293 2641 3368 loci,
2708 3311 2997 3374 perquam

265 3385 470 3462 tenui3
530 3404 669 3466 spes
729 3394 862 3448 erat
931 3386 1227 3448 auctionis
1276 3386 1335 3446 in
1381 3395 1716 3465 posterum3
1778 3385 1909 3465 quis
1969 3381 2257 3464 augebit?
2345 3382 2701 3445 Proceribus
2773 3379 2997 3444 ademti

265 3485 416 3536 sunt
464 3494 689 3548 omnes,
742 3475 841 3555 qui
889 3476 1264 3555 religionem,
1318 3474 1414 3554 qui
1473 3482 1637 3534 artes
1697 3474 1892 3551 magis
1956 3473 2333 3534 necessarias
2392 3473 2769 3544 tractabant3
2830 3471 2996 3532 solus

265 3572 554 3645 superest
599 3563 1079 3639 mathematicus,
1130 3584 1244 3644 quo
1293 3582 1498 3626 carere
1529 3563 1788 3624 omnium
1821 3562 2103 3623 facillime
2133 3579 2311 3639 posse
2348 3578 2703 3639 persuasum
2746 3560 2993 3621 babent.

265 3653 340 3714 In
389 3659 572 3714 tanta
616 3653 1098 3726 exacerbatione,
1155 3663 1248 3715 tot
1293 3654 1581 3714 bonorum
1627 3651 1887 3712 virorum
1936 3649 2151 3723 exiliis,
2205 3667 2323 3729 qua
2369 3647 2563 3708 fronte
2594 3647 2807 3708 otiosis
2845 3647 2995 3709 meis

269 3740 790 3820 speculationibus
838 3742 1096 3823 amplius
1146 3741 1446 3822 quidpiam
1495 3740 1766 3819 petiero?
1859 3739 2071 3818 Itaque
2128 3737 2180 3799 si
2236 3738 2525 3815 languent
2586 3754 2722 3797 mea
2768 3735 2993 3808 studia,

269 3828 324 3890 si
381 3837 643 3892 conatus
699 3831 1104 3906 intercidunt,
1165 3833 1218 3893 si
1267 3829 1744 3909 exoptatissima
1807 3827 2295 3906 Magnificentiae
2360 3834 2503 3905 tuae
2568 3823 2997 3905 promtitudine

269 3919 346 3979 ad
398 3921 836 3998 promovendas
885 3940 1052 3982 meas
1100 3919 1556 3981 observationes
1605 3927 1666 3979 et
1713 3916 2080 3979 conficienda
2120 3917 2515 3977 instrumenta
2554 3915 2609 3974 in
2648 3913 2998 3992 praesentia

269 4009 360 4069 uti
409 4025 659 4088 nequeo,
709 4009 1108 4071 habitationis
1157 4027 1240 4072 sc.
1291 4009 1589 4070 incertus:
1639 4008 1877 4086 culpam
1914 4023 2143 4067 omnem
2174 4005 2233 4066 in
2273 4001 2600 4082 religionis,
2631 4003 2690 4062 iu
2729 4001 2994 4064 familiae

270 4114 480 4158 curam
529 4097 820 4159 conferes,
915 4099 1128 4160 Petam
1178 4107 1378 4159 tamen
1429 4101 1531 4172 (ne
1580 4103 1959 4157 contemnere
2008 4093 2487 4156 benevolentiam
2534 4099 2697 4152 tuam
2734 4091 2993 4164 videar),

272 4185 434 4268 quod
483 4185 626 4247 mihi
671 4185 808 4247 vivo
857 4205 1091 4266 semper
1138 4187 1285 4249 utile
1336 4187 1468 4248 erit.
1563 4183 2105 4248 observationibus
2151 4181 2431 4244 Werneri
2479 4199 2675 4242 caree.
2764 4179 2993 4240 Exem-

270 4275 472 4356 plaria
545 4281 686 4354 post
767 4281 860 4337 tot
934 4295 1124 4337 annos
1195 4275 1489 4338 distracta
1553 4274 1752 4336 omnia
1836 4273 2136 4334 existimo.
2240 4269 2309 4332 Si
2372 4269 2531 4350 quod
2591 4287 2777 4347 penes
2862 4267 2997 4328 Vos

274 4365 588 4443 exemplar
635 4371 748 4439 est,
782 4365 842 4425 id
890 4383 1170 4444 proceres
1219 4365 1408 4426 nostri
1455 4363 1667 4425 libenti
1723 4361 1921 4423 animo
1969 4367 2425 4441 quantacunque
2472 4358 2725 4437 pecunia
2767 4355 2993 4417 biblio-

273 4453 489 4514 thecae
539 4471 682 4515 suae
733 4461 1027 4516 asserent.
1133 4453 1255 4514 Sed
1311 4461 1374 4514 et
1429 4453 1481 4513 si
1548 4453 1678 4532 quis
1745 4451 1900 4512 alius
1957 4449 2411 4511 observationes
2477 4465 2618 4507 suas
2679 4445 2737 4504 in
2803 4445 2993 4506 lucem

274 4540 599 4614 edidisset,
654 4543 785 4620 ejus
851 4561 964 4622 ego
1013 4561 1222 4603 nomen
1273 4541 1327 4603 si
1374 4542 1595 4615 scier0,
1663 4539 2083 4603 adminiculum
2140 4538 2200 4599 id
2248 4526 2389 4598 mihi
2437 4533 2553 4596 erit.
2600 4532 2993 4612 comparandi

275 4629 500 4710 operis,
593 4627 752 4701 Quin
803 4631 922 4693 imo
969 4631 1065 4691 vel
1113 4631 1373 4710 scriptas
1421 4649 1592 4705 amo,
1660 4629 1837 4690 modo
1901 4629 1973 4690 de
2031 4626 2290 4688 artificis·
2338 4633 2403 4686 et
2448 4622 2829 4686 amanuensis
2878 4622 2993 4684 fide

275 4725 577 4779 constent.
671 4720 875 4798 Atque
941 4719 1054 4780 hac
1119 4719 1178 4780 in
1241 4737 1302 4780 re
1361 4727 1504 4798 post
1559 4727 1792 4779 sumtus
1841 4717 1917 4778 ad
1965 4717 2366 4778 instrumenta
2410 4711 2557 4774 nihil
2604 4711 2750 4773 mihi
2796 4712 2993 4790 majus

275 4805 372 4867 vel
421 4825 528 4868 rex
575 4807 870 4888 quispiam
925 4816 1238 4888 praestare
1287 4807 1500 4888 possit,
1544 4825 1720 4887 quam
1768 4804 2179 4885 hujuscemodi
2217 4801 2705 4864 observationum
2757 4800 2993 4879 copiam

278 4895 576 4960 faciendo·
