3634 5575
1470 370 1633 422 Notae
1670 373 1904 422 auctoris.
2923 374 2948 438 1
2970 373 3037 436 11

326 535 615 608 quicquam
654 535 855 588 habet:
902 533 1209 588 utrsoilicet
1250 534 1461 590 numeri
1490 551 1676 588 omnes
1700 575 1715 598 ,
1765 534 1860 605 qni
1899 551 2066 589 unum
2111 534 2350 604 aliquem
2387 535 2749 600 emetiuntur,
2798 535 2856 590 in
2884 553 3050 591 unum

326 614 571 677 conflati,
622 619 864 683 aequent
890 620 1283 670 mensuratum.
1366 602 1473 668 list
1498 615 1713 685 quidem
1742 614 2058 685 aequalitas
2091 615 2380 684 pulchrum
2415 614 2721 686 quippiam,
2769 617 2866 669 sed
2907 615 3048 670 haec

325 693 637 765 aequalitas
665 693 903 747 numeris
932 693 1100 763 ipsis,
1150 694 1367 747 ratione
1409 693 1764 763 suiipsorum
1808 694 2150 765 singulorum
2197 701 2287 748 est
2313 694 2708 756 accidentaria;
2759 712 2859 750 nec
2898 695 3046 765 quic-

322 791 486 846 quam
515 775 679 828 affert
707 775 778 826 ad
806 790 993 826 eorum
1026 774 1474 829 constitutionem
1492 815 1505 837 ,
1536 776 1633 828 sed
1660 775 1907 828 resultat
1933 774 2269 828 necessitate
2299 773 2640 846 geometrica
2668 792 2741 827 ex
2768 773 2888 842 jam
2919 792 3045 828 con·

323 852 561 917 stitutis;
606 871 707 907 nec
736 855 833 906 dat
859 852 993 923 ipsis
1022 855 1144 917 hoc,
1194 859 1258 907 ut
1285 853 1397 907 sint
1423 852 1601 924 magis
1632 853 1941 916 articulati;
1989 871 2109 907 cum
2145 860 2332 908 tamen
2361 854 2505 907 circa
2533 853 2707 923 ipsam
2737 855 2881 908 hanc
2912 855 3043 908 arti-

320 933 656 988 culationem
687 940 1004 1003 occupetur,
1040 940 1099 987 et
1128 949 1201 988 ea
1227 934 1620 1003 quodammodo
1649 933 1972 987 definiatur:
2017 933 2147 1003 quin
2167 934 2372 1004 potius,
2405 933 2497 1004 qui
2519 933 2754 1002 jubetur
2793 934 2940 987 hanc
2967 934 3046 987 sic

320 1013 525 1068 dictam
550 1012 947 1084 perfectionem
976 1015 1265 1077 affectare,
1315 1013 1361 1066 is
1390 1013 1494 1066 hoc
1523 1013 1642 1082 ipso
1672 1011 2160 1076 circumscribitur,
2207 1032 2274 1066 ne
2321 1013 2499 1083 possit.
2528 1030 2740 1067 sumere
2781 1013 3043 1067 articula-

320 1093 575 1148 tissimus.
658 1094 735 1146 Et
779 1099 844 1145 ut
886 1093 1039 1162 prius
1082 1109 1264 1147 sumus
1312 1092 1627 1147 ratiocinati
1673 1094 1740 1145 de
1771 1092 2122 1154 sectionibus,
2173 1093 2250 1146 sic
2293 1110 2434 1147 nunc
2477 1093 2646 1147 etia-m
2693 1095 2760 1146 de
2805 1093 3043 1146 numeris
3127 1161 3134 1169 ·

320 1172 710 1228 emetientibus
755 1189 925 1226 unum
953 1172 1192 1243 aliquem
1221 1173 1400 1226 dicere
1447 1188 1766 1244 possumus:
1812 1175 1953 1243 quod
1984 1173 2197 1226 scilicet
2239 1173 2392 1242 prius
2425 1172 2659 1242 quilibet
2696 1173 2914 1228 illorum
2941 1190 3042 1242 pro

319 1271 379 1308 se
408 1253 530 1322 ipso
569 1252 864 1307 emetiatur
908 1253 1250 1324 propositum
1278 1269 1583 1314 numerum,
1634 1269 1743 1304 non
1772 1251 2047 1321 accipiens
2095 1253 2242 1306 hanc
2284 1261 2538 1306 naturam
2587 1252 2660 1305 ab
2698 1253 3044 1322 aequalitate

318 1341 649 1404 praetensa,
701 1333 795 1385 sed
826 1339 1025 1401 postea
1051 1333 1265 1386 demum
1296 1332 1511 1385 accidat
1538 1331 1651 1403 l¹¹i⁸
1682 1331 1765 1389 sin
1849 1332 1948 1393 lis,
1997 1339 2062 1385 ut
2101 1332 2342 1386 universi
2382 1339 2624 1402 aequent
2649 1339 3041 1386 mensuratum.

316 1412 455 1466 Vide
485 1413 582 1467 lib.
616 1429 737 1465 meo
767 1412 861 1465 111.
892 1412 1156 1466 Harmon.
1200 1415 1303 1466 sub
1348 1413 1509 1465 finem
1548 1409 1746 1481 capitis
1818 1403 1852 1466 .’
1885 1412 2063 1464 locum
2111 1411 2358 1476 similem,
2406 1414 2473 1465 de
2517 1428 2744 1466 occursu
2793 1411 3040 1475 ternarii,

316 1509 423 1562 pro
450 1510 557 1562 quo
586 1491 677 1546 hic
706 1498 793 1566 est
822 1507 1076 1546 occursus
1108 1491 1481 1564 aequalitatis,
1566 1491 1689 1557 Non
1738 1491 1864 1580 plus
1910 1490 2083 1564 igitur
2111 1491 2330 1545 virtutis
2360 1498 2420 1552 et
2447 1490 2802 1564 dexteritatis
2831 1492 3046 1546 confert

316 1572 559 1626 numeris
608 1573 749 1625 haec
787 1571 1129 1643 aequalitas,
1182 1587 1342 1641 quam
1374 1570 1657 1641 agricolae
1701 1567 1946 1645 inventio
1973 1569 2252 1632 thesauri;
2301 1578 2364 1646 ut
2405 1571 2667 1624 credibile
2696 1587 3041 1641 nequaquam

317 1651 417 1715 sit,
482 1651 757 1710 senarium
798 1653 920 1705 Deo
976 1652 1211 1706 creatori
1256 1641 1537 1720 placuisse
1582 1656 1813 1719 propter
1853 1651 1997 1703 hanc
2044 1650 2297 1710 indolem.
2385 1650 2520 1704 Dico
2568 1653 2832 1712 secundo,
2898 1651 3041 1703 hanc

318 1733 667 1786 affectionem
696 1747 803 1798 non
832 1737 1142 1802 competere
1170 1731 1425 1793 numeris„
1472 1735 1539 1784 ut
1564 1729 1998 1792 numerantibus,
2083 1731 2143 1784 Id
2187 1730 2353 1784 facile
2401 1731 2669 1799 probatur
2697 1747 2769 1783 ex
2797 1729 3040 1784 Euclidis

315 1812 411 1866 lib.
444 1813 562 1865 vn.
592 1811 739 1864 V111.
772 1810 869 1865 lx.
960 1811 1029 1864 Ut
1056 1810 1200 1863 enim
1230 1817 1423 1863 auctor
1468 1809 1567 1864 ille
1594 1811 1946 1872 demonstret,
1996 1809 2176 1884 inesse
2205 1809 2525 1879 quibusdam
2573 1810 2717 1862 hanc
2741 1809 3038 1879 perfectio·

315 1909 455 1953 nem,
504 1890 725 1960 cogitur
748 1891 832 1944 uti
862 1890 1098 1943 numeris
1126 1890 1402 1960 figuratis,
1435 1889 1487 1942 id
1516 1897 1619 1951 est,
1650 1895 1715 1942 ut
1742 1890 1966 1942 scholae
1997 1891 2312 1960 loquuntur,
2345 1889 2585 1942 numeris
2611 1888 2914 1944 numeratis
2941 1904 3040 1942 seu

315 1971 879 2044 parallelogrammis,
910 1971 1135 2040 aequali
1162 1985 1421 2024 mensura
1447 1969 1633 2022 divisis
1662 1969 1718 2022 in
1746 1969 1976 2040 longum
2003 1977 2062 2022 et
2089 1970 2285 2023 latum.
2369 1969 2554 2031 Quare
2587 1969 2635 2022 si
2663 1984 2775 2039 qua
2800 1969 3040 2024 maxime

314 2049 629 2106 nobilitatis
658 2057 795 2104 nota
824 2059 991 2114 esset,
1037 2051 1178 2104 haec
1204 2050 1287 2104 sio
1312 2050 1463 2104 diota
1487 2049 1779 2119 perfeetio,’
1812 2048 1918 2104 illa
1945 2049 2118 2118 primo
2149 2055 2486 2118 competeret
2515 2048 2867 2120 geometricis
2895 2049 3036 2119 figu-

310 2131 405 2186 ris.
490 2131 613 2184 Etsi
642 2147 773 2184 vero
821 2130 1072 2187 senarius
1102 2146 1293 2202 veram
1318 2147 1473 2184 suam
1515 2136 1575 2182 et
1599 2129 1809 2182 realem
1854 2129 2202 2184 nobilitatem
2241 2129 2474 2198 habet'e
2503 2129 2844 2200 sexangulo,
2895 2144 3036 2200 quae

314 2213 497 2281 figura
526 2211 701 2279 ipsum
732 2211 990 2280 provehit
1018 2211 1071 2264 in
1101 2210 1391 2279 disciplina
1417 2209 1751 2270 harmonica,
1799 2227 1908 2262 non
1935 2209 2058 2262 ideo
2090 2218 2274 2264 tamen
2303 2207 2470 2264 etiam
2503 2210 2570 2262 ad
2600 2208 3038 2268 constituendum

310 2306 594 2350 numerum
622 2288 1004 2359 primariorum
1033 2289 1215 2350 mundi
1245 2306 1531 2359 corporum
1576 2289 1640 2342 fit
1668 2295 1854 2358 aptus.
1939 2288 2147 2358 Figura
2193 2289 2338 2342 enim
2383 2288 2484 2340 illa
2513 2288 2775 2343 circulum
2816 2295 2880 2342 ut
2909 2305 3033 2342 con-

311 2368 523 2424 tinuam
570 2370 941 2442 quantitatem
985 2368 1039 2423 in
1087 2388 1187 2423 sex
1234 2375 1427 2438 partes
1477 2367 1693 2421 dividit:
1744 2383 1979 2436 corpora
2020 2370 2298 2422 mundana
2341 2385 2449 2420 non
2478 2376 2608 2430 sunt
2653 2375 2844 2437 partes
2875 2367 3036 2420 unius

312 2450 608 2505 continuae
656 2446 1002 2519 quantitatis.
1088 2449 1197 2503 Ina
1236 2451 1420 2519 figura
1466 2448 1611 2500 inter
1654 2447 1856 2516 planas
1905 2455 2018 2501 est:
2069 2447 2388 2517 corporibus
2432 2464 2562 2501 vero
2609 2447 2789 2500 mundi
2838 2447 3032 2509 solida,

312 2548 409 2584 seu
439 2528 605 2586 trium
635 2528 1025 2582 dimensionum
1069 2529 1256 2598 spatia
1284 2529 1417 2582 data
1445 2535 1575 2582 sunt
1617 2529 1990 2597 peragranda.
2077 2529 2250 2581 Recte
2295 2527 2467 2597 igitur
2506 2525 2792 2596 repudiavi
2831 2525 3033 2580 senarii

311 2610 484 2680 ipsius
529 2626 631 2679 per
659 2626 717 2662 se
761 2608 1093 2663 considerati
1122 2611 1297 2673 doteS,
1348 2625 1417 2662 ne
1467 2607 1826 2660 adsciscerem
1869 2608 1996 2661 illas
2047 2607 2193 2662 inter
2237 2623 2435 2660 causas
2477 2607 2678 2660 senarii
2727 2607 3028 2660 coelorum:

310 2697 463 2744 recte
492 2689 699 2753 censui,
752 2688 1061 2758 oportuisse
1110 2691 1443 2759 praecedere
1472 2703 1671 2741 causas
1714 2687 1930 2756 aliquas
1965 2686 2266 2750 evidentes,
2317 2705 2388 2740 ex
2421 2687 2616 2756 quibus
2647 2686 2842 2739 deinde
2869 2702 3030 2738 sena-

309 2771 421 2825 rius
466 2770 575 2825 iste
604 2769 879 2826 coelorum
926 2770 1073 2824 ultro
1118 2770 1451 2831 resultaret;
1500 2767 1641 2821 sicut
1686 2767 1743 2821 in
1768 2766 2090 2822 harmonica
2123 2766 2428 2837 disciplina,
2473 2767 2654 2821 causis
2681 2765 3030 2837 praegressis

310 2851 539 2913 idoneis,
584 2851 827 2905 resultat
854 2857 913 2904 et
940 2850 1217 2908 ternarius
1244 2848 1657 2905 consonantium
1689 2847 1745 2901 in
1774 2848 1914 2903 idem
1942 2864 2196 2904 senorum
2244 2856 2303 2903 et
2330 2847 2680 2917 septenarius
2710 2846 3032 2903 division-um

313 2930 767 3002 harmonicarum.

470 3008 535 3075 h)
567 3011 677 3065 lmo
724 3010 883 3064 ideae
932 3010 1306 3081 quantitatum
1354 3018 1485 3065 sunt
1529 3014 1795 3079 erantque
1834 3008 1955 3061 Deo
2005 3014 2352 3071 coaeternae,
2400 3008 2552 3063 Deus
2596 3007 2747 3077 ipse;
2797 3016 3036 3078 suntque

310 3090 493 3151 adhuc
522 3089 922 3161 exemplariter
951 3087 1005 3143 in
1034 3090 1228 3145 animis
1277 3092 1347 3143 ad
1377 3088 1673 3159 imaginem
1698 3088 1805 3142 Dei
1837 3083 2034 3154 (etiam
2077 3088 2323 3143 essentia
2351 3085 2476 3151 sua)
2519 3088 2698 3153 factis,
2748 3104 2861 3159 qua
2888 3087 2945 3141 in
2971 3104 3034 3141 re

311 3170 665 3225 consentiunt
704 3170 947 3241 gentiles
990 3169 1307 3240 philosophi
1354 3176 1413 3223 et
1454 3170 1706 3223 doctores
1754 3166 2044 3221 ecclesiae.
2501 3212 2510 3221 .

470 3244 519 3318 i)
563 3249 903 3319 Scripseram
932 3250 1041 3306 ista
1068 3250 1198 3305 mihi
1228 3250 1357 3310 soli;
1407 3247 1790 3318 intelligebam
1822 3248 1995 3317 igitur
2019 3264 2120 3319 pro
2151 3248 2324 3302 Terra
2362 3246 2566 3310 orbem,
2617 3265 2722 3318 quo
2753 3246 2854 3307 illa
2880 3245 3033 3298 vehi·

310 3337 417 3395 tur,
460 3346 782 3401 magnum
834 3346 870 3383 a
900 3330 1199 3399 Copernico
1229 3330 1455 3381 dictum:
1501 3328 1578 3381 sic
1606 3345 1705 3397 pro
1737 3319 1985 3399 quolibet
2013 3329 2264 3396 planeta,
2311 3328 2496 3382 orbem
2527 3327 2718 3396 ipsius.
2801 3328 2877 3379 Et
2904 3342 3030 3395 per·

310 3411 451 3464 tinet
500 3410 749 3463 ultimum
797 3424 1029 3463 comma:
1096 3408 1288 3462 Habes
1328 3408 1596 3462 rationem
1644 3406 1738 3461 dec.
1787 3406 1958 3461 etiam
2005 3410 2074 3460 ad
2121 3408 2265 3462 hanc
2311 3424 2384 3461 ex
2433 3406 2646 3461 schedis
2693 3405 3034 3475 exscriptam

309 3490 663 3543 sententiam.

468 3566 535 3634 k)
581 3568 861 3623 Laboravi
908 3568 1213 3637 pueriliter,
1266 3584 1333 3621 ne
1363 3566 1485 3636 quis
1512 3565 1641 3619 mihi
1688 3564 2006 3635 imputaret,
2055 3582 2140 3619 me
2177 3572 2501 3619 novatorem
2529 3580 2672 3629 esse,
2720 3564 3072 3627 ostentandi·

308 3650 489 3703 solum
514 3648 726 3721 ingenii
755 3664 927 3703 causa
972 3649 1171 3703 librum
1213 3646 1525 3716 scripsisse:
1574 3645 1659 3698 his
1690 3646 1926 3715 opposui
1953 3653 2014 3699 et
2041 3652 2229 3700 votum
2254 3650 2314 3700 et
2357 3643 2756 3713 penitissimum
2797 3661 3031 3715 persua·

311 3729 519 3783 sionem
548 3731 616 3784 de
645 3728 887 3783 veritate
915 3745 1118 3791 eorum,
1169 3744 1311 3798 quae
1357 3726 1499 3781 liber
1528 3725 1854 3791 contineret,
1902 3732 1964 3779 et
1988 3724 2220 3795 denique
2266 3724 2518 3793 ardorem
2555 3723 2866 3779 conferendi
2912 3741 3032 3777 cum

312 3810 436 3863 aliis
485 3812 552 3865 de
600 3809 685 3864 his
735 3808 989 3863 inventis.
1072 3810 1147 3861 Et
1194 3816 1371 3871 erant,
1422 3807 1632 3877 opinor,
1678 3804 1908 3859 idoneae
1956 3821 2158 3860 causae
2199 3803 2534 3879 profligandi
2574 3804 2796 3873 pudoris
2839 3803 3032 3878 inepti.
