3634 5575
620 330 750 399 662
1664 328 1725 379 In
1762 328 1932 393 Opera
1966 330 2280 394 Astroloaica

618 500 699 551 At
736 508 935 565 corpus
976 492 1155 563 ipsum
1194 493 1441 547 ordinum
1480 509 1583 563 pro
1624 492 1970 547 dedicatione
2008 491 2264 564 mysterii
2317 488 2426 557 (ed.
2465 484 2566 555 11.)
2629 490 2746 545 300
2771 486 2918 543 ‘milii
2957 488 3194 541 florenos
3237 486 3352 541 do-

620 579 841 630 narunt.
924 574 1085 627 Hauc
1126 578 1188 626 tu
1226 587 1457 628 causam
1496 572 1667 628 ela-dis
1706 574 2023 627 chartarum
2044 613 2057 636 ,
2119 588 2221 642 per
2278 588 2338 625 se
2397 571 2568 641 paulo
2628 575 2759 640 post
2795 567 3162 637 periturarum
3181 606 3194 629 ‚
3254 564 3350 619 ol-

620 654 805 709 facere
846 668 955 707 non
994 652 1243 723 potuisti.
1326 654 1609 709 Hactenus
1652 652 1826 725 igitur
1865 653 1968 707 vici
2009 652 2238 706 diversis
2273 651 2376 704 viis
2457 650 2639 705 Deum
2678 664 2891 719 precor,
2935 652 3000 701 ut
3037 664 3122 701 me
3161 663 3350 717 porro

622 750 729 805 quo
766 746 838 787 ue
880 738 1123 786 tueatur.

732 750 769 807 q
798 806 1047 861 Desumta
1078 808 1207 863 haec
1244 814 1361 859 sunt
1396 823 1425 859 e
1459 808 1613 859 literis
1648 808 1854 873 Kepleri
1893 808 1958 858 ad
1997 808 2266 875 Criigerum
2317 808 2449 858 datis
2484 807 2647 857 Lincii
2683 806 2730 855 d.
2770 804 2818 854 9.
2859 803 2994 868 Sept.
3038 799 3207 859 1624,
3259 802 3354 853 eni

621 882 757 946 prius
795 876 903 941 (28.
941 876 1109 941 Febr.)
1146 880 1274 929 haec
1309 882 1683 944 perscripserat:
1720 879 1802 934 Ad
1840 885 2110 929 extremum
2149 878 2276 929 addo
2311 878 2690 943 Prognosticum
2723 882 2776 927 et
2805 874 3149 925 Calendarium
3187 874 3352 935 hujus

628 953 767 1009 anni,
804 964 1035 1015 rogoque,
1073 956 1130 1001 ut
1152 951 1291 1016 legas
1317 951 1692 1015 praefationem,
1730 958 1787 1002 ut
1810 952 1873 1001 de
1911 965 2066 1001 causa
2102 950 2426 1002 dedicationis
2461 948 2809 999 honestissima
2831 947 2920 996 tibi
2945 950 3166 1001 constet;
3208 944 3351 993 scito

623 1022 773 1079 enim,
810 1020 1078 1071 ordinarios
1112 1034 1366 1086 procerum
1393 1022 1607 1085 styriae,
1646 1023 1886 1074 advocato
1922 1037 2031 1071 meo
2067 1020 2398 1073 mandatario.
2437 1020 2738 1083 exemplaria
2762 1018 2929 1068 omnia
2951 1016 3164 1065 flammis
3189 1029 3346 1065 exus-

622 1094 747 1143 sisse
780 1090 990 1157 publice.
1066 1090 1373 1157 Dispeream,
1412 1094 1455 1143 si
1490 1099 1546 1142 tu
1584 1108 1643 1144 ex
1680 1100 1783 1144 toto
1819 1092 2008 1150 libello,
2045 1092 2292 1143 vocabulis
2347 1092 2498 1141 etiam
2555 1090 2775 1139 omnibus
2829 1090 2880 1137 in
2937 1084 3160 1157 equleum
3218 1099 3346 1135 con-

619 1164 785 1226 jectis,
821 1174 988 1211 veram
1026 1174 1248 1220 causam,
1288 1164 1349 1213 ob
1385 1177 1533 1229 quam
1568 1164 1696 1217 baec
1730 1166 1782 1215 in
1818 1180 1898 1215 me
1936 1170 2178 1229 congesta
2214 1169 2290 1213 est
2325 1163 2625 1227 ignominia,
2664 1158 2950 1215 extorseriS,
2988 1159 3030 1205 si
3065 1152 3222 1207 e‘tiain
3263 1154 3350 1205 vel

621 1232 872 1285 levissima
906 1233 1275 1297 suspiciuncula.
1306 1234 1443 1283 illam
1478 1236 1629 1285 fueris
1668 1236 1914 1287 odoratus.
1989 1235 2222 1299 Aperiam
2260 1239 2428 1284 autem
2461 1234 2598 1283 illam
2633 1231 2863 1295 proximis
2897 1228 3066 1278 literis.
3139 1226 3221 1277 Tu
3263 1228 3346 1275 in-

630 1304 775 1355 terim
810 1310 1036 1369 torquere
1074 1310 1127 1353 et
1160 1310 1331 1369 torque
1367 1304 1598 1355 libellum.
1674 1306 1819 1358 Vale.
1895 1306 1969 1358 CI.
2009 1306 2155 1357 Dom.
2197 1303 2335 1355 Tuae
2375 1304 2561 1354 amicus
2597 1302 2644 1353 J.
2685 1300 2920 1365 Keppler.
3241 1328 3264 1344 ·

801 1373 880 1424 Ad
915 1373 1045 1424 haec
1082 1373 1429 1441 Criigerus:
1470 1378 1669 1427 Gratias
1706 1392 1801 1443 ago
1839 1393 1925 1442 pro
1954 1376 2263 1427 Calendario.
2319 1374 2432 1425 Non
2469 1372 2695 1439 equidem
2733 1384 2937 1423 causam
2975 1368 3168 1418 invenio
3201 1364 3342 1416 Vui-

627 1458 753 1495 cano
780 1445 997 1511 dignam.
1054 1444 1201 1496 Forte
1238 1445 1549 1497 offenderunt
1582 1447 1672 1497 illa
1703 1449 1854 1499 verba
1888 1450 2077 1514 pagina
2109 1446 2411 1512 penultima:
2453 1446 2574 1505 „mit
2599 1445 2712 1494 dem
2735 1442 2929 1507 Zwang
2951 1454 3016 1490 zu
3041 1440 3198 1490 einem
3225 1452 3343 1487 ver·

623 1515 831 1567 husten
866 1516 1254 1567 Gottesdienst.“
1328 1516 1492 1567 Aliam
1528 1524 1580 1567 te
1616 1519 1735 1569 mihi
1766 1519 1923 1570 literis
1957 1520 2188 1584 proximis
2223 1522 2506 1580 aperturum
2541 1514 2682 1565 dicis.
2759 1514 2888 1563 Eam
2919 1512 3071 1577 igitur
3105 1514 3344 1573 expecto·

624 1585 726 1648 (Ex
761 1586 971 1651 epistola
1004 1587 1051 1637 d.
1093 1587 1140 1636 d.
1185 1586 1265 1638 15.
1302 1587 1421 1638 Jun.
1463 1586 1617 1647 1624,
1654 1590 1721 1640 ad
1752 1606 1904 1655 quam
1939 1591 2191 1654 responsio
2224 1588 2442 1651 pertinet
2475 1586 2681 1649 Kepleri
2715 1598 2868 1648 supra·
2900 1577 3212 1646 pm)-

808 1655 973 1717 Quam
1006 1670 1156 1721 supra
1191 1658 1313 1708 dicit
1347 1659 1593 1723 Keplerus
1650 1662 2013 1719 „temeritatem
2058 1658 2392 1726 Nagelianam
2413 1657 2461 1716 ,¹⁵
2516 1662 2770 1721 spectasse
2825 1654 3050 1705 videntur
3103 1648 3346 1703 Linciani

626 1725 829 1793 Nagelii
866 1724 1129 1793 (Theologi
1166 1734 1219 1777 et
1253 1731 1533 1780 Astu-ononi
1570 1730 1895 1797 Argeliensis)
1933 1732 2150 1783 libellum
2185 1731 2502 1794 inscriptum:
2539 1726 2730 1777 Stellae
2763 1724 3073 1790 prodigiosae
3109 1736 3200 1771 seu
3241 1720 3344 1770 Co-

625 1804 791 1849 metae
828 1796 1103 1849 observatio
1140 1797 1251 1862 ac„
1286 1800 1591 1866 astrologicis
1626 1803 1929 1853 vanitatibus
1963 1804 2180 1868 plenum.
2247 1801 2342 1864 Qui
2379 1814 2528 1864 quum
2565 1797 2798 1849 adhibitis
2831 1796 3045 1845 numeris
3080 1794 3348 1857 verbisque

626 1868 985 1933 ⁸9⁰⁰²¹yl>ssieis
1038 1866 1229 1931 („Zahl
1263 1872 1349 1922 des
1386 1872 1557 1923 Thiers
1594 1871 1744 1935 &c.“)
1800 1876 1942 1926 varia
1965 1875 2210 1938 ,proferat
2252 1871 2491 1923 vaticinia
2543 1869 2606 1920 de
2626 1868 2788 1933 ,rebus
2823 1866 3038 1931 politicis
3075 1870 3127 1913 et
3163 1864 3344 1918 saci-is.

626 1954 895 2005 earumque
930 1941 1283 1993 mutationibus
1301 1977 1316 2002 ‚
1374 1944 1505 1995 cives
1558 1944 1629 1995 iui
1664 1944 1898 1996 Linciani
1947 1947 2070 1996 forte
2106 1944 2310 2009 Kepleri
2345 1941 2644 2006 spectabant
2677 1939 2830 1990 verba
2887 1935 3038 1999 („Ich
3071 1934 3216 1985 '⁰3²5
3257 1935 3345 1985 03¹¹

625 2010 774 2065 Thiar
808 2008 965 2073 hof)
1000 2010 1063 2063 de
1096 2012 1251 2077 ipsius
1288 2013 1606 2065 damnatione
1642 2016 1773 2082 vulgi
1808 2032 1944 2067 more
1981 2022 2206 2083 agentes.
2245 2044 2309 2055 —-

802 2078 946 2134 Haec
982 2088 1128 2139 sunt.
1178 2096 1309 2147 quae
1344 2084 1405 2135 de
1444 2082 1752 2137 calendariis
1789 2094 1842 2139 et
1875 2088 2207 2153 Prognosticis
2243 2084 2450 2150 Kepleri
2486 2079 2907 2146 deprehendimus.
2981 2074 3036 2127 Si
3071 2076 3199 2125 forte
3236 2074 3346 2126 alia

624 2150 833 2217 posthac
868 2152 1007 2202 uobis
1044 2160 1319 2213 occurrent,
1356 2156 1672 2220 sequentibus
1710 2158 2030 2223 adjungenda
2065 2164 2209 2209 eruut
2243 2155 2583 2207 voluminibus.

806 2220 899 2283 10)
934 2239 984 2286 p.
1024 2221 1143 2272 503.
1205 2224 1287 2275 De
1325 2226 1747 2278 Gddelmanno
1782 2229 1935 2279 refert
1968 2230 2254 2287 Joecherus,
2291 2232 2466 2278 natum
2503 2238 2610 2275 esse
2637 2222 2934 2285 Teutlingae
2961 2214 3342 2283 (ruttlingaeY)

624 2292 691 2345 ad
710 2292 1029 2345 Ganodurum
1055 2308 1185 2345 anno
1207 2292 1363 2358 1550,
1378 2294 1636 2349 Rostoehii
1649 2300 2086 2365 jurisprudentiam
2103 2300 2344 2357 docuisse,
2371 2302 2424 2348 et
2439 2301 2616 2361 postea
2633 2292 2861 2343 Dresdae
2883 2304 3086 2339 munere
3109 2287 3340 2337 iunctum

624 2366 775 2417 fuisse
810 2363 941 2431 quod
975 2363 1223 2431 Keplerus
1258 2367 1311 2417 in
1345 2368 1661 2432 inscriptione
1699 2370 1837 2421 dicit.
1887 2371 2088 2421 Librum
2125 2370 2425 2434 conscripsit,
2463 2366 2702 2419 Joeebero
2739 2369 2884 2423 teste,
2925 2361 2986 2411 de
3021 2358 3191 2425 Magis
3223 2356 3338 2415 be..

628 2442 681 2486 et
702 2440 923 2485 mortuus
951 2442 1027 2486 est
1044 2432 1271 2489 Dresdae
1290 2450 1336 2489 a.
1363 2434 1517 2488 1611.
1544 2440 1739 2491 Literas
1760 2442 2088 2493 deelmanni
2113 2440 2177 2492 ad
2197 2440 2467 2505 Keplerum
2491 2436 2688 2487 exhibet
2705 2432 2986 2484 Hanschius
3013 2428 3084 2491 (d.
3107 2430 3342 2480 Dresdae

626 2504 676 2555 2.
702 2504 829 2556 Nor.
860 2502 1036 2571 1610),
1074 2508 1127 2558 in
1151 2509 1322 2573 quibus
1347 2510 1473 2575 petit
1498 2523 1531 2561 a
1552 2510 1788 2575 Keplero,
1828 2519 1885 2562 ut
1917 2514 2007 2577 ipsi
2038 2510 2371 2571 „Deli-ionem,
2412 2510 2476 2560 ad
2511 2506 2738 2573 pusillum
2773 2502 3118 2553 ruminationis
3153 2499 3337 2550 usum*

626 2576 947 2629 transmittat.
1022 2576 1313 2630 Vei-sionem
1351 2580 1708 2633 Goedelmanni
1748 2582 1933 2641 „Vitae
1971 2582 2132 2635 Caroli
2167 2582 2248 2630 Ψ·
2290 2581 2496 2631 diximus
2531 2590 2680 2643 supra
2713 2590 2763 2641 p·
2804 2570 2924 2623 193·

804 2644 895 2711 20)
930 2662 978 2713 p.
1018 2644 1138 2698 504.
1209 2648 1467 2701 Desumsit
1512 2650 1641 2703 haee
1677 2654 1924 2719 Keplerus
1970 2668 1998 2705 e
2051 2654 2205 2705 literis
2241 2652 2451 2703 Fabricii
2488 2650 2535 2700 d.
2576 2651 2624 2699 d.
2661 2646 2747 2696 22.
2786 2646 2954 2697 Martii
2992 2640 3149 2702 1600,
3205 2656 3336 2705 quae

623 2718 855 2787 leguntur
888 2720 940 2769 in
975 2720 1131 2784 praef.
1171 2721 1237 2773 ad
1270 2718 1353 2772 lib.
1392 2721 1455 2773 de
1492 2722 1651 2776 Stella
1684 2722 1847 2775 Nova.
2757 2726 2768 2735 '

802 2786 961 2876 Quae.
984 2793 1151 2878 statim
1188 2797 1459 2858 sequuntur
1495 2795 1557 2846 de
1592 2795 1737 2847 stella
1773 2797 1824 2846 in
1855 2795 2043 2864 Cygno,
2083 2797 2253 2846 insunt
2289 2793 2550 2860 appendici
2589 2791 2654 2843 ad
2688 2789 2863 2840 librum
2899 2786 2962 2839 de
2987 2784 3147 2838 Stella
3171 2782 3330 2840 Nova.

635 2861 1386 2999 ΜςἫΚΜ
1412 2863 2757 3003 Ῑὲε.““εὲ;“..ἰπὶἒ3“ε“ἑ.ζῗ,.ἳῑε“.ῑ,.ῗῑ...,...
2783 2927 3096 2984 emm
3129 2926 3190 2978 Β.
3219 2925 3336 2976 υ...

799 3069 895 3134 22)
930 3087 980 3138 p.
1020 3069 1141 3125 506.
1214 3073 1351 3126 Nota
1368 3111 1383 3134 ,
1420 3076 1689 3141 Keplerum
1726 3078 1854 3130 haec
1891 3080 2142 3145 scripsisse
2179 3091 2310 3128 auno
2350 3073 2486 3126 1600
2505 3113 2522 3133 .
2578 3076 2830 3127 decretum
2869 3073 3036 3124 curiae
3071 3070 3336 3121 Romanae

622 3147 799 3196 contra
834 3141 1160 3208 Cepernicum
1198 3148 1303 3210 ejus
1336 3161 1400 3198 ue
1436 3153 1709 3200 sectatores
1744 3151 1982 3214 prodiisse
2019 3163 2150 3202 auno
2189 3145 2343 3198 1616.

800 3209 895 3273 23)
928 3228 978 3279 p.
1014 3209 1137 3266 508.
1208 3217 1324 3282 Kep
1340 3231 1456 3288 erus
1491 3219 1543 3268 in
1580 3219 1683 3270 libri
1724 3221 1786 3271 de
1823 3219 1984 3274 Stella
2018 3221 2160 3272 Nova
2195 3221 2358 3283 capite
2395 3217 2540 3270 xvl:
2607 3217 2789 3270 Solitas
2825 3229 2935 3266 sum
2971 3213 3182 3277 objicere
3219 3227 3330 3278 pro-

620 3285 895 3350 portionem
930 3285 1230 3348 anhnalculi,
1270 3288 1401 3352 quod
1436 3290 1688 3340 cuniculos
1724 3305 1870 3356 super
1891 3299 2056 3344 cutem
2091 3305 2270 3342 manus
2307 3293 2426 3356 agit,
2475 3289 2541 3340 ad
2577 3295 2855 3352 serpentem
2878 3287 3014 3336 illum
3033 3283 3332 3348 minianum,

628 3353 735 3405 120
767 3355 949 3420 pedum
987 3353 1078 3407 «tc.
1150 3357 1293 3410 Haec
1330 3359 1563 3413 Rbslinus
1599 3364 1671 3411 sic
1705 3362 1881 3428 lingua
1916 3364 2212 3414 Germanica
2247 3363 2422 3413 tradit:
2485 3361 2594 3412 Das
2647 3359 2781 3412 klein
2815 3357 3048 3422 lebendig
3079 3354 3332 3405 Thierieiu

620 3423 701 3512 (iu¹
732 3427 989 3494 margine:
1028 3425 1179 3489 sure)
1200 3463 1216 3488 ,
1272 3430 1361 3481 das
1412 3433 1527 3482 dem
1561 3429 1836 3484 Menschen
1890 3434 2133 3485 zwischen
2189 3434 2276 3484 der
2310 3431 2451 3484 Haut
2504 3433 2591 3483 der
2625 3433 2810 3497 Finger
2841 3428 3050 3480 kreucht
3085 3427 3187 3477 und
3221 3425 3333 3476 vbel

620 3499 821 3550 heisten
856 3497 985 3557 that,
1024 3513 1188 3565 gegen
1224 3499 1312 3551 der
1347 3515 1549 3566 grossen
1588 3501 1856 3570 Schlange,
1895 3505 1981 3555 der
2015 3503 2202 3555 Plinius
2238 3503 2487 3570 gedenckt
2523 3501 2612 3554 &c-

794 3567 888 3631 24)
924 3585 973 3634 p.
1012 3567 1134 3619 511.
1208 3571 1539 3623 Βδείἰιιιιοε
1600 3573 1713 3625 Wie
1766 3575 1895 3625 auch
1949 3573 2207 3642 geistliche
2246 3575 2418 3625 Gaben
2464 3589 2560 3623 von
2615 3576 2741 3624 oben
2776 3569 2932 3621 herab
2954 3571 3183 3622 kommen
3222 3586 3331 3622 vom

615 3639 801 3692 vatter
833 3641 925 3690 der
958 3640 1208 3699 necuter,
1246 3642 1385 3692 nicht
1418 3657 1513 3694 von
1548 3651 1705 3696 unten
1740 3646 1846 3704 her,
1891 3647 1974 3698 die
2009 3646 2287 3696 natiirliche
2323 3644 2552 3696 leiblicbe
2579 3643 2794 3700 Section,
2839 3643 2918 3693 die
2955 3643 3188 3708 liguriren
3224 3645 3328 3694 und

619 3709 787 3761 bilden
822 3725 913 3760 vus
948 3711 1027 3762 fiir
1066 3711 1149 3762 die
1188 3713 1441 3765 Gstfflche
1474 3714 1796 3767 himmlische.
1869 3717 2182 3768 Desshalben
2219 3731 2309 3767 vus
2347 3717 2468 3766 Gott
2513 3715 2646 3766 auch
2681 3714 2836 3766 durch
2872 3715 2968 3765 deu
3004 3715 3182 3781 Regen
3202 3749 3217 3772 .
3274 3729 3328 3765 so

614 3783 725 3834 sein
746 3780 905 3839 Won.
943 3781 1033 3832 du
1058 3782 1201 3834 Geist
1222 3783 1323 3834 und
1348 3785 1520 3837 Leben
1554 3787 1639 3844 ist,
1674 3788 1777 3838 und
1813 3802 1908 3838 von
1945 3789 2070 3840 oben
2105 3788 2446 3852 herabkompt‚
2483 3787 2735 3844 fiirbildet,
2772 3801 2836 3838 zu
2871 3786 3130 3838 verstehen
3165 3786 3330 3850 geben

612 3851 721 3914 hat,
762 3851 892 3937 dus·
915 3867 969 3903 es
1004 3852 1144 3904 nieht
1178 3855 1277 3906 ehu
1313 3856 1638 3908 Frucht—und
1673 3857 1809 3910 Nata
1846 3860 2073 3924 abgeheu
2109 3859 2200 3918 sol,
2236 3862 2330 3910 vie
2367 3860 2454 3910 der
2487 3859 2668 3924 Regen
2689 3893 2704 3918 ,
2741 3873 2796 3909 so
2833 3872 2928 3908 ven
2963 3857 3079 3908 dem
3111 3856 3328 3908 Himnel

613 3923 717 3976 und
756 3924 955 3974 Gesta-n
987 3924 1363 3991 geschvengert
1398 3941 1491 3977 von
1526 3929 1655 3980 oben
1690 3929 1844 3980 herab
1881 3931 2054 3996 kompt
2085 3931 2190 3982 und
2225 3931 2305 3981 die
2343 3930 2508 3982 Erden
2542 3929 2798 3982 fruchtbar
2831 3928 3020 3978 macht.

794 3989 884 4056 25)
920 4011 968 4058 p.
1010 3993 1132 4046 511.
1184 3995 1433 4062 ‘Roslin
1448 4014 1548 4050 us:
1608 3999 1717 4058 Ich,
1756 4001 1845 4051 der
1878 4002 1970 4051 mit
2003 4001 2190 4053 hohern
2223 4001 2327 4051 und
2372 4001 2648 4065 dichtigeru
2685 3999 2871 4051 Studiis
2908 3999 3121 4052 beladen
3143 4034 3160 4058 ,
3195 3999 3328 4050 mich

622 4066 709 4116 der
747 4065 1151 4119 Geomettischen
1187 4067 1555 4122 Instrumenten
1589 4069 1837 4122 niemalen
1877 4085 2238 4138 angenommen
2261 4107 2274 4128 ‚
2312 4071 2413 4122 lass
2451 4071 2587 4122 diese
2623 4073 2715 4122 mit
2748 4069 3021 4138 vmbgehen
3041 4107 3056 4130 ,
3116 4071 3196 4120 die
3232 4085 3330 4120 von

612 4136 777 4188 hohen
802 4136 1105 4188 Potentateu
1142 4138 1343 4189 darauff
1370 4139 1568 4192 bestellt
1600 4143 1705 4194 und
1739 4141 1844 4192 ihre
1881 4157 2048 4210 grosse
2072 4142 2358 4208 Beseldung
2393 4141 2600 4194 darumb
2638 4144 2817 4199 haben.
2855 4147 3074 4208 getrawe
3099 4143 3192 4191 mir
3215 4140 3328 4190 dem

614 4207 877 4274 gemeinen
915 4207 1227 4272 Augenmass
1264 4211 1397 4261 nach
1432 4211 1511 4262 die
1548 4211 1683 4263 Such
1719 4215 1887 4264 besser
1923 4229 1985 4264 zu
2019 4213 2225 4272 treffeu‚
2277 4213 2412 4263 dann
2469 4219 2665 4263 etwann
2724 4213 2857 4263 diese
2873 4249 2888 4271 ,
2943 4227 2998 4262 so
3051 4212 3144 4262 mit
3188 4209 3330 4261 ibren

614 4278 930 4344 praejudiciis
967 4279 1291 4333 Aristotelicis
1328 4283 1433 4332 also
1470 4283 1875 4349 eingenommen.
1931 4285 2047 4334 dass
2100 4285 2172 4334 sie
2225 4283 2328 4334 sich
2384 4285 2472 4336 der
2507 4283 2908 4334 Geometrischen
2959 4281 3328 4334 Instrumenten

614 4348 727 4400 vbel
760 4347 1097 4414 gebraucbeu,
1132 4357 1305 4403 setsen
1342 4353 1573 4404 dannoch
1610 4356 1690 4405 die
1728 4355 1968 4406 Cometen
2002 4357 2054 4404 in
2090 4355 2188 4404 den
2223 4353 2362 4404 Lufft
2395 4355 2497 4405 und
2534 4359 2733 4406 etwann
2769 4353 3054 4418 bevegiieh,
3099 4365 3202 4404 vas
3233 4365 3326 4402 vn-

613 4419 887 4486 beveglich
921 4421 1007 4478 ist,
1042 4421 1133 4470 wie
1170 4423 1300 4474 auch
1332 4423 1553 4476 crabbus
1588 4426 1685 4477 deu
1720 4439 1897 4476 neven
1935 4425 2082 4476 Steru
2120 4425 2230 4475 dees
2271 4423 2408 4473 1604
2443 4425 2592 4476 Jahn
2629 4425 2782 4476 durch
2815 4426 2956 4476 seine
2989 4426 3329 4476 lineamenta

614 4491 844 4542 mobilem
878 4495 1088 4556 gesetzt,
1128 4492 1199 4544 da
1232 4509 1285 4546 er
1321 4494 1447 4545 doch
1483 4497 1557 4546 nit
1593 4497 1673 4546 ein
1708 4496 1871 4547 minut
1905 4495 2014 4548 sich
2037 4501 2266 4548 versetct.
2309 4495 2560 4547 Deeshalb
2583 4495 2729 4548 isaac
2757 4494 3017 4548 Habrecbt
3047 4497 3102 4546 in
3137 4495 3328 4548 diesem

615 4561 747 4614 ihme
784 4561 989 4612 rnrecht
1024 4563 1217 4630 gesolgt
1250 4563 1323 4629 (in
1358 4566 1546 4618 libello:
1583 4567 1775 4618 Kurtze
1810 4567 1914 4618 und
1951 4566 2240 4633 grundlicbe
2265 4567 2636 4632 Beschreibung
2669 4569 2807 4618 eines
2845 4581 3020 4618 neven
3055 4572 3324 4633 vegeven-

613 4631 779 4684 lieheu
805 4631 979 4684 Stems
1014 4633 1133 4684 oder
1160 4633 1417 4694 Cometen,
1452 4637 1664 4688 weicher
1682 4672 1697 4687 .
1723 4673 1736 4686 .
1765 4673 1777 4688 .
1816 4639 1872 4688 in
1907 4637 2094 4690 diesem
2133 4633 2268 4687 1607
2293 4637 2418 4689 Jahr
2453 4638 2740 4689 erschienen
2775 4639 2857 4688 ist.
2895 4637 3111 4689 Sti-asab.
3140 4635 3325 4698 1607),

615 4703 719 4752 und
753 4701 825 4753 sol
863 4714 917 4753 er
952 4701 1027 4753 als
1063 4705 1145 4756 eiu
1162 4709 1345 4774 junget
1368 4706 1689 4774 angehender
1712 4709 2036 4760 Astronomus
2071 4705 2243 4770 (uatus
2268 4715 2346 4758 est
2367 4707 2682 4759 Habrechtus
2708 4722 2838 4758 auno
2866 4707 3026 4770 1587)
3063 4709 3138 4758 nit
3161 4709 3326 4759 einem

611 4773 765 4835 Jeden
800 4773 982 4840 fulgen,
1021 4777 1233 4830 sondern
1266 4778 1487 4844 probatis
1524 4779 1822 4836 auctoribus,
1861 4779 2023 4830 denen
2059 4795 2114 4831 so
2149 4779 2335 4830 bewert
2369 4778 2526 4837 seind.
2563 4780 2666 4830 und
2702 4779 2854 4829 deren
2880 4777 3141 4830 Schrifften
3166 4779 3323 4834 lesen,

617 4843 694 4893 als
730 4841 1006 4908 Tycbonim
1043 4848 1279 4913 Keppleri
1296 4883 1311 4907 ‚
1349 4849 1598 4900 Moestlini
1637 4847 1747 4907 dte..
1803 4863 1859 4900 so
1894 4849 2014 4902 vird
2051 4865 2106 4902 er
2141 4848 2255 4901 bald
2292 4849 2494 4901 auderst
2528 4849 2767 4902 informirt
2801 4849 2997 4902 werden
3033 4851 3134 4902 uud
3169 4849 3325 4902 heber

3552 1858 3555 1867 -
3549 1554 3556 1795 ----.ῌ-ΑΔ
3551 1432 3556 1545 .-.-.

3547 2596 3556 2866 1
