3634 5575
1403 416 1466 468 dc
1501 419 1646 468 rebus
1683 419 2007 484 astrologicis.
2934 417 3059 484 381

353 570 622 657 pudiant,
671 579 742 635 ut
783 573 1190 636 dissonantes.
1285 573 1390 637 Sic
1435 575 1622 656 igitur
1666 576 1764 638 hic
1807 594 2015 638 ramus
2060 574 2543 638 ratiocinationis
2592 574 2906 638 absolutus
2936 585 3063 640 est:

357 680 536 726 aures
581 663 769 736 enim,
830 682 984 743 quae
1031 664 1328 726 hactenus
1371 664 1537 726 illum
1583 665 1922 727 continuari
1970 671 2112 727 sunt
2155 683 2405 745 passae,
2466 665 2596 748 jam
2643 667 2871 727 sistunt
2910 666 3067 728 hanc

353 751 880 814 continuationem.
967 753 1136 814 Idem
1168 753 1408 828 accidit,
1460 754 1534 828 si,
1579 761 1652 816 ut
1693 772 1841 833 pars
1888 751 1929 816 2
1979 773 2113 816 cum
2150 761 2285 816 tota
2312 750 2353 815 5
2384 762 2695 830 consonat,
2748 755 2837 818 sic
2874 761 3067 818 totam

353 842 412 903 in
461 837 499 902 7
548 840 704 903 velis
751 841 1018 903 dividere
1031 860 1050 916 3
1113 861 1256 904 nam
1301 850 1444 904 tunc
1492 843 1731 923 quidem
1775 861 1921 924 pars
1967 839 2010 904 2
2065 861 2199 904 cum
2242 849 2421 926 parte
2470 841 2508 905 5
2558 843 2948 918 consonabit,
3000 853 3068 905 at

353 947 544 1010 neque
589 947 734 1010 pars
782 928 844 1004 2,
891 949 1083 1011 neque
1127 949 1271 1010 pars
1319 929 1360 994 5
1409 932 1765 994 consonabit
1809 951 1945 994 cum
1992 939 2127 994 tota
2163 929 2227 994 7.
2301 930 2387 992 Et
2433 932 2573 1011 quia
2600 933 2917 994 verbosum
2948 943 3063 1007 est,

351 1019 588 1098 reliqua
633 1019 911 1082 similiter
967 1019 1213 1100 exsequi
1269 1019 1445 1099 hujus
1491 1020 1975 1083 ratiocinationis
1995 1069 2011 1096 ,
2080 1019 2287 1100 accipe
2334 1027 2527 1084 totam
2590 1021 2755 1082 illam
2810 1021 2871 1082 in
2918 1028 3065 1102 typo

353 1107 522 1181 (vide
567 1126 749 1188 supra
791 1125 850 1187 p.
891 1104 1075 1183 373).
1169 1109 1494 1188 Tantisper
1539 1111 1696 1171 enim
1741 1109 2017 1190 procedit
2061 1108 2463 1184 ratiocinatio,
2513 1111 2709 1190 quoad
2744 1109 3067 1188 impegerit

353 1197 412 1259 in
459 1215 738 1259 numeros
789 1197 858 1272 7,
908 1193 980 1272 9,
1036 1194 1148 1273 11,
1205 1193 1306 1259 13.
1401 1196 1472 1260 Si
1519 1199 1676 1260 enim
1724 1205 1861 1260 tota
1906 1198 2132 1260 chorda
2192 1197 2253 1259 in
2314 1205 2411 1260 tot
2472 1207 2681 1278 partes
2738 1197 3061 1273 dividatur,

345 1287 478 1367 jam
522 1293 731 1365 partes
780 1286 1308 1367 quomodocunque
1354 1295 1588 1350 sumtae
1638 1309 1675 1349 a
1719 1293 1856 1350 tota
1900 1287 2237 1349 dissonant.

537 1371 867 1445 Quaeritur
911 1375 1008 1436 hic
1056 1376 1155 1449 (ut
1198 1375 1478 1438 immorer
1524 1377 1982 1458 aliquantisper,
2028 1377 2377 1457 priusquam
2425 1375 2503 1436 ad
2550 1381 2747 1436 totam
2790 1396 2900 1437 του
2946 1379 3063 1438 δια-

349 1485 558 1525 naam
603 1463 962 1526 divisionem
1004 1465 1409 1544 progrediar),
1459 1483 1612 1545 quae
1659 1485 1847 1528 causa
1893 1465 1993 1541 sit,
2044 1483 2148 1527 cur
2195 1477 2369 1526 aures
2415 1463 2605 1544 primo
2656 1463 2810 1526 inter
2854 1475 3063 1544 partes

357 1552 383 1614 1
441 1559 506 1612 et
556 1551 610 1628 1,
663 1560 728 1614 et
771 1559 966 1614 totam
1013 1551 1090 1626 2,
1136 1561 1357 1632 postea
1401 1553 1562 1616 inter
1605 1563 1814 1634 partes
1868 1552 1933 1629 1,
1984 1552 2025 1617 2
2073 1561 2137 1614 et
2182 1561 2377 1614 totam
2422 1549 2491 1627 3,
2540 1551 2698 1614 inter
2742 1561 2953 1632 partes
3008 1553 3061 1628 1,

353 1638 392 1704 3
441 1649 504 1700 et
550 1648 745 1703 totam
791 1637 850 1715 4,
901 1649 1108 1720 partes
1169 1643 1218 1716 1,
1265 1638 1310 1704 4
1357 1651 1422 1705 et
1466 1651 1660 1704 totam
1707 1641 1766 1718 5,
1815 1650 2026 1723 partes
2078 1640 2142 1717 1,
2195 1640 2234 1704 5
2282 1648 2347 1702 et
2392 1648 2587 1702 totam
2634 1637 2693 1716 6,
2744 1649 2953 1720 partes
3000 1639 3060 1715 2,

353 1727 394 1792 3
443 1737 506 1790 et
549 1737 744 1791 totam
790 1726 853 1803 5,
899 1737 1108 1810 partes
1158 1728 1220 1804 3,
1268 1727 1308 1793 5
1357 1737 1420 1792 et
1466 1739 1660 1794 totam
1707 1729 1767 1806 8,
1821 1732 2161 1813 approbent
2204 1730 2681 1804 consonantiam,
2729 1730 2891 1792 inter
2918 1747 3062 1792 vero

349 1824 544 1880 totam
592 1818 652 1894 7,
701 1815 763 1894 9,
821 1817 931 1892 11,
984 1816 1065 1883 13
1113 1826 1178 1880 et
1220 1828 1428 1899 partes
1477 1839 1859 1902 quascunque
1906 1820 2132 1883 nullam
2194 1819 2507 1881 inveniant
2553 1819 3062 1882 concordantiam.

347 1907 608 1969 Putares
653 1927 904 1970 causam
951 1927 1106 1979 esse,
1156 1910 1314 1990 quod
1362 1906 1421 1986 7,
1473 1905 1536 1984 9,
1590 1908 1691 1981 11,
1745 1907 1829 1973 13
1878 1917 2019 1972 sunt
2064 1909 2349 1990 impares.
2444 1909 2535 1970 At
2578 1927 2692 1970 non
2744 1915 2841 1970 est
2856 1927 2874 1982 ;
2922 1925 3063 1969 nam

353 2005 420 2058 et
464 1994 502 2060 3
551 2003 616 2058 et
664 1993 704 2058 5
753 2005 894 2058 sunt
939 1997 1232 2077 impares,
1293 2017 1402 2060 nec
1457 1997 1789 2081 impediunt
1846 1999 2325 2062 concordantiae.
2418 1997 2630 2078 Neque
2678 1997 2829 2060 haec
2878 2015 3065 2058 causa

350 2092 467 2161 est,
515 2085 674 2165 quod
719 2085 844 2147 sint
885 2087 1094 2168 primi3
1143 2105 1282 2148 nam
1328 2083 1370 2151 9
1417 2105 1533 2149 non
1581 2095 1678 2150 est
1723 2105 2002 2149 numerus
2048 2087 2295 2166 primus,
2344 2093 2411 2147 et
2454 2094 2657 2148 tamen
2708 2086 3061 2147 discordans

349 2182 465 2250 est,
515 2181 582 2236 et
623 2181 836 2237 contra
881 2173 940 2249 3,
993 2171 1034 2238 5
1081 2181 1223 2238 sunt
1265 2176 1464 2255 primi,
1511 2195 1622 2238 nec
1669 2185 1872 2238 tamen
1918 2175 2267 2237 discordant
2316 2195 2355 2236 a
2381 2175 2507 2236 suis
2536 2173 2830 2254 partibus.
2904 2173 3059 2236 Dico

347 2262 530 2344 igitur
577 2281 822 2332 causam
877 2263 1034 2326 hanc
1094 2283 1270 2339 esse,
1338 2264 1478 2346 quia
1542 2265 1853 2327 circularis
1916 2263 2077 2326 linea
2142 2265 2326 2344 (quae
2392 2263 2738 2343 aequivalet
2800 2263 3061 2326 chordae

349 2359 552 2414 rectae
601 2359 664 2413 et
709 2353 1161 2433 aequisonaret,
1229 2354 1279 2415 si
1327 2353 1704 2418 circulariter
1763 2352 1931 2416 tendi
1977 2353 2204 2434 possit)
2270 2353 2332 2413 in
2381 2348 2458 2426 2,
2510 2349 2583 2424 3,
2630 2348 2713 2425 4,
2762 2349 2838 2426 5,
2890 2347 2967 2429 6,
3016 2348 3060 2415 8

349 2441 536 2503 dividi
582 2443 946 2521 geometrice
991 2449 1216 2521 potest,
1265 2443 1324 2503 in
1374 2442 1432 2518 7,
1486 2439 1544 2516 9,
1605 2442 1698 2516 11,
1756 2439 1837 2505 13
1865 2442 2228 2520 geometrice
2258 2440 2442 2502 dividi
2481 2441 2705 2520 nequit,
2755 2459 2871 2502 non
2910 2439 3058 2502 vitio

351 2530 698 2592 intellectus
745 2532 954 2606 nostri,
1004 2551 1119 2592 non
1166 2531 1615 2612 imperfectione
1665 2531 1955 2592 scientiae
2003 2529 2425 2612 geometricae,
2474 2529 2581 2590 sed
2614 2537 2853 2590 natura.
2928 2530 3057 2590 Im-

347 2618 538 2699 plicat
584 2619 800 2700 quippe
847 2619 1417 2695 contradictionem,
1486 2619 1767 2681 circulum
1834 2619 1894 2681 in
1944 2615 1982 2680 7
2032 2618 2311 2698 aequalia
2356 2619 2719 2698 geometrice
2768 2617 3055 2680 dividere.

347 2707 564 2789 Itaque
595 2709 856 2771 facultas
884 2709 1007 2782 illa,
1060 2727 1212 2791 quae
1251 2717 1500 2791 praeest
1537 2709 1785 2783 auditui,
1837 2725 2105 2770 summae
2134 2707 2387 2769 rationis
2416 2725 2641 2786 capax,
2688 2707 2828 2768 illos
2876 2723 3059 2768 sonos

347 2797 668 2878 improbat,
721 2799 820 2878 qui
865 2800 1058 2861 fluunt
1105 2820 1142 2859 a
1187 2798 1658 2879 longitudinibus
1707 2798 2211 2878 α’γεωμετρητοιςς
2259 2797 2575 2877 approbat,
2624 2798 2724 2878 qni
2772 2816 2809 2857 a
2854 2796 3055 2877 longi-

348 2886 652 2949 tudinibus
700 2888 1083 2967 geometricis
1129 2889 1415 2969 pendent.
1491 2886 1631 2959 Qua
1675 2888 1736 2949 in
1784 2906 1849 2949 re
1898 2896 2231 2954 creatorem
2276 2887 2546 2947 imitatur
2574 2895 2869 2960 creatura,
2922 2904 3060 2947 nam

348 2984 412 3037 et
456 2974 560 3037 ille
609 2994 804 3038 rerum
851 2977 1022 3038 ideas
1071 2977 1368 3039 desumsit
1413 2996 1446 3038 e
1493 2996 1648 3058 penu
1694 2976 2078 3057 geometrico,
2126 2994 2243 3037 non
2292 2994 2369 3035 ex
2398 2976 2837 3055 quantitatibus
2884 2974 3058 3054 ἀγεω-

345 3084 694 3145 μετρητοιςς
743 3084 896 3144 pene
943 3064 1251 3141 dixissem,
1301 3065 1447 3128 illud
1494 3065 1744 3141 creavit,
1791 3066 1949 3148 quod
1990 3084 2195 3127 creare
2230 3063 2459 3144 potuit3
2509 3064 2667 3144 quod
2696 3082 2811 3125 non
2840 3067 3059 3145 potuit,

349 3154 567 3217 omisit.
662 3152 824 3217 Sane
887 3148 1194 3217 fatendum
1245 3163 1378 3229 est,
1449 3155 1606 3234 quod
1671 3156 1983 3216 contendit
2037 3155 2217 3217 Plato
2288 3161 2350 3216 et
2408 3172 2485 3215 ex
2532 3172 2601 3215 eo
2652 3152 2864 3217 Cicero
2932 3150 3059 3235 (De
3152 3219 3159 3228 ,

345 3240 730 3305 Divinatione
768 3243 924 3316 11.):
972 3244 1145 3306 nefas
1195 3262 1329 3306 esse
1377 3244 1666 3322 cogitare,
1715 3250 1780 3305 ut
1819 3244 1987 3305 Deus
2026 3243 2366 3306 condiderit
2400 3243 2683 3305 mundum
2731 3262 2847 3304 non
2879 3250 3060 3324 quam

345 3332 472 3393 fleri
517 3332 716 3412 potnit
761 3333 1072 3413 optimum,
1141 3332 1272 3415 ipse
1321 3332 1583 3413 optimus
1643 3338 1707 3392 et
1763 3332 2263 3411 perfectissimus.
2355 3333 2425 3394 In
2472 3334 2585 3394 hoc
2632 3332 2765 3393 solo
2811 3332 3061 3394 offendit

343 3421 562 3500 pietaS,
613 3422 771 3501 quod
817 3421 1108 3484 bonitatis
1155 3423 1322 3502 leges
1370 3428 1435 3483 et.
1479 3419 1908 3482 necessitatem
1937 3421 2108 3482 videt
2134 3422 2421 3482 collocari
2465 3440 2581 3481 non
2628 3422 2687 3482 in
2717 3421 2832 3482 Dei
2880 3440 3056 3484 crea-

343 3509 494 3571 toris
543 3509 809 3585 arbitrio,
861 3512 968 3573 sed
1014 3518 1206 3586 extra,
1255 3510 1316 3571 in
1363 3510 1504 3571 idea
1549 3510 1937 3591 geometrica.
2013 3510 2206 3588 Atqui
2253 3509 2482 3588 cogitet
2519 3509 2855 3588 theologuS,
2903 3510 3057 3572 hanc

341 3596 539 3679 ipsam
583 3618 782 3661 rerum
829 3600 1324 3681 geometricarum
1375 3599 1706 3671 familiam,
1773 3616 1850 3660 ex
1906 3616 2025 3677 qua
2091 3598 2231 3659 idea
2292 3597 2495 3658 mundi
2562 3596 2879 3677 depromta
2938 3607 3050 3673 est,

343 3688 512 3768 prius
577 3687 636 3749 in
683 3688 822 3770 ipsa
868 3690 1135 3751 essentia
1199 3688 1406 3749 divina
1466 3688 1688 3761 fuisse,
1755 3705 1932 3766 quam
1996 3687 2057 3748 in
2122 3686 2399 3748 materia.
2492 3687 2552 3748 A
2598 3686 2852 3747 materia
2900 3686 3055 3748 enim

345 3784 548 3838 mente
592 3782 806 3858 potest'
850 3775 1142 3851 abstrahi,
1189 3796 1227 3839 a
1273 3784 1474 3839 mente
1505 3777 1710 3839 divina
1757 3774 2031 3838 abstrahi
2070 3776 2437 3856 cogitatione
2476 3794 2591 3836 non
2620 3782 2847 3854 potest.
2927 3774 3053 3856 Igi-

345 3872 444 3927 tur
489 3866 552 3927 in
597 3867 730 3927 Deo
779 3866 892 3929 fuit
935 3865 1342 3928 essentialiter
1391 3867 1465 3927 ab
1515 3874 1789 3940 aeterno,
1846 3867 1909 3928 in
1956 3867 2273 3928 materiam
2321 3883 2396 3925 ex
2440 3864 2555 3926 Dei
2602 3865 2871 3925 essentia
2916 3883 3053 3927 cre-

345 3954 502 4015 ando
553 3952 808 4017 influxit.
902 3954 1181 4031 Diceres,
1241 3954 1573 4018 essentiam
1621 3956 1889 4018 divinam
1937 3974 2072 4016 esse
2122 3954 2529 4035 sphaericum,
2577 3972 2805 4016 vacans
2852 3954 3053 4033 spatio
3146 3978 3153 3983 ·

345 4051 408 4105 et
453 4042 730 4117 materia,
780 4043 870 4111 sic
916 4050 984 4105 ut
1009 4044 1178 4106 Deus
1223 4051 1400 4125 pater
1447 4044 1530 4105 sit
1575 4052 1866 4119 centrum,
1915 4044 2069 4105 filius
2119 4042 2483 4123 superficies,
2534 4044 2783 4124 spiritus
2813 4043 3051 4106 distan-

303 4134 472 4195 -tiae
521 4132 858 4214 aequalitas
905 4134 1094 4195 centri
1143 4154 1180 4194 a
1227 4133 1554 4213 superficie.
1647 4134 1786 4195 Jam
1834 4150 2053 4194 novum
2112 4132 2174 4192 in
2220 4132 2528 4211 theologia
2574 4150 2691 4193 non
2740 4139 2873 4207 est,
2940 4150 3053 4195 vo-

345 4223 641 4283 luntatem
689 4227 752 4284 et
798 4221 1112 4284 arbitrium
1153 4222 1272 4284 Dei
1317 4222 1448 4303 regi
1493 4242 1532 4283 a
1575 4220 1810 4301 legibus
1870 4222 2173 4282 essentiae
2212 4240 2405 4293 -suae,
2472 4230 2541 4283 ut
2594 4220 2837 4283 mentiri
2883 4220 3055 4294 nolit,

343 4310 484 4391 quia
529 4330 648 4373 non
693 4320 938 4393 potest,
1007 4312 1482 4374 contradictoria
1527 4311 1710 4384 nolit,
1780 4310 1921 4390 quia
1976 4318 2253 4391 pugnant
2314 4328 2447 4371 cum
2510 4309 2704 4390 ipsius
2761 4310 3048 4371 essentia.

341 4399 551 4462 Noluit
596 4401 779 4481 igitur
823 4401 1003 4463 aliam
1049 4400 1256 4463 indere
1304 4402 1554 4462 formam
1601 4398 1818 4461 mundo
1866 4399 2207 4472 materiato,
2260 4418 2437 4478 quam
2486 4401 2655 4480 cujus
2704 4398 2901 4459 ideam
2948 4416 3051 4460 re-

338 4488 498 4569 perit
544 4488 1012 4553 immateriatam
1060 4498 1124 4551 et
1169 4497 1236 4550 ut
1281 4489 1371 4551 ita
1417 4489 1613 4550 dicam
1657 4487 2055 4569 inspatiosam
2100 4491 2162 4549 in
2231 4506 2341 4549 sua
2378 4488 2666 4550 essentia.
2756 4487 2873 4549 Illa
2908 4504 3051 4549 vero

340 4596 456 4640 non
505 4578 774 4643 admittit
820 4577 1278 4660 septangulum,
1347 4577 1786 4656 nonangulum,
1856 4577 2079 4638 nullum
2132 4576 2320 4657 igitur
2364 4576 2704 4657 hujusmodi
2750 4583 2943 4658 neque
2990 4576 3051 4638 in

341 4668 712 4747 corporibus,
761 4686 954 4749 neque
999 4667 1061 4729 in
1108 4668 1390 4739 motibus,
1438 4684 1628 4746 neque
1675 4666 1735 4728 in
1765 4684 2053 4727 sensuum
2096 4665 2475 4747 praesidibus
2523 4666 2917 4729 facultatibus
2956 4673 3053 4727 est

341 4774 711 4837 expressum.
807 4756 1076 4822 Causam
1120 4757 1226 4833 rei,
1279 4775 1457 4839 quam
1505 4755 1795 4836 detegunt
1843 4772 2052 4830 aures,
2106 4772 2325 4837 quaere
2372 4754 2587 4832 aliam,
2636 4754 2689 4817 si
2735 4754 2885 4817 haec
2931 4772 3047 4817 non

335 4846 560 4926 placet.
