3634 5575
1413 395 1476 446 de
1511 395 1658 448 rebus
1691 395 2017 462 munaida.
2944 394 3072 469 &3

356 553 555 626 litate,
605 571 794 626 cansa
839 549 1000 616 acuti
1047 557 1113 613 et
1157 550 1381 632 gravis,
1431 552 1628 632 sitque
1676 551 1869 614 omnis
1912 551 2186 626 ι’σοτονος
2232 560 2297 615 et
2340 555 2589 634 speciali
2620 553 2855 616 nomine
2894 557 3077 634 φθογ.

327 665 482 736 joc,
528 641 590 703 in
636 640 806 703 coelo
853 647 1066 702 contra
1110 658 1318 704 omnes
1365 640 1528 714 soni,
1577 639 1905 721 (siquidem
1953 643 2287 704 existerent
2330 643 2491 718 soni)
2540 650 2683 704 sunt
2726 641 3073 713 ἀνισοτωοι,

359 739 427 796 ut
471 729 532 792 in
579 729 861 792 continuo
925 727 1274 791 intentionis
1341 736 1405 791 et
1467 728 1837 793 remissionis
1893 739 2068 804 actu,
2138 750 2210 792 ac
2272 729 2323 792 si
2385 731 2517 812 quis
2564 731 2847 794 chordam
2894 731 3073 794 simul

353 819 658 901 pulsaret,
725 815 904 880 simul
959 815 1300 881 intenderet
1345 826 1409 879 et
1453 818 1810 881 remitteret.
1904 820 2199 881 Plauetae
2247 819 2405 882 enim
2460 818 2715 901 apogaei
2760 830 3077 882 moventur

357 907 635 981 remisse,
703 905 762 968 in
807 904 1094 986 perigaeo
1143 905 1474 968 incitatius.
1567 908 1780 988 Itaque
1830 907 2085 988 apogaei
2130 925 2380 986 gravem
2440 908 2795 971 exhiberent
2839 927 3067 983 sonum,

354 993 624 1077 perigaei
669 1001 929 1056 acutum.
1022 993 1120 1056 Ac
1167 995 1283 1057 etsi
1330 994 1506 1074 hujus
1555 995 1847 1058 acuminis
1894 1003 1959 1058 et
1984 996 2330 1075 gravitatis,
2378 997 2757 1070 intensionis,
2806 997 3070 1078 inquam,

355 1093 422 1148 et
464 1081 834 1148 remissionis
880 1101 1160 1146 mensura
1203 1083 1498 1164 reperitur
1541 1083 1818 1164 proxime
1862 1084 1925 1146 in
1972 1084 2267 1147 distantia
2310 1086 2593 1165 planetae
2640 1106 2679 1146 a
2724 1094 2954 1158 centro,
3004 1095 3071 1147 ut

357 1174 414 1236 in
473 1173 675 1236 Marte
729 1169 1012 1251 probavi,
1081 1177 1286 1250 tamen
1343 1171 1498 1234 ratio
1557 1172 1717 1235 fallit
1773 1172 1835 1234 in
1892 1175 2340 1253 comparatione
2402 1175 2648 1238 duorum
2694 1173 3071 1254 planetarum

353 1264 513 1326 inter
556 1279 658 1335 se;
706 1279 822 1323 non
868 1258 1028 1322 enim
1074 1269 1142 1322 nt
1188 1259 1491 1333 diametri,
1538 1261 1626 1324 sic
1671 1269 1891 1336 motus,
1940 1281 2128 1325 causa
2171 1262 2525 1325 intensionis
2572 1272 2639 1324 et
2672 1262 3066 1325 remissionis.

351 1351 644 1416 Defectus
688 1356 865 1431 patet
909 1367 986 1408 ex
1025 1347 1322 1430 Mysterio
1376 1346 1911 1430 cosmographico.
2004 1351 2225 1414 Altera
2270 1369 2475 1428 causa,
2522 1370 2627 1414 cur
2672 1369 2805 1414 cum
2834 1351 3069 1434 Pytha-

351 1437 592 1524 goraeis
657 1444 722 1500 et
765 1437 962 1500 Plinio
1027 1445 1187 1500 erret
1231 1435 1656 1514 Reinhardus‚
1723 1458 1798 1500 ex
1864 1439 2027 1502 sonis
2092 1439 2337 1503 musicis
2404 1441 2671 1505 formans
2742 1439 3069 1505 diametros

353 1528 732 1610 planetarum
755 1573 772 1601 ,
845 1533 944 1588 est
1007 1525 1192 1599 haec,
1269 1527 1426 1606 quod
1491 1527 1770 1590 diametri
1836 1525 2257 1608 intelliguntur
2320 1529 2710 1607 sphaerarum
2767 1528 3065 1603 diametri,

355 1618 618 1698 sphaera
662 1633 804 1677 vero
850 1615 949 1676 vel
993 1634 1209 1695 corpus
1257 1623 1352 1678 est
1399 1616 1724 1681 secundum
1767 1615 2073 1698 physicos,
2122 1617 2219 1678 vel
2266 1617 2433 1680 locus
2482 1617 2731 1691 solidus,
2780 1617 2842 1679 in
2890 1636 3066 1699 quem

357 1707 606 1789 planeta
651 1723 934 1766 successu
981 1704 1315 1766 seculorum
1363 1704 1564 1768 venire
1611 1713 1837 1787 potest.
1930 1704 2227 1768 Diamotri
2267 1705 2450 1786 igitur
2484 1705 2877 1788 sphaerarum
2914 1726 3067 1768 nan-

351 1796 661 1858 ciscuntur
706 1792 1126 1874 proportiones
1172 1812 1314 1854 suas
1362 1813 1438 1854 ex
1482 1793 1690 1874 figuris
1735 1793 1979 1867 solidis,
2034 1802 2102 1858 nt
2156 1794 2395 1856 ostendi
2451 1794 2510 1858 in
2556 1793 2853 1876 Mysterio
2902 1793 3064 1857 Cos-

352 1881 758 1964 mographico.
853 1880 1086 1944 Contra
1131 1899 1312 1944 sonus
1361 1890 1458 1945 est
1503 1890 1730 1958 motns3
1778 1883 1969 1946 omnis
2016 1902 2159 1945 vero
2206 1891 2409 1946 motus
2455 1882 2517 1946 in
2556 1883 2743 1945 linea:
2795 1893 3063 1946 motuum

351 1973 537 2053 igitur
580 1972 886 2052 proportio
933 1969 1384 2032 convenientius
1433 1972 1743 2052 quaeritur
1787 1991 1866 2033 ex
1910 1971 2115 2052 figuris
2160 1971 2545 2052 geometricis
2590 1972 2817 2052 planis,
2869 1973 3065 2034 circu-

353 2061 474 2124 lum
521 2063 750 2134 (motus
795 2059 1078 2121 coelestis
1115 2059 1370 2132 lineam)
1421 2060 1848 2122 dividentibus,
1941 2061 2027 2122 Ut
2073 2061 2228 2122 enim
2274 2081 2341 2122 se
2390 2061 2575 2122 babet
2606 2061 2765 2122 linea
2810 2062 2887 2122 ad
2926 2079 3065 2122 cor-

351 2169 464 2230 pus
512 2149 786 2222 solidum,
838 2147 928 2208 sic
975 2167 1040 2208 se
1087 2146 1274 2210 habet
1321 2149 1758 2228 quodammodo
1805 2157 2005 2210 motus
2053 2149 2129 2210 ad
2178 2168 2395 2228 corpus
2442 2149 2775 2232 physicum.

535 2239 628 2299 De
699 2235 1084 2311 „enarmonio
1131 2235 1502 2298 chromatico
1551 2246 1616 2299 et
1661 2237 2009 2299 diatonico“
2080 2257 2257 2318 quum
2302 2256 2513 2316 parum
2560 2237 2737 2300 hodie
2784 2237 3065 2310 sciamus,

355 2345 466 2390 nec
512 2326 696 2389 ullum
747 2325 1080 2404 exemplum
1129 2323 1426 2386 melodiae
1475 2333 1662 2404 extet,
1711 2345 1788 2386 ex
1836 2345 1951 2406 quo
1998 2325 2319 2389 discrimen
2369 2325 2577 2388 horum
2624 2345 2911 2404 generum
2950 2345 3065 2406 ap-

349 2424 584 2494 pareat,
635 2415 864 2479 frustra
907 2432 1018 2476 nos
1065 2413 1275 2492 opinor
1316 2414 1612 2476 desudare
1659 2414 2206 2492 comparationibus
2256 2434 2363 2494 per
2408 2434 2485 2476 ea
2526 2414 2939 2476 instituendis.

530 2503 622 2564 De
667 2503 914 2564 vocibus
961 2507 1090 2576 ‚‚ut‚
1137 2519 1222 2575 re,
1273 2502 1372 2576 mi,
1423 2502 1506 2575 fa,
1553 2505 1664 2578 sol,
1719 2504 1818 2564 la“
1868 2503 2081 2565 eadem
2130 2503 2207 2564 ad
2238 2500 2571 2566 Calvisium
2620 2504 2853 2583 scripsi,
2906 2519 3101 2584 qnaex

352 2592 450 2654 hic
507 2592 742 2673 quaerit
800 2589 1213 2652 Reinhardus:
1291 2590 1527 2654 scilicet
1591 2591 1816 2653 aboleri
1878 2610 2096 2671 posse,
2167 2600 2229 2653 et
2272 2591 2401 2672 jam
2467 2591 2541 2653 de
2590 2593 2752 2653 facto
2802 2591 3063 2652 abolitas

351 2699 491 2743 esse
541 2679 579 2741 7
629 2679 857 2742 literis:
909 2701 964 2759 a,
1012 2679 1070 2752 b,
1123 2699 1176 2748 c,
1225 2679 1282 2754 d,
1335 2699 1384 2754 e,
1437 2680 1479 2754 f,
1525 2681 1631 2760 g‚“
1677 2679 1732 2741 si
1780 2680 1955 2744 modo
2003 2679 2135 2761 quis
2173 2690 2502 2744 assuescat
2548 2679 2911 2742 nominibus:
2961 2699 3063 2756 „a,

351 2766 447 2846 b'e,
497 2790 586 2845 ce,
637 2769 730 2844 de,
781 2790 833 2843 e,
885 2770 962 2844 ef,
1012 2767 1158 2847 ge.“
1916 2833 1928 2845 ,
2056 2808 2063 2815 -

525 2857 1058 2938 Comparationem
1103 2856 1260 2918 hanc
1307 2857 1696 2937 sphaerarum
1743 2874 1879 2919 cum
1926 2856 2094 2919 sonis
2140 2857 2383 2919 musicis
2426 2858 2900 2921 Ptolemaeus
2948 2858 3064 2919 tri-

350 2948 461 3010 bus
507 2946 736 3009 ultimis
781 2946 1080 3027 capitibus
1132 2945 1266 3007 libri
1315 2946 1479 3007 tertii
1525 2945 2020 3007 Harmonices
2068 2946 2385 3027 complecti
2434 2946 2649 3021 voluit,
2701 2946 2809 3009 sed
2855 2947 3063 3010 titulos

350 3032 770 3099 tantummodo
818 3035 1120 3116 capitibus
1167 3034 1464 3114 praefixit.
1558 3035 1823 3097 Textum
1872 3033 2181 3115 Gregoras
2228 3035 2493 3109 addidit,
2544 3034 2651 3097 sed
2698 3036 2957 3099 alienum
3002 3043 3067 3097 et

347 3124 854 3204 impertinentem,
902 3133 974 3187 ut
1017 3124 1396 3187 demonstrat
1423 3124 1790 3187 Baarlamus
1838 3124 2185 3200 monachus,
2236 3142 2413 3205 quem
2439 3125 2615 3186 verti.
2690 3125 3065 3187 Difficultate

347 3214 640 3277 materias
687 3212 998 3285 absterriti
1043 3212 1325 3292 progredi
1371 3231 1484 3275 non
1533 3220 1881 3291 potuerunt.
1958 3213 2029 3274 In
2079 3211 2493 3293 Gopernico
2540 3222 2683 3275 sunt
2728 3213 2923 3276 omnia
2953 3232 3065 3273 ex-

344 3302 666 3383 peditiora.
709 3346 718 3355 .
759 3303 828 3364 In
877 3302 1028 3364 libro
1077 3302 1160 3364 de
1209 3301 1464 3364 Stella
1528 3318 1658 3379 cap.
1717 3296 1815 3362 16.
1882 3301 2154 3364 invenies
2217 3320 2428 3363 crassa
2472 3300 2752 3364 Minerva
2810 3319 3065 3381 propor-

347 3393 544 3455 tiones
593 3390 926 3455 celeritatis
982 3391 1362 3470 planetarum
1429 3389 1486 3450 in
1543 3389 1944 3453 mediocribus
2002 3390 2129 3452 suis
2195 3389 2507 3453 distantiis
2562 3412 2603 3453 a
2647 3390 2812 3453 Sole.
2904 3390 3066 3453 Nam

345 3474 386 3559 ij
433 3481 494 3543 in
541 3500 662 3543 una
721 3481 870 3542 hora
915 3477 1180 3544 absolvit
1233 3477 1516 3541 milliaria
1561 3474 1732 3552 300,
1798 3478 1861 3552 Q
1904 3474 2071 3553 400,
2139 3488 2191 3548 d
2240 3474 2407 3553 600,
2478 3482 2527 3553 ὃ
2580 3476 2745 3554 720,
2814 3478 2865 3551 Q
2912 3474 3065 3551 800,

346 3572 390 3647 Q
445 3566 630 3632 1000.
721 3570 915 3649 Igitur
961 3568 1073 3629 hoc
1117 3574 1300 3648 pacto
1347 3566 1507 3628 inter
1551 3562 1592 3644 ij
1641 3575 1704 3629 et
1749 3566 1808 3641 94
1858 3575 1957 3628 est
1998 3574 2411 3645 διατεσσαρων
2456 3568 2767 3647 (quarta),
2816 3562 2859 3643 15
2908 3575 2972 3627 et
3016 3574 3067 3635 d

345 3664 654 3721 διαπασων
723 3660 1041 3731 (octava),
1108 3652 1150 3732 15
1199 3664 1263 3717 et
1310 3658 1360 3733 ὃ
1411 3662 1688 3733 diatonon
1743 3655 1945 3717 mollis
2012 3665 2077 3718 et
2132 3662 2437 3719 διαπασων
2500 3656 2713 3729 (tertia
2758 3653 2957 3716 mollis
3006 3666 3069 3714 et

348 3750 618 3821 octava),
665 3744 706 3825 B
755 3755 820 3808 et
868 3744 917 3821 ῼ
967 3746 1304 3824 composita
1350 3765 1426 3806 ex
1473 3754 1648 3807 sexta
1687 3746 1839 3807 dura
1886 3754 1949 3807 et
1994 3754 2173 3807 sexta
2220 3746 2401 3818 molli,
2452 3740 2491 3823 15
2542 3752 2603 3806 et
2642 3748 2685 3822 Q
2731 3742 3067 3829 composita

346 3856 422 3898 ex
469 3844 646 3898 sexta
693 3837 842 3897 dura
887 3843 952 3896 et
997 3840 1320 3908 ὅιαπασων,
1367 3834 1426 3909 94
1455 3843 1521 3895 et
1547 3843 1598 3904 d
1635 3840 1904 3897 διαπεπε
1954 3834 2249 3915 (quinta),
2296 3833 2357 3908 Ql.
2388 3844 2453 3895 et
2482 3836 2532 3909 ὅ
2582 3832 2921 3911 ἀναρμοςος
2965 3824 3061 3913 V„

346 3945 464 3987 non
511 3933 714 3987 tamen
763 3923 1006 4001 ἀμελης,
1056 3932 1155 3985 est
1201 3924 1357 3987 enim
1405 3931 1584 3986 sexta
1631 3924 1830 3985 mollis
1880 3934 1943 3984 et
1990 3932 2167 3985 tonus
2217 3924 2427 4003 major,
2476 3922 2537 3998 ‘ll
2566 3930 2631 3984 et
2662 3922 2711 3996 ῼ
2740 3928 3063 3990 ὂιαπασων,

345 4014 406 4093 ‘ll
443 4022 508 4076 et
544 4016 587 4095 Q
633 4020 906 4092 διατριωσ
951 4013 1102 4074 dura
1148 4020 1214 4074 et
1258 4017 1582 4087 διαπασων,
1629 4021 1680 4083 <5
1709 4020 1774 4075 et
1803 4014 1853 4087 ὃ
1888 4018 2159 4093 dea-reum

345 4103 572 4177 mollis,
639 4110 694 4173 ό
739 4110 805 4163 et
852 4100 901 4175 ῼ
960 4106 1380 4180 διατετταρων,
1449 4109 1502 4171 ὀ
1550 4110 1614 4163 et
1660 4104 1704 4179 Q
1759 4100 1823 4163 δι’
1874 4096 1938 4173 ἑξ
1985 4100 2151 4175 dura,
2240 4094 2311 4167 B-

349 4195 398 4268 ὅ
448 4199 514 4253 et
560 4190 611 4267 ῼ
661 4203 840 4254 tonus
885 4190 1077 4252 minor
1132 4184 1281 4273 ⁹l,„,
1335 4193 1385 4266 ὅ
1433 4198 1498 4252 et
1545 4192 1589 4269 Q
1636 4196 2046 4268 διατεσσαρων
2092 4197 2155 4251 et
2274 4192 2427 4257 ἶὲ,
2532 4252 2539 4257 ,
2772 4178 3043 4265 --ἓὲρ

347 4280 561 4354 diesis,
625 4281 683 4342 h.
733 4300 787 4343 e.
851 4272 1020 4361 ’ΒΑΜ
1090 4279 1342 4359 denique
1390 4278 1549 4341 inter
1597 4279 1648 4353 ῼ
1696 4286 1758 4339 et
1804 4280 1851 4357 Q
1894 4285 1991 4339 est
2037 4284 2153 4339 δια-

345 4392 521 4453 epum
565 4370 734 4432 dura.
830 4369 1070 4442 Mirum,
1122 4368 1324 4430 omnia
1368 4367 1688 4430 intervalla
1733 4387 1873 4428 esse
1910 4364 2149 4445 ἐμμελη,
2296 4352 2739 4406 :0
2846 4340 3005 4468 ,4

347 4476 480 4521 cum
523 4477 642 4520 non
678 4458 998 4537 cogitarim
1045 4458 1117 4517 de
1167 4457 1414 4531 musica,
1466 4457 1700 4537 quando
1749 4456 1887 4518 illos
1936 4476 2146 4519 nume·
2352 4423 2995 4547 *—={2‡

346 4568 446 4613 ros
511 4546 866 4610 concinnavi
929 4546 987 4607 in
1057 4544 1205 4606 libro
1271 4544 1345 4607 de
1411 4544 1630 4608 Stella.
1723 4545 1853 4607 Nec
1920 4546 2146 4608 mutavi

347 4635 660 4718 quicquam
684 4685 701 4712 ,
767 4634 884 4697 nisi
930 4634 1224 4709 Telluris,
1290 4633 1389 4695 ubi
1435 4652 1542 4715 pro
1593 4628 1722 4697 740
1781 4634 1995 4713 scripsi
2063 4633 2210 4697 720.
2302 4635 2512 4715 Neque
2567 4642 2767 4697 tamen
2826 4635 3060 4699 excessi

343 4726 568 4788 limites
623 4724 848 4807 aphelii
911 4723 1206 4797 TelluriS‚
1275 4722 1332 4783 in
1391 4740 1504 4802 quo
1563 4722 1768 4783 Tellus
1823 4724 2010 4785 currit
2070 4724 2261 4786 minus
2328 4742 2507 4803 quam
2566 4720 2693 4787 720
2755 4724 3055 4787 milliaria.

347 4815 606 4877 Telluris
666 4814 826 4876 enim
871 4819 1070 4875 motus
1118 4811 1194 4873 ab
1242 4810 1478 4891 aphelio
1535 4811 1594 4873 in
1639 4810 1993 4891 perihelium
2048 4812 2375 4877 intenditur
2436 4812 2618 4892 paulo
2666 4812 2859 4878 minus
2908 4812 3059 4875 diesi

357 4894 494 5003 ²7„
515 4948 533 4977 ,
580 4903 814 4967 scilicet
870 4895 1038 4991 ’Ἂν
1132 4898 1353 4963 Martis
1397 4919 1541 4963 vero
1587 4907 1785 4962 motus
1830 4900 2105 4983 perfecta
2150 4907 2329 4965 sexta
2372 4900 2541 4965 molli
2579 4894 2650 4985 ‘lg'
2702 4900 3055 4970 intenditur.
