3634 5575
543 255 680 324 360
1386 256 1589 310 Literse
1624 256 1831 324 Kepleri
1876 257 2178 328 aliorumque
2212 265 2417 346 mutuae

540 419 724 498 longa
767 425 1020 498 usurpat
1064 416 1308 480 horaria
1355 423 1650 497 tempora,
1695 416 1855 480 infra
1900 417 2098 481 subito
2143 418 2374 481 brevia.
2408 449 2492 460 —
2540 415 2667 480 Sed
2704 415 3113 482 examinemus
3138 437 3267 499 pa-

541 525 780 586 rumper
827 505 1074 569 Stadii
1128 504 1330 568 verba.
1432 506 1752 581 „Meminit
1807 505 2196 570 Ptolemaeus
2262 504 2805 589 hemicycliorum.“
2900 504 3065 569 Sane
3121 525 3265 570 me-

537 595 730 668 minit,
782 603 850 657 at
896 615 1012 656 non
1060 595 1117 656 in
1167 593 1442 656 doctrina
1490 596 1697 656 domos
1728 595 2014 675 erigendi,
2065 595 2174 657 sed
2221 596 2279 657 in
2312 595 2587 658 doctrina
2619 595 2937 676 dirigendi.
3009 595 3265 676 Pergit:

544 684 734 760 „hora
782 683 1212 765 aequinoctiali
1259 683 1674 746 distantium.“
1772 681 1935 755 Quid
1964 684 2077 745 hoc
2126 685 2203 746 ad
2242 705 2387 753 rem,
2434 684 2489 745 si
2516 702 2721 746 verum
2754 684 3019 748 maxime
3050 685 3267 748 esset?

540 773 718 835 Anne
767 768 854 836 24
901 774 1109 834 domos
1159 769 1410 833 Stadius
1460 767 1821 834 fabricavit?
1912 773 2083 835 Duas
2130 773 2330 853 potius
2378 773 2559 835 horas
2599 772 2993 836 Ptolemaeus
3055 773 3267 838 nomi-

538 868 796 936 nasset,
847 862 898 923 si
947 861 1020 923 de
1069 860 1342 922 domibus
1399 860 1648 940 egisset.
1743 860 1868 924 Sed
1928 880 2047 923 non
2110 862 2385 942 percepit
2430 860 2681 924 Stadius
2727 869 2993 924 mentem
3037 868 3259 924 textus

541 949 796 1012 Graeci:
865 946 948 1012 οὖν
1004 945 1214 1022 ἕκαςον
1259 970 1408 1010 κατα
1455 971 1555 1026 την
1609 948 1791 1027 αὐτην
1836 954 2010 1011 &socr
2068 950 2198 1028 lom
2242 949 2445 1030 ἐγγυςα
2504 971 2605 1026 την
2650 945 2816 1028 ὥραν
2860 972 3031 1012 nocet.
3120 951 3269 1012 Hoc

540 1041 672 1102 vult
718 1039 1126 1113 Ptolemaeus,
1175 1046 1457 1098 manente
1505 1037 1622 1098 fixo
1669 1038 2040 1122 hemicyclio,
2093 1057 2481 1120 quaecunque
2527 1056 2673 1118 pars
2719 1035 2950 1126 zodiaci
2996 1038 3057 1100 in
3104 1039 3261 1102 illud

535 1128 795 1202 incidat,
875 1127 1114 1207 aequali
1177 1127 1460 1188 horarum
1523 1127 1899 1207 propriarum
1966 1147 2074 1190 seu
2133 1127 2551 1206 temporalium
2615 1145 2860 1188 numero
2926 1128 3145 1190 abesse
3220 1148 3267 1188 a.

535 1215 901 1292 meridiano,
971 1223 1067 1291 ut,
1128 1213 1247 1276 etsi
1292 1209 1382 1277 0⁰
1428 1229 1492 1281 Θ
1542 1217 1909 1278 constitutus
1968 1215 2027 1278 in
2076 1215 2187 1279 tali
2230 1217 2348 1278 fixo
2414 1214 2800 1298 hemicyclio,
2868 1235 3267 1296 quaecunque

536 1323 683 1385 pars
731 1304 966 1367 zodiaci
1015 1303 1179 1366 absit
1225 1324 1263 1363 a
1307 1303 1636 1366 meridiano
1682 1305 1888 1384 plures
1935 1305 2117 1366 horas
2164 1304 2672 1385 aequinoctiales,
2724 1323 2903 1384 quam
2950 1304 3002 1366 si
3048 1300 3139 1368 0⁰
3187 1309 3269 1382 ,ὅ

538 1413 608 1454 00
658 1395 1098 1468 transferatur,
1157 1400 1359 1454 tamen
1408 1393 1675 1454 vicissim
1734 1393 1920 1454 borae
1978 1393 2347 1473 temporales
2404 1392 2596 1472 ipsius
2644 1389 2686 1455 Ο
2711 1387 2735 1422 ⁰
2779 1407 2845 1458 e?
2893 1399 3069 1456 tanto
3114 1393 3265 1456 lon-

538 1482 738 1562 giores
797 1476 923 1544 sint
982 1481 1144 1543 horis
1198 1481 1631 1561 temporalibus
1689 1481 1879 1562 ipsius
1925 1478 1970 1544 0
1996 1475 2021 1510 ⁰
2063 1486 2133 1560 ,δ’
2147 1529 2164 1555 ,
2222 1501 2340 1563 qua
2393 1479 2629 1544 ratione
2688 1481 2936 1543 tandem
2982 1480 3268 1562 aequalis

537 1577 637 1634 est
681 1571 960 1652 utrinque
1025 1570 1307 1632 horarum
1369 1570 1776 1650 inaequalium
1838 1589 2139 1633 numerus.
2232 1571 2375 1632 Vox
2437 1568 2568 1648 iam
2628 1569 2725 1631 hic
2790 1569 3079 1649 intelligit
3138 1589 3269 1632 non

535 1681 728 1736 μηκει,
797 1661 908 1722 8011
967 1657 1239 1738 ἀριθμῳ,
1307 1659 1496 1721 11111110
1561 1658 1755 1720 minus
1822 1657 2169 1738 ionuepmp.
2279 1659 2562 1722 stadius:
2633 1659 3091 1739 „Aequatorem
3152 1659 3272 1721 illa.

536 1747 754 1827 ubique
801 1749 1176 1827 temporibus
1221 1747 1635 1827 praetergredi
1683 1747 2420 1828 aequalibus,·zodiacum
2465 1747 2743 1827 partibus
2772 1747 3265 1832 inaequalibus.“

533 1835 654 1900 Est
716 1836 808 1899 ita
851 1855 967 1898 non
1015 1844 1250 1901 tantum
1315 1836 1374 1898 in
1423 1835 1698 1898 doctrina
1755 1837 2044 1900 rationali
2090 1838 2397 1912 domuum,
2464 1837 2575 1898 sed
2622 1837 2809 1899 etiam
2870 1836 2931 1899 in
2980 1836 3268 1899 doctrina

535 1925 912 1988 Ptolemaica
957 1925 1375 1987 directionum.
1471 1923 1632 1995 Quid
1678 1944 1823 1986 vero
1872 1925 2220 1988 subaudivit
2266 1925 2559 1989 Stadius?
2649 1926 2749 1988 An
2790 1925 2908 2007 ipsi
2953 1925 3111 1988 idem
3160 1933 3269 1988 est.

536 2013 954 2096 praetergredi
1001 2023 1065 2076 et
1109 2013 1425 2094 intercipi?
1515 2013 1647 2075 Hoc
1697 2014 1913 2075 fuisset
1961 2016 2041 2075 ad
2088 2025 2292 2077 votum
2340 2013 2573 2086 Stadii,
2632 2014 2687 2076 si
2734 2015 3024 2094 scriptum
3070 2022 3267 2090 esset,

539 2104 827 2185 aequales
878 2121 1053 2164 arcus
1103 2102 1448 2182 aequatoris
1494 2101 1652 2164 inter
1680 2101 1824 2164 bina
1871 2109 1933 2164 et
1961 2103 2105 2164 bina
2131 2103 2491 2186 hemicyclia
2535 2101 2831 2182 intercipi,
2880 2102 3109 2164 zodiaci
3158 2101 3267 2163 in-

540 2193 848 2272 aequales.
941 2192 1081 2254 Non
1144 2199 1346 2252 autem
1391 2191 1504 2252 1100
1572 2190 1720 2254 111011
1764 2192 2181 2270 Ptolemaeus,
2248 2193 2357 2255 sed
2401 2191 2549 2254 illud
2596 2191 2871 2274 utrinqne
2920 2209 3260 2255 commune.

537 2281 849 2344 Breviter:
912 2281 986 2342 de
1035 2286 1200 2342 motu
1245 2279 1540 2359 loquitur,
1603 2281 1742 2360 quia
1785 2281 1846 2342 111
1898 2281 2226 2344 directione
2272 2287 2582 2356 versatur,
2642 2300 2773 2342 cum
2823 2279 3098 2343 doctrina
3143 2281 3268 2342 do-

460 2423 468 2432 ,
537 2388 738 2433 1111111111
784 2370 868 2432 811
914 2370 988 2432 de
1036 2369 1176 2431 situ.
1272 2365 1542 2449 Colliges
1587 2369 1702 2431 1100
1747 2369 1904 2444 111110,
1956 2370 2099 2450 quia
2141 2369 2411 2432 nominat
2454 2389 2744 2451 χρωους,
2791 2368 2891 2458 qui
2934 2375 3081 2430 sunt
3107 2387 3261 2448 par-

540 2467 636 2520 tes
687 2458 1053 2538 aequatoriS.
1146 2454 1259 2519 Ait
1301 2456 1502 2537 igitur,
1555 2466 1945 2539 aequatorem
1976 2458 2328 2539 aequalibus
2368 2458 2629 2519 transire
2668 2457 3059 2536 temporibus,
3108 2465 3267 2537 puta

542 2547 672 2610 suis
717 2546 1011 2627 propriis,
1059 2545 1366 2607 zodiacum
1414 2545 1864 2627 inaequalibus,
1911 2555 2061 2626 puta
2106 2566 2226 2608 non
2272 2546 2427 2621 81118,
2478 2546 2585 2608 8011
2634 2545 2879 2620 01101118,
2946 2544 3265 2626 aequatori

539 2635 870 2716 inscriptis,
965 2633 1214 2697 Zodiaci
1263 2634 1422 2696 enim
1465 2635 1748 2698 transitio
1796 2635 1961 2698 nulla
2005 2655 2073 2696 se
2120 2636 2257 2716 ipsa
2284 2634 2531 2697 metitur
2576 2641 2873 2716 tempora,
2922 2635 3065 2715 quia
3092 2654 3253 2698 sem·

539 2743 652 2806 per
697 2733 762 2786 et
806 2724 1020 2805 ubique
1069 2723 1402 2805 inaequalis
1443 2731 1560 2785 est.
1657 2721 1939 2786 Stadius:
1994 2723 2363 2799 „Praeterea
2402 2723 2607 2804 spatia
2671 2724 2827 2786 inter
2863 2722 3267 2786 meridianum

549 2822 614 2875 et
679 2814 1051 2875 horizontem
1110 2812 1467 2874 intermedia
1532 2831 1642 2894 per
1686 2814 2037 2893 inaequales
2084 2814 2267 2875 horas
2332 2813 2701 2877 mensurat.“
2798 2811 3059 2875 Omnino
3108 2812 3265 2875 Sta-

544 2903 678 2964 dius
728 2903 927 2963 animo
974 2906 1253 2962 versatur
1299 2902 1356 2963 in
1407 2900 1829 2964 distributione
1880 2901 2186 2975 domuum,
2244 2901 2632 2965 Ptolemaeus
2690 2902 2747 2962 in
2808 2902 3265 2983 dispensatione

542 2997 832 3053 motuum.
924 2988 1088 3054 Non·
1120 2987 1366 3051 metitur
1431 2990 1636 3068 spatia
1681 2988 2101 3065 PtolemaeuS,
2171 2990 2281 3052 sed
2336 2998 2535 3051 motus
2595 2989 2857 3069 partium
2902 2990 3135 3052 zodiaci
3181 2989 3267 3051 ab

544 3079 856 3141 horizonte
905 3077 966 3139 in
1011 3077 1423 3153 meridianum,
1473 3084 1538 3139 et
1581 3078 1829 3140 metitur
1876 3076 2113 3158 quidem
2169 3080 2457 3158 cujusque
2503 3078 2711 3158 puncti
2756 3078 2991 3141 zodiaci
3035 3085 3267 3141 motum

544 3168 798 3231 seorsim
854 3166 1205 3247 aequalibus
1266 3165 1432 3229 horis
1489 3166 1943 3247 temporalibus·
2033 3167 2172 3229 Non
2221 3168 2376 3229 enim
2433 3166 2646 3229 tribuit
2705 3166 3001 3247 principio
3060 3168 3269 3229 canori

545 3256 877 3336 longiorem
932 3256 1145 3317 horam
1204 3254 1263 3315 in
1313 3262 1478 3331 ortu,
1543 3254 1881 3318 breviorem
1940 3256 1999 3317 in
2047 3256 2405 3330 meridiano,
2476 3256 2583 3317 sed
2640 3255 2975 3336 aequaliter
3022 3256 3269 3337 longam

543 3344 855 3424 utrinque3
921 3344 1290 3405 diversorum
1338 3362 1484 3406 vero
1527 3350 1884 3424 punctorum
1932 3344 2191 3419 zodiaci,
2260 3364 2377 3406 non
2436 3343 2852 3421 antisciorum,
2913 3352 3115 3407 motus
3163 3344 3267 3406 in-

545 3434 896 3513 aequalibus
942 3432 1188 3494 metitur
1231 3433 1416 3495 horis·
1507 3433 1732 3495 Verius
1781 3440 1845 3494 et
1889 3434 2129 3513 proprie
2188 3433 2383 3512 magis
2441 3432 2727 3514 cujusque
2773 3432 2981 3513 puncti
3026 3433 3267 3496 zodiaci

543 3531 773 3585 motum
819 3522 896 3585 ab
942 3521 1253 3584 horizonte
1299 3521 1359 3583 in
1407 3522 1745 3592 meridiem,
1812 3522 1941 3583 sive
1990 3524 2203 3601 longus
2251 3522 2361 3595 sit,
2430 3521 2559 3584 sive
2616 3520 2849 3590 brevis,
2916 3521 3261 3602 aequaliter

546 3611 855 3674 distribuit
917 3611 976 3673 in
1031 3619 1241 3690 partes
1303 3630 1449 3684 sex,
1500 3630 1648 3692 quas
1696 3611 1971 3691 appellat
2014 3610 2623 3690 horas.temporales.
2720 3609 3006 3673 Stadius:
3060 3610 3267 3691 „quod

545 3700 778 3779 arguit,
845 3700 1010 3762 illum
1065 3718 1185 3761 non
1233 3698 1512 3761 divisisse
1560 3700 1873 3761 zodiacum
1920 3699 2269 3781 aequalibus
2319 3699 2569 3779 spatiis,
2636 3700 2745 3761 sed
2802 3699 3261 3779 aequatorem.“

546 3790 698 3851 Tam
753 3807 894 3850 vere
940 3788 1055 3849 hoc
1102 3786 1354 3850 Stadius
1418 3788 1618 3866 arguit
1674 3806 1748 3849 ex
1796 3788 2071 3850 doctrina
2129 3787 2521 3850 directionum
2583 3806 2764 3867 super
2826 3788 3100 3852 doctrina
3146 3788 3263 3849 do-

543 3896 774 3951 muum,
825 3896 1000 3957 quam
1047 3895 1189 3937 vere
1238 3874 1393 3937 alius
1441 3875 1656 3955 aliquis
1704 3874 1969 3938 indidem
2016 3886 2299 3957 argueret
2354 3895 2533 3957 super
2580 3876 3001 3939 distributione
3050 3876 3263 3955 signo-

545 3985 712 4029 rum:
762 3966 902 4046 quia
946 3965 1028 4027 ibi
1067 3965 1184 4027 loci
1235 3964 1618 4027 Ptolemaeus
1665 3983 1781 4025 non
1830 3966 2025 4045 magis
2072 3966 2203 4045 agit
2248 3967 2321 4028 de
2371 3966 2661 4041 domibuS,
2713 3984 2893 4047 quam
2946 3966 3019 4027 de
3049 3964 3263 4045 signis,

552 4056 614 4117 h.
665 4074 716 4116 e.
763 4055 941 4135 plane
991 4052 1138 4115 nihil
1188 4054 1260 4115 de
1308 4053 1386 4115 iis
1431 4054 1579 4133 agit.
1671 4054 1802 4117 Nec
1852 4054 2005 4115 enim
2052 4054 2363 4117 zodiacum
2422 4074 2535 4116 nec
2600 4062 2989 4135 aequatorem
3047 4053 3267 4116 dividit

547 4144 899 4224 aequalibus
931 4141 1166 4222 spatiiS,
1217 4142 1326 4204 sed
1354 4152 1581 4206 motum
1612 4142 2080 4223 uniuscujusque
2114 4142 2320 4222 puncti
2358 4143 2610 4206 zodiaci.
2704 4142 2988 4206 Stadius:
3042 4143 3265 4217 „Alio-

551 4234 650 4313 qui
721 4231 1075 4311 aequalibus
1138 4231 1304 4293 horis
1368 4232 1520 4293 haec
1585 4230 1865 4294 deductio
1941 4230 2178 4294 absolvi
2249 4240 2519 4311 poterat,
2593 4251 2711 4294 non
2785 4230 3259 4313 inaequalibus.“

547 4321 849 4402 Agnoscit
898 4319 1180 4395 Stadius‚
1239 4321 1648 4382 Ptolemaeum
1707 4320 1766 4381 in
1828 4320 2184 4382 deductione
2240 4318 2499 4382 versari:
2564 4320 2707 4401 quid
2760 4320 2947 4401 igitur
3002 4319 3263 4383 somniat

553 4412 626 4473 de
674 4408 1098 4472 distributione
1148 4409 1464 4470 domuum?
1552 4409 1636 4470 Et
1681 4409 2000 4470 manifeste
2047 4408 2287 4489 ignorat
2332 4428 2577 4489 scopum
2608 4408 2965 4484 Ptolemaei,
3014 4428 3120 4471 cur
3162 4408 3279 4470 in·-

553 4501 839 4580 aequales
887 4498 1068 4559 horas
1116 4504 1382 4576 usurpet.
1475 4497 1773 4559 Identitas
1822 4497 2099 4560 nimirum
2146 4498 2376 4560 numeri
2406 4496 2706 4571 horarum,
2754 4516 2871 4560 non
2902 4497 3261 4578 aequalium,

553 4590 662 4649 sed
709 4587 1131 4667 inaequalium,
1183 4586 1443 4647 collocat
1488 4584 1734 4647 diversa
1778 4584 2013 4649 zodiaci
2058 4594 2281 4666 puncta
2327 4586 2385 4648 in
2419 4587 2628 4650 eodem
2670 4586 2892 4649 circulo
2920 4586 3261 4665 positionis.

732 4674 1012 4737 Stadius:
1085 4674 1224 4752 „Ad
1271 4674 1442 4746 haec,
1490 4674 1589 4736 ubi
1636 4675 2025 4739 Ptolemaeus
2071 4676 2145 4737 de
2191 4676 2627 4756 prorogatoriis
2672 4675 2802 4755 agit
2851 4676 3017 4747 10018,
3066 4676 3260 4739 uude·

556 4764 774 4827 cimam
821 4763 1056 4827 domum
1104 4764 1192 4829 ait
1238 4764 1554 4847 hexagono
1604 4765 1875 4845 aspicere
1921 4765 2347 4849 horoscopum,
2396 4765 2481 4825 M.
2536 4763 2607 4828 C.
2658 4765 3100 4848 quadrangulo,
3146 4782 3263 4825 no-

3566 216 3584 248 99
3581 61 3584 154 ,--,.--
