3634 5575
562 404 692 471 292
1757 402 2081 453 Prooemium.

559 564 861 643 plerisque
905 560 1100 641 iisque
1146 560 1306 622 hand
1353 559 1676 621 levioribus
1722 560 1983 621 maxima
2019 559 2493 641 gravissimaque
2530 575 2674 638 pars
2705 556 3112 620 astronomiae
3157 557 3276 618 ha-

502 716 533 739 „
563 654 821 714 beretur.
914 646 1054 719 Qua
1107 648 1341 711 ratione
1388 648 1644 709 officium
1692 667 1864 709 suum
1909 656 2230 713 exsecutus
2278 647 2387 723 sit,
2455 667 2572 726 qua
2633 654 2834 709 mente
2883 644 3278 724 astrologiam

561 740 676 819 ipsi
723 738 1079 817 imperatam
1126 736 1503 810 tractaverit,
1552 754 1687 797 cum
1714 734 2084 798 Calendaria
2131 743 2191 797 et
2238 735 2656 814 Prognostica,
2722 744 2848 796 tum
2895 750 3100 795 omnes
3149 733 3276 793 fere

561 826 752 908 ipsius
798 825 961 901 libri,
1026 825 1087 885 in
1134 825 1323 905 iisque
1379 823 1698 903 praecipue
1758 824 1908 885 liber
1952 825 2054 886 De
2103 822 2357 885 Stella
2383 824 2621 893 Nova,
2682 830 3006 883 testantur.
3102 818 3274 890 Quae

565 934 641 976 ex
728 912 1109 991 astrologicis
1186 912 1561 973 vanitatibus
1642 912 1958 974 retinenda
2013 910 2344 985 censuerit,
2436 911 2616 989 paulo
2675 918 2998 991 postquam
3063 926 3275 969 munus

563 1002 959 1077 „Astronomi
1008 998 1339 1063 Caesarei“
1404 1008 1621 1061 nactus
1685 1008 1809 1074 est,
1878 1000 2035 1080 quod
2097 1018 2310 1061 munus
2373 1000 2702 1078 imperator
2773 996 3132 1075 Rudolphus
3189 996 3268 1058 H.

560 1110 671 1171 par
712 1090 1019 1171 judicasse
1066 1089 1304 1149 videtur
1350 1087 1576 1149 muneri
1622 1087 2050 1169 ,‚Astrologi,“
2097 1108 2170 1148 ea
2216 1089 2402 1148 refert
2447 1087 2705 1161 libellus,
2755 1103 2928 1165 quem
2965 1084 3276 1163 inscripsit

575 1177 1010 1256 „Astrologiae
1094 1176 1551 1255 fundamenta.“
1662 1173 1984 1251 Omnibus,
2067 1193 2218 1255 quae
2287 1176 2398 1236 hac
2467 1175 2542 1236 de
2599 1193 2661 1235 re
2727 1174 2975 1253 scripsit
3036 1171 3269 1251 Keple-

565 1286 697 1340 rus,
761 1265 919 1327 inter
976 1283 1042 1325 se
1110 1265 1506 1343 comparatiS,
1592 1272 1858 1325 mentem
1925 1264 2055 1343 ejus
2121 1263 2385 1325 assecuti
2465 1282 2600 1324 esse
2667 1261 2970 1331 videmur,
3051 1259 3106 1320 si
3183 1259 3274 1321 ita

572 1354 867 1415 statuisse
914 1372 1048 1414 eum
1098 1349 1379 1413 dicimus?
1436 1352 1607 1413 Inest
1651 1352 1876 1414 Terrae
1935 1352 2133 1413 anima
2189 1352 2510 1431 quaedam,
2571 1349 2976 1430 comparanda
3021 1354 3271 1409 naturae

572 1442 901 1516 (Instinkt)
950 1440 1313 1514 animalium,
1363 1438 1704 1519 perceptrix
1750 1448 2018 1501 motuum
2046 1440 2416 1507 coelestium,
2507 1439 2722 1501 Eidem
2748 1438 2983 1499 animae
3029 1436 3272 1498 occulta

566 1532 803 1592 ratione
852 1530 1205 1609 conjunctae
1255 1537 1396 1589 sunt
1423 1529 1648 1589 Terrae
1694 1527 1968 1589 soboles:
2028 1526 2317 1602 homineS,
2366 1525 2683 1600 animalia,
2719 1526 2986 1606 plantae.
3083 1522 3270 1589 Com-

564 1626 840 1679 movetur
892 1618 1044 1677 haec
1092 1616 1293 1677 anima
1352 1615 1914 1677 constellationibus
1969 1616 2330 1678 harmonicis
2375 1615 2774 1695 planetarum.
2867 1612 3270 1674 Harmonicae

566 1702 960 1768 autem'illae
1010 1713 1181 1774 sunt,
1242 1723 1393 1783 quae
1432 1705 1799 1783 respondent
1855 1703 2232 1783 aliquatenus
2289 1703 2656 1765 sectionibus
2711 1702 2970 1783 chordae
3020 1701 3266 1761 harmo-

570 1794 756 1862 nicis,
804 1792 917 1853 hoc
964 1801 1062 1853 est
1108 1794 1157 1853 si
1196 1793 1479 1871 planetae
1526 1792 1646 1853 bini
1692 1792 1749 1852 in
1798 1791 2020 1853 circulo
2067 1793 2238 1860 ficto,
2289 1810 2459 1871 quem
2507 1791 2616 1853 Sol
2662 1810 2858 1853 annuo
2905 1796 3074 1851 motu
3115 1806 3266 1850 con-

560 1882 703 1955 ficit,
736 1882 892 1943 inter
921 1898 1053 1941 sese
1084 1880 1317 1941 distant
1344 1880 1666 1941 intervallo
1714 1874 1819 1949 0⁰,
1870 1877 1955 1943 30
1976 1876 2016 1954 ⁰,
2069 1875 2153 1942 36
2175 1877 2216 1954 ⁰,
2267 1875 2352 1941 60
2371 1876 2415 1953 ⁰,
2465 1874 2614 1954 72⁰,
2647 1876 2732 1943 90
2753 1875 2796 1953 ⁰,
2836 1875 2958 1941 108
2977 1874 3023 1952 ⁹,
3073 1874 3198 1939 120
3221 1872 3266 1951 ⁰,
3338 1930 3347 1937 .

568 1966 693 2032 135
716 1964 758 2043 ⁰,
816 1963 938 2031 144
960 1963 1001 2043 ⁰,
1060 1965 1184 2031 180
1207 1962 1249 2043 ⁰,
1300 1969 1428 2029 sive
1474 1976 1649 2047 parte
1698 1965 2002 2038 circuliO,
2066 1961 2206 2049 'sn’
2274 1962 2410 2051 Ἰω,
2472 1960 2578 2050 ¹l0,
2641 1962 2748 2049 Ἃ,
2810 1961 2908 2048 ¹s4,
2969 1959 3108 2049 71⁰·
3173 1958 3265 2047 ¹l„

576 2053 683 2140 'ss’
745 2049 851 2139 'sss
919 2048 1013 2137 ¹l2·
1106 2056 1501 2135 Praecipuam
1560 2056 1683 2118 vim
1740 2056 1970 2117 habent
2013 2056 2128 2119 hae
2175 2057 2674 2119 constellationes
2733 2057 2792 2117 in
2841 2055 3270 2117 commovenda

561 2153 826 2221 „natura
870 2144 1225 2206 sublunari“
1272 2164 1459 2224 eaque
1508 2144 1828 2205 commotio
1875 2142 2130 2223 apparet
2176 2163 2309 2207 cum
2357 2144 2788 2207 mutationibus
2815 2148 3266 2222 tempestatum,

555 2244 703 2309 tum,
753 2252 905 2314 quae
952 2251 1085 2293 cum
1130 2233 1225 2294 his
1272 2233 1617 2305 cohaerent,
1663 2232 2004 2311 plantarum
2051 2232 2436 2294 incrementis
2482 2240 2548 2293 et
2591 2232 2935 2307 sterilitate,
2982 2239 3108 2291 tum
3153 2229 3268 2289 de-

556 2322 735 2402 nique
798 2320 1103 2382 hominum
1168 2320 1485 2387 affectibus
1551 2329 1615 2381 et
1678 2330 1915 2384 natura.
2013 2319 2170 2382 Sunt
2217 2329 2417 2383 autem
2478 2320 2538 2381 hi
2587 2321 2834 2382 effectus
2883 2317 3270 2393 „radiorum“

559 2410 1035 2473 harmonicorum
1093 2427 1209 2470 non
1262 2408 1473 2488 quovis
1534 2417 1805 2489 tempore
1862 2408 2070 2483 iidem,
2119 2408 2246 2469 sed
2293 2406 2536 2487 saepius
2583 2408 2762 2481 nulli,
2825 2408 2923 2467 vel
2971 2406 3104 2481 alii,
3169 2405 3268 2467 vel

564 2499 749 2561 etiam
812 2496 1101 2559 contrarii
1145 2498 1465 2576 prioribus,
1557 2497 1746 2566 Adsit
1808 2515 2057 2558 necesse
2123 2504 2220 2557 est
2265 2496 2586 2571 „animae“
2637 2496 2796 2557 illius
2859 2496 2958 2556 vel
3013 2502 3266 2556 naturae

564 2586 935 2666 singularum
981 2604 1176 2648 rerum
1226 2584 1546 2665 dispositio
1595 2593 1742 2664 apta
1791 2585 1867 2645 ad
1899 2583 2306 2663 recipiendam
2334 2585 2502 2646 illam
2531 2584 2672 2645 vim.
2769 2581 2972 2653 Quare
2989 2599 3266 2661 ··prorsus

558 2684 745 2753 negat
790 2674 1087 2751 Keplerus
1134 2674 1403 2755 praedici
1447 2678 1631 2752 posse‘
1669 2673 1817 2734 certi
1858 2672 1996 2753 q'uid
2027 2691 2103 2733 ex
2131 2672 2254 2733 illis
2283 2671 2862 2746 constellationibus,
2911 2668 3268 2732 verisimilia

553 2771 793 2825 tantum
842 2780 999 2835 esse,
1049 2780 1203 2842 quae
1248 2762 1387 2823 inde
1432 2762 1747 2842 prodeant.
1841 2760 2208 2822 Praesertim
2271 2760 2572 2823 hominum
2627 2760 2868 2840 ingenia
2924 2768 2988 2821 et
3029 2758 3266 2821 indoles

558 2856 839 2913 natorum
884 2859 1187 2929 tempore,
1248 2869 1361 2929 quo
1408 2849 1904 2911 constellationes
1951 2847 2093 2910 illae
2154 2848 2214 2909 in
2261 2849 2430 2910 coelo
2479 2858 2840 2929 appareant,
2899 2866 3014 2911 non
3063 2844 3260 2926 dirigi,

559 2940 669 3001 sed
717 2938 944 2999 moveri
991 2944 1226 2998 tantum
1273 2955 1476 3000 earum
1524 2937 1585 2999 vi
1631 2955 1856 2999 arcana
1903 2944 1968 2997 et
2011 2937 2279 3016 disponi,
2331 2937 2385 2999 si
2431 2938 2588 3000 forte
2635 2939 2881 2998 eaedem
2927 2935 3262 2999 constella-

554 3027 782 3100 tioneS,
834 3043 987 3104 quae
1038 3033 1304 3105 tempore
1350 3033 1563 3105 partus
1611 3026 1860 3099 fuerint,
1910 3033 2126 3103 postea
2171 3024 2390 3088 iterum
2437 3025 2799 3100 acciderint3
2849 3024 3111 3104 disponi.
3161 3023 3262 3084 in-

554 3131 751 3194 quam,
800 3132 917 3174 non
966 3115 1313 3175 necessario
1360 3113 1498 3193 cogi
1528 3113 1607 3174 ad
1649 3131 1747 3174 res
1775 3112 2093 3190 gerendas,
2143 3132 2297 3193 quae
2327 3113 2447 3176 illis
2477 3112 3038 3190 constellationibus
3067 3112 3261 3190 signi-

549 3203 824 3264 ficentur.
916 3200 1011 3263 Ne
1078 3209 1476 3280 tempestates
1538 3199 1777 3282 quidem
1835 3208 2002 3262 certo
2063 3202 2330 3281 praedici
2386 3221 2567 3280 posse
2626 3210 2877 3263 eventus
2932 3199 3264 3282 Keplerum

552 3289 773 3362 docuit,
827 3307 944 3368 qua
989 3309 1053 3350 re
1100 3300 1298 3350 motus
1347 3290 1484 3350 inde
1532 3290 1609 3351 ab
1658 3307 1813 3350 anno
1869 3286 2035 3350 1607
2085 3289 2312 3362 „desiit
2354 3291 2746 3370 prognostica
2793 3290 2884 3363 (h.
2935 3309 2991 3350 e.
3031 3288 3260 3352 Calen-

551 3378 753 3450 daria)
803 3376 1111 3438 scribere“
1158 3375 1403 3456 (Comp.
1456 3378 1666 3440 literas
1712 3376 1963 3456 Kepleri
2011 3378 2087 3439 ad
2132 3377 2212 3438 D.
2245 3377 2584 3440 Fabricium
2629 3379 2912 3440 datasd.
2971 3376 3068 3442 10.
3099 3378 3256 3440 Nov.

517 3463 754 3538 -1608,
806 3484 917 3526 nec
964 3483 1083 3526 non
1128 3465 1345 3527 librum
1391 3465 1779 3545 inscriptum:
1843 3465 2083 3526 Tertius
2139 3466 2572 3529 Interveuiens.
2615 3466 2796 3527 Thes.
2847 3465 3257 3538 cxxxma.

549 3555 683 3615 Hoc
716 3551 1083 3616 Calendaria
1129 3554 1544 3616 conscribendi
1590 3554 1896 3634 negotium
1946 3555 2138 3614 denuo
2187 3572 2542 3632 aggressum
2589 3573 2726 3615 esse
2755 3554 3082 3633 Keplerum
3111 3573 3164 3615 c.
3199 3571 3254 3612 a.

470 3665 479 3674 ’
556 3639 759 3712 1617,
820 3661 1002 3722 supra
1048 3642 1335 3716 diximus;
1392 3650 1671 3704 auctores
1728 3643 1894 3704 fuere
1953 3642 2084 3702 sine
2142 3641 2320 3704 dubio
2380 3642 2619 3705 ordines
2667 3642 2924 3704 ducatus
2970 3641 3258 3704 Austriae

498 3775 506 3780 .
554 3730 905 3807 superioris,
991 3749 1236 3810 quorum
1314 3739 1457 3792 tunc
1537 3731 1596 3790 in
1672 3730 1869 3810 operis
1946 3737 2100 3792 erat.
2211 3727 2496 3793 Ceterum
2569 3730 2693 3792 alia
2766 3727 3258 3810 „prognostica‚“

553 3817 909 3878 nativitates
956 3819 1207 3892 scilicet,
1261 3836 1412 3896 quas
1458 3818 1679 3896 singuli
1725 3817 1994 3897 cujusvis
2042 3818 2280 3896 generis
2325 3819 2596 3880 homines
2643 3819 2720 3880 ab
2767 3819 2900 3897 ipso
2946 3818 3258 3899 petebant,

556 3907 905 3988 petentibus
953 3923 1327 3985 nequaquam
1373 3907 1622 3985 negavit
1666 3925 1801 3967 eam
1847 3906 2108 3967 maxime
2155 3907 2230 3967 ob
2278 3926 2554 3981 causam,
2601 3916 2668 3968 ut
2712 3908 2937 3969 victum
2981 3907 3098 3969 sibi
3140 3926 3258 3987 pa-

555 4001 719 4055 raret
765 3993 1191 4056 necessarium.
1283 3993 1469 4056 Nulla
1516 3996 1640 4056 fere
1688 3995 1812 4056 alia
1847 4011 2035 4056 causa
2079 4004 2304 4056 motum
2334 3995 2660 4075 Keplerum
2704 3994 2860 4057 hanc
2891 3995 3260 4074 astrologiae

551 4088 791 4161 partem
838 4083 1125 4154 coluisse,
1172 4102 1207 4143 e
1252 4081 1459 4143 multis
1505 4081 1736 4161 passim
1781 4082 1970 4162 ipsius
2018 4083 2196 4144 dictis
2245 4091 2526 4163 apparet,
2593 4103 2626 4145 e
2676 4084 2888 4163 quibus
2951 4084 3068 4145 dno
3116 4093 3258 4144 tan-

553 4179 681 4232 tum
737 4167 1088 4231 testimonia
1133 4171 1441 4232 afferenda
1486 4188 1828 4245 censemus,
1877 4171 2134 4232 alterum
2180 4190 2212 4233 e
2276 4171 2468 4233 literis
2527 4172 2604 4234 ad
2649 4173 3040 4233 Maestlinum
3093 4171 3260 4232 datis

549 4257 717 4330 (vide
764 4275 947 4337 supra
1001 4276 1059 4335 p.
1120 4254 1263 4332 48.)
1321 4259 1689 4334 desumtum,
1766 4259 2024 4320 alterum
2085 4277 2120 4320 e
2193 4259 2379 4321 libro:
2446 4259 2728 4335 „Tertius
2773 4260 3257 4322 Interveniens“.

550 4345 881 4408 Maestlino
929 4346 1085 4406 dono
1133 4346 1283 4407 dans
1330 4349 1609 4425 poculum
1658 4355 2037 4427 argenteum,
2107 4348 2264 4426 quod
2311 4348 2386 4409 ab
2433 4348 2868 4409 Herberstenio
2915 4355 3256 4428 acceperat,

552 4435 753 4497 addit:
820 4434 1181 4513 Hujusmodi
1238 4435 1493 4514 aucupia
1550 4455 1693 4497 rara
1750 4441 1910 4497 sunt.
2005 4433 2323 4509 Quamvis,
2390 4437 2442 4497 si
2486 4436 2654 4497 Deus
2713 4435 2960 4497 cuilibet
3014 4435 3260 4497 animali

551 4523 719 4584 dedit
763 4517 1165 4584 instrumenta
1208 4522 1371 4584 vitae
1420 4523 1899 4593 conservandae,
1967 4541 2118 4603 quae
2173 4523 2401 4586 invidia
2453 4533 2584 4600 est,
2649 4525 2701 4585 si
2749 4524 2960 4586 eodem
3006 4524 3258 4586 consilio

548 4619 897 4672 astronomo
945 4611 1223 4691 adjunxit
1268 4611 1703 4690 astrologiam?
1792 4612 1862 4673 In
1900 4610 2062 4672 thesi
2093 4612 2232 4674 VII.
2273 4612 2410 4674 libri
2456 4629 2631 4692 quem
2659 4612 2918 4674 diximus
2965 4613 3256 4693 legimus:

544 4697 633 4758 Es
680 4699 765 4759 ist
806 4700 921 4761 wol
966 4700 1131 4762 diese
1176 4700 1533 4779 Astrologia
1578 4702 1671 4762 ein
1718 4699 2061 4762 narrisches
2098 4700 2474 4774 Tochterlin,
2531 4700 2677 4762 aber
2717 4700 2906 4762 lieber
2936 4699 3118 4773 Gott,
3163 4717 3256 4762 wo

544 4787 693 4848 wolt
716 4787 811 4849 ihr
838 4788 1089 4865 Mutter,
1147 4789 1241 4851 die
1288 4789 1846 4868 hocbverniinfftige
1872 4789 2267 4852 Astronomia
2297 4788 2554 4863 bleiben,
2601 4805 2774 4850 wann
2805 4789 2892 4850 sie
2923 4789 3087 4852 diese
3125 4789 3256 4850 ihre

548 4875 859 4938 narrische
909 4877 1171 4940 Tochter
1215 4877 1309 4940 nit
1354 4877 1541 4942 hette.
1636 4879 1733 4941 Ist
1776 4877 1930 4941 doch
1978 4877 2074 4938 die
2120 4877 2294 4940 Welt
2339 4877 2498 4939 noch
2541 4876 2662 4938 viel
2705 4876 3076 4954 narrischer,
3131 4876 3258 4940 vnd
