3634 5575
583 367 709 454 12⁴
896 373 906 380 '
1481 451 1487 461 Ι
1596 371 1819 436 Hysterii
1857 355 2252 438 Cosmographici

573 541 736 596 tates
758 580 773 608 ,
836 539 903 593 et
946 531 1141 596 tribus
1189 532 1656 597 dimensionibus
1703 539 2021 595 constant:
2093 552 2232 594 nam
2277 531 2472 596 ideam
2519 532 2719 596 mundi
2764 533 3094 612 perfectam
3139 551 3280 594 esse

573 621 871 684 convenit.
965 620 1240 684 Lineas
1288 642 1430 684 vero
1480 630 1542 684 et
1586 622 2027 702 superficies
2076 631 2352 696 rectae,
2405 631 2470 683 ut
2512 623 2798 697 infinitas,
2848 630 2912 685 et
2955 623 3122 700 proin
3171 641 3278 683 or-

574 710 729 774 dinis
758 710 997 772 minime
1029 730 1304 791 capaces,
1357 731 1387 772 e
1427 712 1643 772 mundo
1678 711 1866 786 finito,
1917 711 2377 784 ordinatissime,
2426 711 2820 791 pulcherrimo
2861 711 3188 790 ejiciamus.
3223 712 3281 784 ²)

569 801 829 862 Rursum
860 819 935 862 ex
981 819 1195 880 corpo
1210 800 1435 874 ribuS,
1487 819 1731 880 quorum
1759 799 2041 862 infinities
2073 799 2302 863 infinita
2329 809 2468 862 sunt
2495 819 2734 880 genera,
2786 800 3108 880 seligemus
3157 799 3279 862 ali-

572 908 689 970 qua
735 908 915 950 censu
962 889 1168 951 habito
1212 909 1321 974 per
1366 897 1564 951 certas
1614 897 1832 963 notas;
1877 897 2043 969 puta,
2095 907 2245 968 quae
2293 897 2398 950 aut
2445 891 2637 951 latera
2685 897 2790 950 aut
2835 890 3115 969 angulos,
3169 897 3284 951 aut

570 979 769 1058 plana,
819 977 1056 1058 singula
1081 979 1178 1040 vel
1214 978 1465 1052 alterna,
1516 979 1611 1040 vel
1652 979 1862 1060 quovis
1909 977 2208 1040 constanti
2253 978 2426 1039 modo
2475 979 2668 1040 mixta
2712 979 2977 1040 habeant
3022 979 3280 1040 invicem

574 1067 869 1147 aequalia,
916 1076 981 1128 ut
1025 1067 1116 1128 ita
1160 1067 1317 1130 bona
1364 1086 1495 1129 cum
1543 1066 1773 1129 ratione
1824 1068 1900 1128 ad
1948 1067 2172 1129 finitum
2212 1068 2435 1149 aliquid
2474 1068 2766 1129 veniatur.
2833 1065 3006 1138 Quod
3038 1067 3279 1148 siquod

571 1174 759 1236 genus
810 1174 1120 1236 corporum
1163 1175 1271 1236 per
1317 1164 1513 1218 certas
1562 1156 1932 1219 conditiones
1984 1157 2348 1235 descriptum
2391 1156 2830 1236 intra-species
2879 1158 3112 1238 quidem
3160 1176 3281 1218 nu·

572 1264 732 1308 mero
778 1244 981 1307 finitas
1028 1245 1336 1319 consistit,
1394 1247 1502 1307 sed
1558 1255 1757 1308 tamen
1816 1245 1876 1308 in
1931 1247 2235 1326 ingentem
2281 1265 2654 1308 numerorum
2701 1247 2936 1324 copiam
2980 1245 3280 1326 multipli-
3395 1275 3403 1281 ·

571 1340 761 1410 catur,
814 1331 1015 1396 eoruni
1062 1353 1373 1414 corporum
1422 1334 1671 1414 angulos
1717 1343 1781 1396 et
1827 1343 2035 1396 centra
2079 1335 2387 1413 planorum
2433 1353 2540 1415 pro
2579 1337 2829 1396 fixarum
2872 1335 3275 1407 multitudine,

572 1422 1002 1503 magnitudine,
1050 1423 1285 1503 situque
1334 1423 1829 1498 demonstrando,
1881 1423 1933 1484 si
1978 1441 2320 1502 possumus,
2371 1424 2760 1487 adhibeamus
2791 1423 2884 1499 1’);
2937 1424 3030 1486 sin
3077 1432 3284 1485 autem

571 1511 623 1572 is
674 1511 844 1573 labor
890 1531 1005 1574 non
1053 1519 1149 1574 est
1196 1511 1484 1587 hominiS,
1549 1531 1691 1592 ergo
1752 1513 2048 1592 tantisper
2096 1511 2434 1575 differamus
2482 1514 2703 1575 numeri
2753 1533 2824 1576 ac
2871 1514 3026 1576 situs
3071 1532 3283 1574 earum

574 1600 869 1664 rationem
918 1618 1240 1680 quaerere,
1299 1602 1435 1662 dum
1493 1601 1623 1682 quis
1678 1600 1854 1664 nobis
1901 1601 1979 1664 ad
2023 1620 2202 1666 unum
2247 1621 2488 1678 omnes,
2549 1611 2696 1683 quot
2751 1610 3086 1684 quantaeve
3135 1603 3282 1674 sint,

574 1689 979 1770 descripserit.
1056 1689 1265 1750 Missis
1314 1689 1495 1770 igitur
1540 1691 1671 1752 fixis
1721 1697 1900 1771 atque
1949 1690 2002 1752 ei
2048 1689 2388 1770 permissiS,
2436 1692 2534 1772 qui
2583 1692 2746 1753 solus
2794 1699 3070 1753 numerat
3115 1691 3280 1752 mul-

573 1777 887 1854 titudinem
943 1778 1290 1853 stellarum,
1349 1787 1412 1840 et
1465 1779 1737 1858 singulas
1789 1780 2022 1841 nomine
2079 1787 2260 1841 vocat
2323 1780 2516 1852 (Ps‘al.
2574 1778 2767 1856 147),
2829 1781 3282 1861 sapientissimo

574 1866 816 1944 artifici,
864 1885 973 1928 nos
1023 1869 1226 1930 oculos
1274 1867 1352 1930 ad
1398 1868 1787 1950 propinquaS,
1841 1888 2061 1948 paucas
2110 1877 2172 1930 et
2217 1869 2466 1932 mobiles
2513 1878 2954 1932 convertamus.

652 1999 661 2015 .
747 1955 1017 2036 Denique
1064 1955 1251 2035 igitur
1296 1955 1590 2019 delectum
1638 1976 1948 2037 corporum
1997 1959 2047 2022 si
2095 1957 2494 2033 habuerimus,
2545 1967 2724 2040 atque
2772 1978 3008 2020 omnem
3053 1957 3285 2020 mixto-

574 2063 703 2106 rum
748 2045 983 2107 tnrbam
1031 2045 1412 2125 ejecerimus,
1472 2046 1834 2108 retineamus
1885 2067 2022 2109 vero
2071 2047 2203 2110 sola
2249 2047 2391 2122 illa,
2455 2068 2698 2126 quorum
2745 2048 2945 2110 omnia
2989 2047 3172 2130 plana
3215 2055 3284 2108 et

576 2133 950 2212 aequilatera
996 2142 1059 2196 et
1106 2134 1501 2215 aequiangula
1548 2136 1803 2210 fuerint,
1863 2137 2181 2199 restabunt
2234 2136 2404 2199 nobis
2451 2137 2600 2200 haec
2648 2139 2899 2218 quinque
2958 2155 3284 2216 corpora

574 2222 974 2302 regularia,
1026 2222 1237 2304 quibus
1270 2221 1490 2286 Graeci
1528 2224 1675 2286 haec
1714 2226 2046 2304 ascripsere
2094 2225 2348 2300 nomina,
2399 2226 2618 2292 cubus
2665 2247 2772 2288 seu
2815 2226 3276 2299 hexaedrum,

573 2311 893 2392 pyramis
940 2331 1046 2376 seu
1100 2313 1579 2388 tetraedrum,
1637 2313 2208 2385 dodecaedrum,
2271 2314 2757 2389 icosaedrum,
2822 2315 3276 2377 octaedrum..

572 2397 863 2482 Quodque
911 2400 1004 2462 his
1051 2401 1305 2483 quinque
1351 2402 1523 2483 plura
1568 2422 1701 2465 esse
1750 2421 1864 2464 non
1909 2405 2174 2484 possint,
2207 2407 2260 2476 ο)
2309 2404 2444 2464 vide
2493 2403 2728 2466 Euclid.
2780 2403 2880 2465 lib.
2929 2404 3082 2466 ΧΙΠ
3131 2411 3278 2482 post

573 2506 739 2569 prop.
778 2487 877 2554 18
924 2491 1212 2553 scholion.
1245 2487 1300 2564 ἃ)

748 2576 949 2649 Quare
998 2580 1156 2643 sicut
1198 2579 1409 2642 horum
1453 2579 1733 2640 definitus
1781 2587 1844 2641 et
1889 2581 2136 2660 exiguus
2184 2581 2502 2643 admodum
2548 2589 2644 2641 est
2689 2599 2983 2654 numeruS,
3032 2587 3273 2640 cetero-

572 2685 698 2728 rum
745 2675 852 2730 aut
896 2668 1356 2730 innumerabiles
1404 2677 1507 2730 aut
1554 2667 1819 2730 infinitae
1877 2668 2146 2750 species,
2212 2670 2302 2733 ita
2359 2670 2558 2732 decuit
2601 2671 2662 2731 in
2711 2671 2926 2732 mundo
2973 2669 3090 2730 duo
3137 2689 3279 2729 esse

572 2756 885 2834 stellarum
931 2776 1190 2837 genera,
1264 2757 1525 2819 evidenti
1587 2756 1923 2820 discrimine
1985 2759 2059 2819 ab
2119 2779 2182 2821 se
2231 2759 2483 2822 invicem
2527 2759 2843 2836 distincta,
2911 2757 3272 2839 (cujusmodi

580 2852 776 2908 motus
824 2853 887 2907 et
932 2848 1099 2928 quies
1148 2848 1299 2922 est),
1348 2866 1593 2925 quorum
1638 2866 1815 2907 unum
1862 2866 2049 2927 genus
2093 2849 2319 2911 infinito
2367 2846 2597 2922 simile,
2658 2858 2724 2910 ut
2768 2850 2957 2931 fixae,
3023 2849 3277 2910 alterum

574 2943 895 3014 angustum
942 2944 1009 2997 ut
1052 2936 1353 3015 planetae.
1446 2934 1581 2998 Non
1630 2944 1726 2996 est
1772 2936 1946 3015 hujus
1995 2937 2110 3000 loci
2166 2938 2473 3017 disputare
2521 2938 2594 2998 de
2657 2937 2894 3009 causiS,
2961 2956 3063 2999 cur
3123 2938 3273 2999 haec

579 3031 951 3097 moveantur,
999 3025 1107 3086 illa
1152 3044 1287 3086 non.
1382 3023 1505 3087 Sed
1548 3025 1765 3105 posite,
1816 3026 1970 3104 quod
2017 3026 2296 3106 planetae
2345 3034 2508 3088 motu
2555 3026 2936 3107 indiguerint,
2985 3026 3270 3117 sequitur,

578 3120 645 3174 ut
689 3112 843 3174 hunc
891 3112 1265 3187 obtinerent,
1316 3114 1599 3175 rotundos
1646 3113 1822 3175 orbes
1869 3113 2138 3195 accipere
2187 3115 2484 3177 debuisse.
2515 3117 2570 3189 ⁰)

756 3200 1069 3264 Habemus
1100 3200 1303 3263 orbem
1330 3210 1573 3283 propter
1600 3210 1843 3277 motum,
1893 3212 1956 3265 et
2000 3222 2249 3284 corpora
2291 3212 2536 3286 propter
2580 3224 2884 3266 numerum
2929 3212 2992 3265 et
3036 3202 3272 3283 magni-

577 3289 847 3352 tudines:
878 3288 927 3365 ¹)
976 3291 1114 3372 quid
1159 3298 1356 3353 restat
1400 3290 1690 3371 ampliuS,
1742 3291 1878 3371 quin
1928 3292 2194 3356 dicamus
2241 3314 2371 3357 cum
2418 3294 2690 3367 Platone,
2739 3298 2888 3355 θεον
2933 3292 3024 3355 ἀει
3067 3315 3272 3369 γεωμε-

579 3401 750 3457 τρειν,
800 3388 978 3461 atque
1025 3381 1084 3441 in
1134 3379 1247 3442 hac
1292 3380 1596 3442 mobilium
1644 3379 1871 3442 fabrica
1916 3401 2165 3463 corpora
2211 3382 2452 3445 orbibus
2491 3390 2552 3443 et
2581 3382 2755 3445 orbes
2786 3381 3130 3460 corporibus
3175 3381 3271 3442 in-

576 3467 891 3548 scripsisse
938 3468 1256 3550 tantisper,
1308 3470 1443 3533 dum
1490 3468 1711 3530 nullum
1760 3471 2013 3551 amplius
2061 3491 2274 3552 corpus
2319 3480 2598 3543 restaret,
2646 3472 2801 3551 quod
2841 3489 2960 3533 non
3006 3470 3166 3532 intra
3211 3478 3278 3531 et

576 3564 751 3619 extra
798 3558 1112 3620 mobilibus
1158 3558 1396 3620 orbibus
1444 3559 1729 3621 vestitum
1775 3567 1962 3621 esset.
2049 3560 2206 3622 Nam
2253 3580 2329 3623 ex
2385 3558 2487 3636 13,
2541 3554 2650 3633 14,
2704 3557 2802 3635 15,
2858 3554 2956 3633 16,
3013 3558 3088 3621 17
3137 3558 3274 3621 libri

572 3645 745 3708 XIII.
776 3646 1045 3710 Euclidis
1092 3648 1292 3709 videre
1341 3655 1454 3719 est,
1503 3666 1679 3728 quam
1726 3647 1875 3710 haec
1922 3668 2170 3728 corpora
2216 3657 2432 3711 natura
2478 3670 2588 3711 sua
2635 3650 2758 3711 sint
2803 3658 2950 3729 apta
2997 3649 3073 3710 ad
3119 3649 3274 3710 hanc

574 3735 1024 3816 inscriptionem
1070 3746 1132 3799 et
1176 3736 1799 3815 circumscriptionem.
1896 3735 2096 3808 Quare
2155 3738 2207 3800 si
2269 3739 2520 3820 quinque
2577 3758 2828 3819 corpora
2872 3738 3274 3801 mediantibus

491 3876 501 3888 .
576 3834 639 3887 et
704 3825 1120 3889 claudentibus
1187 3826 1429 3887 orbibus
1494 3826 1832 3888 inserantur
1894 3826 2009 3889 sibi
2076 3836 2314 3903 mutu0,
2383 3826 2732 3889 habebimus
2797 3847 3098 3890 numerum
3163 3845 3275 3888 sex

576 3912 825 3976 orbium.

750 4000 926 4074 Quod
975 4002 1028 4064 si
1074 4002 1277 4082 aliqua
1323 4001 1523 4064 mundi
1574 4010 1746 4063 aetas
1792 4003 1903 4064 hoc
1950 4011 2129 4084 pacto
2167 4004 2240 4065 de
2271 4005 2472 4066 mundi
2501 4004 2889 4084 dispositione
2920 4002 3271 4083 disputavit,

578 4098 643 4155 ut
688 4112 799 4155 sex
857 4091 1031 4153 orbes
1088 4100 1339 4171 poneret
1395 4090 1643 4153 mobiles
1696 4092 1858 4154 circa
1903 4088 2108 4156 So’lem
2171 4092 2564 4169 immobilem,
2635 4094 2738 4155 illa
2801 4092 3002 4173 utique
3067 4113 3272 4155 veram

576 4178 1000 4244 astronomiam
1046 4178 1317 4242 tradidit.
1409 4180 1635 4262 Atqui
1682 4180 2037 4261 eJusmodi
2099 4202 2226 4245 sex
2271 4182 2484 4244 orbes
2530 4183 2753 4244 habet
2799 4181 3268 4259 Copernicus,

509 4318 514 4327 .
577 4288 842 4351 eosque
891 4268 1099 4331 binos
1144 4268 1214 4330 in
1264 4269 1617 4349 ejusmodi
1664 4270 1749 4331 ad
1796 4270 2109 4332 invicem
2155 4273 2661 4352 proportione,
2727 4280 2800 4333 ut
2845 4272 3020 4332 haec
3067 4270 3270 4350 quin-

578 4378 711 4441 que
768 4377 1073 4441 corpora
1131 4358 1365 4421 omnia
1425 4358 1805 4441 aptissime
1864 4359 2312 4422 interlocari
2375 4362 2700 4441 possint,
2765 4378 2944 4441 quae
3007 4378 3274 4421 summa

578 4447 723 4510 erit
768 4467 1010 4511 eorum
1067 4465 1247 4528 quae
1302 4456 1715 4527 sequuntur.
1811 4446 2014 4520 Quare
2061 4450 2357 4531 tantisper
2402 4450 2732 4512 audiendus
2781 4458 2906 4521 est,
2957 4450 3092 4511 dum
3140 4448 3272 4528 quis

579 4543 685 4597 aut
730 4536 993 4617 aptiores
1042 4537 1119 4597 ad
1166 4536 1316 4597 haec
1342 4536 1860 4617 philosophemata
1887 4539 2204 4617 protulerit
2230 4540 2608 4621 hypotheses,
2662 4546 2765 4599 aut
2808 4539 3093 4613 docuerit,
3142 4539 3266 4599 for-

580 4624 732 4686 tuito
778 4626 838 4686 in
896 4644 1168 4687 numeros
1226 4635 1404 4706 atque
1460 4624 1517 4686 in
1580 4633 1839 4687 mentem
1905 4625 2153 4688 hominis
2217 4627 2506 4709 irrepere·
2541 4648 2758 4709 posse,
2825 4627 2979 4707 quod
3045 4627 3272 4706 optima

580 4714 809 4775 ratione
858 4733 932 4777 ex
978 4714 1127 4795 ipsis
1174 4723 1419 4776 naturae
1482 4714 1787 4793 principiis
1850 4715 2168 4777 deductum
2215 4723 2328 4779 est.
2419 4718 2576 4780 Nam
2639 4718 2775 4796 quid
2841 4715 3269 4792 admirabilius,

585 4802 722 4882 quid
770 4804 845 4864 ad
890 4804 1362 4884 persuadendum
1410 4802 1913 4866 accommodatius
1952 4804 2068 4867 dici
2117 4812 2222 4867 aut
2267 4806 2408 4885 fingi
2452 4814 2685 4885 potest,
2751 4824 2927 4887 quam
2972 4806 3127 4888 quod
3173 4824 3266 4881 ea,

586 4910 738 4974 quae
769 4890 1131 4975 Copernicus
1178 4911 1249 4953 ex
1279 4914 1675 4973 φαινομενοις,
1721 4912 1795 4955 ex
1842 4892 2172 4971 effectibus,
2222 4913 2299 4956 ex
2341 4895 2790 4979 posterioribus,
2837 4895 3010 4981 quasi
3053 4914 3270 4963 caecus
