3634 5575
1452 374 1617 434 Notae
1654 380 1884 435 Editoris.
2876 372 3004 445 657

302 544 527 599 surarum
558 525 827 609 nuspiam
862 540 1157 593 emes-oss
1206 548 1259 593 et
1292 540 1519 593 rasum
1560 540 1703 605 primi
1756 538 1950 591 nouas
1983 538 2064 593 so.
2101 534 2542 606 ‹ie-uoniam&
2577 538 2810 591 viennae
2847 534 3004 587 ista

298 618 567 667 &tionem
603 614 987 681 Begiomontani
1036 611 1341 677 „dirigendi“
1382 613 1621 662 desumsit
1654 611 1904 675 Keplerus
1941 625 2000 661 ex
2035 624 2184 675 opere
2233 611 2496 673 inscripto:
2553 610 2810 670 „Tabulae
2847 608 3006 659 direc-

298 689 491 739 tionum
540 688 593 737 in
648 684 991 737 nativitatibus
1042 684 1251 743 multum
1303 683 1449 734 utiles
1482 696 1589 733 una
1622 696 1734 733 cum
1770 682 1983 733 Tabella
2013 684 2150 733 sinus
2185 681 2340 732 reeti‘⁸
2405 679 2644 743 (Primum
2677 681 2892 734 occurrit
2925 680 3008 730 hic

296 757 422 809 iiber
452 772 585 808 anno
616 754 765 807 1475.
802 756 1087 819 inscriptus:
1126 755 1297 805 Ludus
1320 754 1653 814 Pannonicus,
1691 767 1838 817 quem
1875 753 1998 803 alias
2033 766 2210 805 vocare
2239 753 2382 803 libuit
2401 752 2622 803 Tabulas
2645 746 3005 803 Directiouum.

300 828 549 887 Norimb.;
588 828 765 879 deiude
801 825 1021 877 Norimb.
1063 822 1227 875 1504:
1267 825 1389 873 Tab.
1431 824 1771 874 Directionum
1806 823 2292 887 Profectionumque,
2339 838 2442 874 non
2476 828 2672 873 tautum
2709 822 3010 887 astrologiae

214 939 220 949 .
294 900 605 963 judiciariae,
640 912 789 964 quam
822 898 1005 949 tabulis
1041 896 1475 960 instrumentisque
1512 895 1811 946 fabricandis
1847 896 1995 945 utiles
2015 892 2124 951 doc..
2153 894 2276 944 Tub.
2309 891 2462 943 1550.
2491 894 2618 959 Aug.
2648 893 2796 945 Vind.
2825 890 3008 953 1551.)

490 984 577 1048 10)
616 1002 665 1051 p.
706 984 825 1036 371.
901 984 1205 1036 Scheibeliua
1242 983 1393 1043 (Eiul.
1435 998 1521 1031 zur
1555 982 1788 1033 mathem.
1828 980 2308 1043 Bucherkenntnirs)
2345 982 2523 1032 refert:
2575 981 2871 1032 Loffrauc
2909 979 3008 1031 of-

300 1059 465 1109 fusii
504 1058 735 1109 Germani
770 1056 1059 1107 Philomatis
1096 1056 1158 1104 de
1196 1054 1363 1103 divina
1398 1058 1640 1103 astrorum
1676 1052 1918 1104 facultate
1953 1054 2005 1103 in
2041 1053 2284 1103 larvatam
2321 1052 2652 1117 astrologiam.
2697 1051 2810 1101 Par.
2855 1048 3008 1101 1570.

300 1128 383 1181 De
416 1130 615 1180 nomine
640 1126 997 1187 „Loffrancus“
1038 1124 1213 1176 dubius
1250 1130 1341 1175 est.
1392 1124 1451 1175 In
1477 1123 1723 1187 Tychonis
1758 1124 1880 1175 libro
1915 1125 1978 1175 de
2013 1124 2161 1175 stella
2195 1124 2316 1174 anui
2354 1120 2508 1173 1572.
2548 1124 2760 1174 occurrit
2791 1136 2840 1186 p.
2881 1119 3010 1170 472:

300 1199 383 1251 Jo.
423 1201 640 1251 Francus
678 1197 897 1249 Offnsius
933 1198 1225 1249 Germanus.
1300 1196 1381 1245 La
1413 1194 1589 1245 Laude
1624 1194 1676 1245 in
1712 1194 2086 1262 Bibliographia
2121 1202 2304 1246 astrum
2343 1195 2556 1245 eandem
2591 1206 2738 1259 quarn
2777 1192 3011 1243 Scheibe·

302 1270 399 1321 lius
435 1269 581 1321 affert
616 1270 1083 1320 denominationem.
1156 1266 1405 1331 Keplerus
1454 1267 1507 1315 in
1554 1265 1673 1316 libro
1724 1265 1785 1316 de
1823 1266 1984 1317 Stella
2015 1278 2148 1315 nova
2183 1264 2332 1330 (Cap.
2367 1262 2484 1331 ix.)
2541 1264 2662 1315 dicit
2699 1263 3014 1326 „soni-ancus

304 1340 547 1399 effecius,
582 1342 849 1393 acerrimus
884 1346 1175 1405 aspectuum
1208 1338 1381 1397 hostis,
1418 1342 1617 1401 praeter
1652 1338 2052 1400 conjunctionem
2087 1342 2139 1387 et
2175 1336 2532 1401 oppositionem
2565 1334 2692 1387 ‹tc-⁸⁸

484 1426 574 1490 11)
608 1444 659 1492 p.
700 1425 822 1477 420.
894 1427 959 1477 Η.
1000 1425 1385 1481 Bulderum‚
1428 1424 1705 1484 „medicum
1738 1424 2194 1491 Rosenbergicum“
2235 1422 2394 1486 (Petri
2431 1438 2464 1475 a
2499 1422 2706 1487 wecho,
2739 1422 3015 1475 fundatoris

304 1501 552 1566 gymnasii
586 1494 965 1564 Rosenbergici)
1002 1498 1229 1548 amicitia
1261 1496 1479 1560 Keplero
1510 1498 1737 1559 junctum
1770 1496 1939 1554 fuisse,
1977 1500 2226 1547 testantur
2259 1494 2449 1555 literae,
2487 1508 2613 1561 quas
2649 1494 2849 1547 exhibet
2873 1494 3012 1546 Han·

302 1570 470 1622 schiris
504 1572 557 1621 iu
596 1570 885 1620 collectione
922 1582 1015 1619 sua
1048 1566 1189 1634 (pag.
1230 1564 1376 1628 418).

446 1640 573 1693 Cum
607 1641 853 1705 Keplerus
886 1639 1035 1705 paulo
1071 1652 1222 1703 supra
1256 1638 1318 1688 de
1351 1637 1549 1701 judiciis
1585 1638 1789 1689 aliorum
1827 1638 1890 1689 de
1925 1638 2092 1689 libello
2127 1652 2216 1688 suo
2251 1637 2494 1703 loquatur,
2532 1634 2628 1689 duo
2663 1636 2746 1689 hic
2783 1636 3012 1703 adjungi.

307 1726 417 1765 mus
454 1713 664 1763 virorum
698 1712 749 1761 in
784 1712 939 1761 literis
976 1712 1099 1760 bene
1135 1714 1453 1760 versaturum.
1762 1748 1768 1755 .
2201 1708 2214 1717 '

482 1783 625 1834 Prius
660 1782 797 1833 dedit
832 1781 1149 1845 Georgius
1183 1779 1769 1845 Bellenhagenius
1822 1776 2042 1841 (celeber
2094 1780 2176 1830 ille
2228 1784 2400 1829 auctor
2434 1782 2699 1844 poematis:
2736 1779 3012 1833 Batracho-

312 1852 670 1917 myomachiae,
708 1859 813 1903 nat.
854 1851 1131 1902 Bernaviae
1169 1865 1216 1900 a.
1250 1846 1415 1909 1542,
1452 1856 1621 1915 pastor
1656 1857 1709 1901 et
1742 1856 1906 1903 rector
1939 1849 2270 1916 Magdeburgi
2305 1849 2372 1900 ab
2407 1864 2539 1901 annu
2576 1848 2730 1901 1567.
2783 1851 2852 1903 ad
2884 1866 3012 1903 rnor-

312 1930 415 1973 tem
452 1938 606 1989 usque
644 1938 693 1974 a.
734 1919 911 1985 1609),
946 1922 1075 1972 haec
1112 1922 1178 1973 ad
1199 1921 1473 1986 Keplerum
1509 1918 1581 1981 (d.
1623 1919 1707 1970 22.
1746 1922 1889 1972 Febr.
1932 1918 2094 1983 1602)
2132 1923 2380 1972 scribens:

480 1994 587 2045 Etsi
624 2009 717 2059 ego
737 2029 753 2053 ,
790 1992 975 2044 Excell.
1012 1991 1117 2049 Vir,
1168 2008 1269 2042 nou
1322 1993 1459 2056 potui
1510 1991 1575 2042 ad
1623 2006 1923 2042 summorum
1969 1998 2357 2043 astronomorum
2395 1997 2556 2043 artem
2591 2004 2842 2059 emergere
2859 2028 2874 2050 ,
2911 1998 3018 2043 tum

306 2071 506 2129 propter
540 2072 913 2129 praeceptorum
948 2064 1223 2129 penuriam,
1260 2070 1367 2113 tum
1404 2069 1601 2126 propter
1634 2063 1930 2114 facultatum
1966 2063 2264 2114 tenuitatem
2275 2080 2305 2123 ,a
2330 2076 2457 2128 quae
2505 2061 2626 2112 mihi
2681 2064 2930 2129 perpetuis
2967 2070 3020 2114 et

310 2134 608 2186 difficillimis
642 2136 967 2201 paedagogiis
1002 2134 1291 2186 sarciendae
1327 2134 1527 2183 fuerunt
1561 2133 1679 2184 iude
1715 2148 1748 2184 a
1782 2136 1942 2199 prima
1994 2136 2207 2198 pueritia
2241 2148 2394 2199 usque
2445 2134 2511 2185 ad
2544 2132 2836 2185 hodiernum
2869 2134 3016 2190 diem.

308 2214 365 2256 ut
402 2212 631 2271 expertus
667 2209 759 2257 sim
794 2207 939 2256 illud:
978 2206 1226 2269 „pluribus
1262 2206 1483 2255 intentus
1519 2206 1679 2254 minor
1715 2212 1791 2255 est
1829 2206 1895 2255 ad
1930 2206 2131 2271 singula
2163 2204 2389 2262 seusus“,
2427 2205 2590 2255 amavi
2627 2210 2796 2257 tamen
2827 2204 3020 2255 occulto

310 2284 525 2329 naturae
563 2278 715 2331 ductu
752 2284 909 2328 artem
944 2278 1101 2341 ipsam
1118 2312 1131 2337 ,
1186 2281 1236 2327 et
1272 2274 1488 2325 artifices
1526 2275 1633 2325 colo
1670 2290 1731 2327 ac
1767 2290 1988 2327 veneror.
2061 2274 2290 2342 Nihilque
2323 2275 2540 2335 mallem,
2576 2290 2728 2341 quam
2759 2282 2818 2327 ut
2852 2275 3020 2339 Tycha

310 2350 415 2413 ipse
454 2350 554 2399 suis
588 2348 835 2398 laboribus
872 2361 1113 2397 summam
1155 2360 1358 2395 manum
1394 2347 1721 2410 imposuisset.
1764 2354 1816 2397 et
1854 2348 2102 2397 substrato
2142 2348 2472 2399 astronomiae
2505 2346 2828 2398 fundamento
2863 2353 3020 2397 astro·

310 2418 494 2485 logiam
530 2432 721 2484 quoque
759 2432 791 2469 a
827 2419 954 2467 vitiis
992 2422 1042 2468 et
1079 2418 1303 2469 convitiis
1340 2418 1663 2479 vindicassem
1708 2420 1838 2469 sicut
1871 2420 2070 2469 crebrae
2103 2432 2247 2469 meae
2286 2418 2601 2479 testabuntur
2637 2418 2832 2475 literae.
2871 2418 3022 2469 etiam

312 2490 363 2539 iu
398 2488 618 2541 Daniam
666 2496 785 2539 ante
834 2488 1012 2539 multos
1065 2502 1220 2539 annos
1280 2488 1345 2539 ad
1379 2488 1599 2554 ignotum
1636 2490 1869 2553 scriptae.
1943 2487 2070 2539 Cum
2104 2504 2216 2541 vero
2255 2489 2402 2539 aliter
2437 2488 2548 2539 Deo
2583 2489 2740 2539 visum
2773 2490 2840 2539 sit
2875 2496 3024 2554 atque

310 2562 353 2610 is
390 2560 594 2611 tandem
631 2575 717 2624 per
742 2560 1005 2611 Ursianum
1043 2558 1289 2624 quoddam
1325 2573 1569 2613 venenum
1604 2560 1749 2623 proh!
1803 2560 2008 2611 nimium
2044 2567 2242 2611 matura
2276 2565 2432 2611 morte
2467 2560 2616 2624 periit
2649 2557 2869 2620 (mutum
2894 2560 3026 2611 euim

310 2638 592 2699 symptoma
628 2646 686 2681 ex
722 2632 999 2681 retentione
1036 2632 1209 2681 urinae
1246 2632 1295 2679 in
1334 2637 1441 2679 tam
1476 2636 1652 2695 vegeto
1690 2644 1888 2695 corpore
1945 2636 2064 2683 ante
2107 2630 2491 2683 climactericam
2524 2630 2782 2695 periodum
2815 2631 3060 2681 existere·

308 2714 503 2769 prorsus
554 2698 765 2766 nequit),
805 2702 1025 2767 gratulor
1084 2702 1179 2751 arti
1216 2708 1268 2751 et
1302 2700 1420 2750 mihi
1459 2700 1520 2751 de
1556 2706 1607 2751 te
1645 2716 1930 2753 successore
1967 2702 2056 2752 tali
2075 2737 2092 2761 ‚
2147 2704 2229 2767 qui
2283 2707 2336 2753 et
2382 2708 2531 2753 notus
2568 2706 2648 2753 est
2679 2700 2904 2767 pontifici
2935 2698 3025 2764 (ἲ),

312 2780 366 2823 et
404 2778 561 2824 artem
600 2774 758 2838 ipsam
796 2779 936 2824 amat
972 2779 1024 2824 et
1059 2772 1318 2838 iutelligit,
1356 2778 1409 2822 et
1445 2777 1625 2838 arguta
1660 2774 1884 2824 oratione
1919 2772 2115 2826 tradere
2151 2787 2216 2824 ea
2252 2778 2306 2825 et
2340 2772 2584 2838 explicare
2621 2778 2814 2838 potest,
2849 2777 2902 2824 et
2936 2772 3028 2822 tibi

310 2851 423 2910 post
457 2843 621 2896 Deum
671 2845 933 2910 propitium
970 2845 1313 2909 imperatorem
1335 2879 1348 2902 ‚
1388 2844 1533 2894 robur
1567 2845 1698 2896 vitae
1736 2851 1789 2897 et
1824 2844 2117 2896 valetudinis
2156 2845 2438 2896 diuturnum
2453 2881 2468 2904 ‚
2507 2843 2818 2910 divinamque
2853 2848 3029 2894 contra

313 2915 532 2966 aemulos
571 2917 846 2966 custodiam
882 2921 987 2966 toto
1023 2921 1223 2980 pectore
1259 2928 1448 2979 precor.
1524 2918 1688 2981 Atque
1725 2922 1776 2967 te
1816 2923 2043 2968 amanter
2079 2931 2178 2978 oro,
2217 2923 2274 2966 ut
2309 2921 2365 2966 tu
2396 2917 2503 2979 jam
2537 2931 2624 2980 pro
2655 2915 2889 2979 Tychoue
2925 2914 3026 2964 Eu·

312 2985 489 3048 tychus
526 3000 605 3036 me
640 2987 691 3036 in
719 2987 989 3038 amicitiam
1027 2993 1279 3051 receptum
1316 2993 1485 3036 mutuo
1524 3001 1677 3037 ames.
1737 2985 1789 3036 Si
1826 2987 1944 3052 quid
1981 2987 2090 3046 erit,
2129 2987 2257 3053 quod
2292 3001 2385 3054 ego
2419 2986 2507 3036 tibi
2534 2985 2600 3037 ad
2625 2985 3028 3039 testificationem

313 3055 465 3106 animi
499 3057 598 3106 mei
634 3055 801 3108 facere
835 3063 1024 3121 potero,
1066 3057 1297 3116 efficiam,
1334 3071 1399 3107 ne
1436 3057 1513 3107 vel
1550 3057 1948 3109 benevolentiam
1983 3058 2062 3108 vel
2097 3057 2246 3108 fidem
2281 3059 2334 3108 in
2367 3071 2450 3108 me
2487 3056 2752 3109 desideres.

489 3126 717 3191 Inprimis
756 3133 923 3178 autem
958 3128 1127 3191 placet
1158 3123 1281 3177 mihi
1315 3127 1707 3194 Progymnasrna
1753 3135 1895 3180 tuum
1940 3127 2003 3180 de
2039 3129 2374 3195 Prognosticis
2410 3133 2764 3194 tempestatum
2813 3134 2866 3182 et
2901 3129 3025 3195 poli·

311 3199 522 3249 ticorum
555 3195 865 3264 negotiorum
902 3203 1082 3250 eventu
1116 3197 1411 3264 vulgaribus.
3007 3229 3020 3239 .

489 3267 654 3320 Natus
690 3275 769 3321 est
803 3274 923 3319 ante
960 3283 1147 3320 annum
1183 3270 1315 3333 apud
1350 3282 1439 3319 nos
1475 3269 1665 3320 Doctor
1700 3284 1854 3320 novus
1889 3271 2158 3329 Barnimus
2191 3287 2226 3322 a
2262 3271 2434 3328 Stuer,
2487 3271 2570 3336 qui
2603 3271 3026 3336 impudentissime

316 3353 448 3391 anno
471 3341 738 3404 praeterito
764 3339 1051 3404 Imperatori
1076 3345 1281 3390 mortem
1312 3341 1569 3404 praedixit,
1606 3341 1739 3392 Duci
1774 3357 1887 3394 vero
1916 3343 2268 3394 Brunsvicensi
2303 3355 2553 3398 coronam,
2589 3343 2768 3394 viduae
2802 3343 3028 3397 electoris

314 3411 737 3478 Brandenburgici
774 3425 945 3477 regem
980 3409 1231 3461 Polouiae·
1280 3410 1353 3474 ‘Is
1408 3425 1469 3462 ex
1523 3418 1631 3463 arte
1675 3419 1849 3464 nostra
1894 3429 1958 3466 ne
1996 3414 2298 3465 novilunium
2343 3419 2436 3464 aut
2469 3413 2592 3464 coeli
2626 3413 2799 3464 thema
2831 3415 3028 3480 quidem

316 3481 519 3533 definire
558 3488 647 3534 aut
682 3483 898 3534 iuvenire
933 3489 1127 3546 posset,
1165 3488 1221 3531 nt
1258 3495 1423 3532 coram
1456 3481 1643 3532 homini
1690 3484 2110 3547 impudentissimo
2147 3486 2200 3535 in
2235 3485 2414 3536 faciem
2465 3484 2578 3534 dixi.
2650 3484 2842 3534 Tamen
2883 3499 3024 3551 prae·

312 3551 480 3603 dicere
532 3559 739 3604 conatur
786 3551 1122 3618 particularia,
1169 3565 1315 3618 quae,
1368 3555 1518 3602 etiam
1560 3552 1848 3604 Ptolemaeo
1894 3562 2038 3616 teste,
2085 3561 2282 3606 tantum
2320 3561 2437 3606 sunt
2470 3555 2852 3612 θεοπνευςων.
2927 3553 3028 3606 Sed

312 3630 371 3673 ut
419 3624 602 3674 famem
652 3623 774 3681 alat,
825 3637 886 3674 ex
930 3623 1132 3673 aliorum
1171 3623 1335 3674 deliris
1377 3623 1571 3687 scriptis
1612 3627 1805 3688 majora
1849 3626 2022 3677 deliria
2065 3627 2278 3677 conficit.
2351 3625 2495 3678 Haec
2539 3625 2844 3678 calendaria
2884 3626 3028 3676 velim

312 3699 425 3744 tuos
476 3707 805 3746 amanuenses
854 3696 1155 3758 conquirere,
1206 3695 1458 3758 paradoxa
1508 3709 1769 3758 excerpere
1818 3703 1872 3747 et
1913 3711 1974 3748 ex
2015 3696 2348 3748 fundamentis
2391 3697 2462 3747 sic
2506 3697 2708 3756 diluere,
2767 3702 2827 3748 ut
2857 3694 3027 3760 Tycho
3075 3733 3078 3740 .

312 3765 435 3816 fecit
480 3764 542 3815 de
590 3765 1010 3816 observationibus
1052 3780 1210 3817 novae
1252 3765 1445 3823 stellae.
1496 3770 1553 3816 ut
1595 3767 1798 3818 tandem
1843 3769 2067 3830 audiant,
2119 3768 2250 3834 quod
2293 3769 2366 3818 eis
2403 3768 2606 3833 dignum
2649 3774 2742 3819 est.
2817 3767 3028 3834 Ignosce

307 3839 475 3899 justae
517 3835 863 3902 indignationi,
898 3840 969 3896 ⁴et
1009 3851 1107 3894 me,
1157 3837 1287 3887 sicut
1324 3839 1508 3902 rogavi,
1553 3838 1896 3889 redamantem
1938 3852 2070 3891 ama.
2143 3839 2285 3890 Bene
2329 3846 2380 3889 et
2421 3838 2656 3890 athletice
2697 3838 2824 3892 vale.
2867 3861 2940 3876 --

318 3923 323 3928 ⁴
494 3905 742 3972 Suspicio,
792 3921 941 3972 quam
988 3921 1139 3972 supra
1186 3907 1333 3959 affert
1374 3907 1813 3974 Roilenhagenius,
1866 3911 2152 3974 Tychonem
2199 3911 2400 3974 periisse
2447 3923 2640 3960 veneno
2690 3911 2753 3960 ab
2792 3909 2918 3962 Urso
2967 3909 3025 3959 il·

310 3975 434 4036 lato,
478 3977 608 4028 falsa
653 3984 743 4028 est.
815 3977 1040 4028 Mortuus
1081 3977 1235 4028 Ursus
1278 3993 1409 4030 anno
1450 3976 1605 4036 1599,
1649 3980 1844 4030 biennio
1887 3981 1992 4031 iere
2034 3987 2154 4031 ante
2196 3979 2498 4044 Tychonem.

490 4048 715 4098 Alterum
758 4049 887 4114 quod
930 4049 1139 4098 diximus
1175 4050 1415 4114 judicium
1452 4050 1515 4100 de
1548 4049 1753 4114 Kepleri
1794 4051 1958 4102 libello
1995 4051 2403 4116 deprehendimus
2437 4051 2489 4100 in
2527 4049 2681 4100 literis
2714 4051 3028 4102 Ambrosii

310 4117 445 4168 Rho
460 4118 560 4177 dii,
588 4119 835 4182 Tychonis
860 4120 1108 4184 quondam
1134 4121 1407 4176 domestici,
1450 4123 1531 4185 qui
1573 4121 1689 4170 iude
1734 4122 1797 4190 ab
1844 4135 1904 4172 eo
1945 4128 2179 4186 tempore,
2224 4137 2319 4188 quo
2357 4137 2470 4174 cum
2513 4120 2730 4185 Keplero
2770 4123 2904 4187 apud
2927 4121 3026 4186 Ty-

312 4189 527 4241 chonem
572 4191 751 4240 eadem
792 4197 1081 4241 exercuerat
1118 4192 1297 4251 studia,
1340 4191 1473 4240 illius
1515 4191 1785 4242 amicitiam
1825 4193 2022 4244 colebat
2061 4207 2149 4258 per
2179 4195 2380 4260 longam
2424 4205 2664 4243 annorum
2702 4194 2894 4252 seriem,
2941 4207 3032 4258 per

310 4259 482 4312 literas
523 4261 633 4312 fata
681 4273 777 4311 sua
815 4273 1079 4312 recensens
1119 4261 1337 4326 Keplero
1380 4265 1581 4327 eiusque
1622 4263 1797 4326 studia
1830 4263 2087 4328 adjuvans,
2129 4265 2276 4314 libros
2320 4277 2354 4314 a
2387 4263 2609 4328 Keplero
2647 4261 2805 4314 editos
2840 4263 3026 4314 collau-

310 4331 455 4382 dans.
528 4331 587 4382 In
626 4333 781 4384 literis
824 4333 873 4382 d.
910 4331 1249 4398 Wittebergae
1290 4333 1335 4382 d.
1366 4330 1415 4382 3.
1462 4332 1631 4382 Martii
1678 4330 1832 4382 1602.
1877 4335 2006 4386 haec
2045 4335 2280 4402 legimus:
2321 4337 2364 4386 si
2401 4349 2512 4398 spes
2554 4335 2788 4400 stipendii
2829 4333 3029 4398 (studiis

310 4402 631 4454 incumbebat
672 4409 777 4453 tum
816 4404 1048 4466 temporis
1082 4403 1301 4454 Rhodius
1326 4403 1664 4470 Wittebergae
1706 4404 1996 4472 theologicis
2035 4413 2087 4457 et
2125 4403 2495 4470 philosophicis)
2539 4419 2620 4456 me
2663 4405 2906 4464 fefellerit,
2949 4419 3027 4458 re·

312 4473 427 4524 dibo
466 4473 707 4540 Pragam;
751 4475 793 4524 si
834 4488 965 4530 nou,
1011 4479 1063 4524 et
1104 4489 1165 4525 ex
1206 4481 1317 4523 voto
1361 4475 1624 4534 succedet,
1664 4477 1846 4539 poterit
1889 4477 2024 4536 fieri,
2069 4477 2125 4528 u't
2163 4493 2248 4526 vos
2291 4492 2324 4528 a
2371 4477 2494 4527 festo
2537 4475 2814 4529 Paschatos
2853 4477 3028 4526 visam.

311 4543 517 4594 Interim
558 4559 645 4609 per
686 4545 854 4596 literas
888 4558 949 4595 ac
984 4545 1025 4594 si
1062 4553 1349 4610 praesentes
1385 4559 1619 4604 essemus,
1657 4547 1719 4597 de
1753 4548 1898 4598 rebus
1932 4549 2226 4599 necessariis
2267 4561 2489 4614 agemus,
2525 4548 2567 4597 si
2607 4551 2779 4600 tamen
2803 4547 2894 4598 tibi
2917 4547 3025 4613 pla-

314 4615 472 4666 cuerit
518 4621 568 4666 et
609 4617 651 4665 si
695 4615 871 4667 artifici
912 4629 1013 4666 nou
1057 4615 1361 4681 displicuerit
1404 4619 1734 4668 astronomiae
1775 4624 1999 4682 tyronem
2041 4620 2316 4670 instituere.
2346 4656 2359 4669 .
2389 4654 2402 4670 .
2431 4655 2444 4668 .

488 4687 677 4738 'theses
716 4693 830 4738 tuas
874 4687 1209 4754 Astrologicas
1252 4688 1452 4750 accepi,
1496 4687 1681 4754 perlegi
1697 4724 1710 4746 ,
1758 4694 1809 4739 et
1849 4689 2055 4754 placent
2107 4696 2305 4755 propter
2360 4692 2668 4753 conjecturas
2726 4686 3029 4755 probabiles:

314 4755 401 4808 sed
444 4757 545 4822 qui.
602 4771 731 4822 pace
772 4763 943 4808 tamen
982 4765 1035 4809 et
1074 4773 1161 4824 pro
1198 4759 1420 4809 amicitia
1455 4761 1628 4808 nostra
1664 4759 1891 4822 dixerim,
1939 4762 2131 4813 videtur
2163 4761 2384 4812 Rameus
2427 4761 2623 4826 spiritus
2656 4764 2707 4810 te
2746 4760 3024 4816 incessisse.

310 4829 397 4893 qui
438 4833 544 4878 tam
584 4828 909 4880 inclementer
938 4835 1130 4882 tractas
1172 4831 1398 4895 antiquos
1433 4828 1721 4896 astrologos.
1764 4833 1890 4882 viros
1924 4832 2093 4884 bonos.
2167 4831 2234 4882 Et
2261 4845 2390 4897 quae
2433 4844 2466 4883 a
2501 4845 2582 4882 me
2611 4831 2724 4892 joco
2762 4831 2928 4881 forsan
2965 4829 3027 4880 ab

315 4899 427 4950 aliis
462 4899 591 4949 serio
624 4900 869 4960 dicuntur,
910 4913 1005 4953 nec
1032 4901 1275 4966 judicium
1307 4915 1470 4953 meum
1508 4899 1601 4951 hoc
1636 4902 1822 4952 roboris
1855 4905 1962 4966 jam
2001 4909 2284 4955 assecutum
2323 4910 2417 4953 est.
2492 4901 2556 4952 D.
2594 4899 2796 4953 Huunio
2829 4899 3026 4964 (Theol-

421 4983 597 5036 xopiori
626 4987 763 5037 open
790 4987 824 5030 ι.
2535 4987 2605 5040 42
