3634 5575
1386 396 1450 446 de
1483 397 1630 446 rebus
1669 395 1992 462 utroiogicis.
2054 348 2063 362 ι
2917 397 3035 464 321

473 551 898 601 Fabricius:
957 550 1253 611 Quaeritur,
1309 565 1378 602 au
1411 553 1584 616 magui
1637 559 1692 602 et
1727 552 1941 602 (1111881111
1978 555 2187 603 venti
2232 555 2341 604 sine
2394 558 2609 607 materia
2662 571 2771 607 esse
2822 559 3053 623 possint?

336 621 483 671 Unde
523 623 656 671 venti
691 622 842 670 subiti
879 637 938 671 ex
976 621 1110 672 claro
1149 622 1306 681 coelo,
1345 622 1422 672 vel
1460 637 1521 672 ex
1559 624 1742 688 exigua
1766 623 2011 687 particula
2047 625 2209 682 nubis,
2244 629 2295 674 in
2320 625 2475 677 Indiis
2498 629 2713 678 maxime
2738 629 3053 680 saevientes'

336 691 446 742 Hoc
483 693 759 758 prodigium
797 692 929 756 apud
967 708 1047 742 me
1082 695 1246 757 potius
1285 699 1387 751 est,
1446 707 1596 759 quam
1631 701 1688 744 ut
1729 695 1794 744 ad
1845 694 2075 759 physicas
2125 698 2341 748 rationes
2394 699 2565 749 referri
2612 701 2785 764 possit.
2859 700 3052 752 Suntne

334 765 458 813 forte
493 763 732 827 planetae
769 770 1013 812 certorum
1048 771 1305 813 ventorum
1341 763 1590 814 motores?

511 851 912 930 KepleruS.
963 852 1054 913 De
1102 853 1320 926 ventis,
1369 871 1538 931 rogo,
1590 852 1790 914 indica
1829 851 2151 932 diligenter
2198 865 2375 936 notas
2405 877 2611 920 omnes
2649 859 3048 922 circumstan-

339 942 460 1003 tias
509 939 624 1002 loci
691 948 758 1001 et
801 949 1136 1003 ventorum.
1232 941 1534 1003 Videntur
1600 940 1686 1001 illi
1753 939 2012 1001 diuturni
2082 943 2241 1004 venti
2310 946 2404 1007 vel
2470 967 2507 1007 a
2546 946 2841 1010 diuturnis
2908 949 3051 1010 alibi

339 1029 564 1108 pluviis
615 1048 770 1100 esse,
817 1028 916 1089 vel
964 1029 1093 1090 loco
1143 1048 1366 1090 earum.
1463 1027 1606 1092 Sine
1653 1029 1913 1090 materia
1959 1046 2101 1090 vero
2150 1031 2247 1111 qui
2275 1033 2531 1110 possint,
2580 1037 2675 1114 qui
2716 1045 2858 1098 sunt
2885 1056 3049 1098 mera

335 1116 630 1178 materia?
720 1117 854 1196 Ego
902 1136 1048 1178 sane
1097 1118 1318 1192 nesci0,
1368 1118 1510 1196 quid
1557 1118 1639 1178 sit
1683 1117 1793 1178 illa
1840 1116 2005 1177 sicca
2050 1119 2357 1181 exhalatio
2406 1122 2519 1184 nisi
2566 1133 2880 1186 ventorum
2910 1144 3042 1187 tna-

337 1205 510 1268 teria.
603 1207 834 1284 Magna
879 1206 1117 1267 videtur
1165 1207 1222 1267 in
1269 1207 1383 1267 hac
1433 1207 1706 1266 doctrina
1754 1205 2079 1266 etiamnum
2128 1207 2471 1270 obscuritas
2530 1219 2594 1273 et
2658 1212 3038 1288 incertitudo,

336 1294 605 1356 tollenda
633 1293 1006 1356 creberrimis
1038 1295 1466 1373 experimentis
1499 1295 1684 1355 totius
1715 1293 1898 1356 orbis„
1948 1293 2037 1353 Tu
2064 1293 2249 1372 igitur
2277 1297 2333 1357 in
2356 1298 2769 1362 collectionem
2792 1303 3041 1364 enitere.

512 1384 604 1444 De
663 1382 1022 1462 prodigiosis
1089 1383 1210 1444 illis
1258 1383 1456 1444 ventis
1515 1382 1695 1461 plane
1745 1383 1941 1443 simile
1991 1381 2227 1445 videtur
2282 1385 2339 1445 in
2388 1386 2555 1448 libris
2602 1388 2866 1468 Regum,
2932 1389 3045 1452 sub
3090 1425 3100 1433 «
3162 1401 3171 1408 “

335 1473 475 1534 Elia
521 1471 836 1552 propheta.
931 1471 1097 1547 Nihil
1142 1490 1392 1550 possum
1439 1470 1690 1532 rationis
1739 1471 1975 1543 afferre,
2023 1471 2139 1532 nisi
2186 1473 2329 1534 mihi
2376 1483 2617 1538 constet
2663 1477 2737 1538 de
2782 1479 3042 1539 circum-
3094 1469 3143 1482 ‘'

338 1560 603 1622 stantiiS.
695 1559 1010 1620 Nubecula
1055 1559 1340 1621 indicium
1388 1559 1813 1630 exhalationi5‚
1864 1577 1979 1619 nou
2028 1577 2215 1621 causa
2260 1580 2397 1622 esse
2444 1563 2701 1627 videtur.

512 1649 582 1710 In
633 1646 890 1728 Styria
936 1667 1108 1709 mons
1156 1657 1253 1708 est
1299 1647 1656 1721 Schekel‚
1739 1649 1836 1728 qui
1885 1646 1937 1706 si
1986 1665 2050 1708 se
2100 1649 2330 1710 vestiat
2376 1651 2593 1730 exiguo
2640 1652 2827 1732 pileo,
2878 1661 3046 1716 certa

337 1737 606 1801 imminet
657 1736 944 1815 procella.
1036 1736 1156 1798 Est
1217 1756 1388 1798 mons
1445 1743 1804 1817 praeruptae
1872 1743 1935 1795 et
1994 1735 2271 1798 immanis
2319 1739 2685 1815 altitudiuiS,
2754 1760 3045 1820 superans

338 1825 718 1888 altitudinem
783 1825 1302 1904 circumjectorum
1347 1825 1670 1900 montium,
1740 1824 1840 1904 qui
1887 1843 2033 1885 sane
2098 1843 2214 1884 nou
2264 1833 2407 1887 sunt
2450 1828 2729 1902 humileS,
2798 1830 3045 1893 dimidio

336 1915 668 1996 quadrante
707 1913 980 1974 milliaris
1028 1932 1252 1992 germ.,
1302 1913 1511 1975 habito
1559 1923 1838 1994 respectu
1887 1913 2221 1992 superficiei
2268 1933 2486 1976 curvae
2519 1916 2762 1978 Terrae.
2854 1919 2925 1980 In
2974 1936 3044 1978 eo

337 2003 755 2064 observatione
806 2002 1194 2064 rotunditatis
1244 2001 1470 2064 Terrae
1536 2020 1644 2080 per
1689 2009 1925 2062 montes
1976 2000 2105 2061 sine
2154 2003 2322 2063 coelo
2371 2004 2675 2081 instituta,
2734 2015 2803 2066 ut
2850 2005 3046 2067 obiter

334 2101 396 2152 te
463 2091 788 2165 oblectem,
857 2091 978 2152 vidi
1047 2091 1236 2152 multa
1293 2091 1580 2170 jucunda.
1675 2091 1878 2151 Primo
1936 2108 2069 2150 cum
2117 2091 2577 2154 ascenderemus
2642 2093 2878 2155 aestivo
2928 2093 3045 2166 die,

333 2181 532 2242 clarus
581 2186 714 2240 erat
761 2189 824 2241 et
872 2178 1135 2240 fervidus
1186 2187 1321 2253 aei-3
1368 2186 1690 2258 postquam
1734 2179 1792 2238 in
1838 2196 2067 2238 summo
2104 2179 2414 2240 columnae
2454 2181 2836 2256 sistebamus,
2887 2182 3046 2244 infra

335 2276 596 2329 montem
642 2267 937 2347 paulatim
983 2267 1126 2328 oriri
1170 2268 1390 2328 nubes:
1443 2277 1574 2328 erat
1618 2265 1843 2339 Gratii,
1892 2284 2042 2346 quae
2076 2267 2266 2327 distat
2312 2265 2351 2328 2
2382 2267 2757 2342 milliaribuS,
2808 2279 3043 2350 tempe-

335 2365 468 2418 stas
515 2375 737 2435 magna
781 2375 916 2418 cum
963 2356 1324 2431 tonitrubus,
1374 2374 1526 2435 quae
1573 2374 1684 2416 nos
1731 2374 1847 2416 non
1896 2353 2310 2416 exaudivimus
2324 2374 2343 2430 3
2408 2357 2610 2418 omnia
2664 2358 2823 2419 iufra
2867 2357 3044 2420 vide-

337 2445 566 2508 bamus.
659 2445 982 2506 queriores
1030 2456 1297 2517 monteS,
1367 2443 1442 2504 ad
1493 2463 1640 2522 quos
1689 2451 1821 2505 erat
1877 2441 2332 2518 collimandum,
2394 2445 2652 2525 maligne
2718 2465 2829 2526 per
2892 2445 3044 2508 cali-

336 2543 581 2617 gantem
645 2542 708 2595 et
773 2535 1163 2613 fumigantem
1235 2539 1435 2594 aerem
1510 2532 1939 2604 cernebantur3
2016 2530 2291 2592 discussa
2367 2541 2733 2612 tempestate
2808 2534 3043 2598 melius.

335 2622 614 2684 Vidimus
653 2622 836 2700 juxta
883 2631 945 2682 et
989 2623 1149 2683 infra
1196 2639 1304 2682 nos
1351 2620 1684 2699 pendentes
1733 2621 1790 2681 in
1841 2625 1980 2680 aere
2030 2619 2237 2694 nubes,
2288 2620 2648 2683 horrendum
2696 2623 2935 2685 hiantes
2984 2630 3049 2685 et

335 2711 611 2778 immanis
661 2709 1012 2774 celeritatis.
1108 2710 1325 2772 Adhuc
1375 2726 1612 2786 semper
1640 2707 1812 2769 nobis
1848 2705 1955 2768 Sol
2001 2707 2257 2769 luxerat.
2356 2707 2572 2771 Subito
2606 2711 2841 2784 nebula,
2894 2731 3046 2794 quae

335 2800 508 2880 quasi
557 2798 781 2861 furiata
826 2796 916 2860 it‘a
961 2801 1188 2879 impetu
1238 2799 1542 2860 ferebatur
1591 2818 1627 2858 a
1671 2797 1975 2863 radicibus
2024 2798 2243 2858 montis
2304 2798 2379 2859 ad
2438 2800 2668 2861 culmen
2728 2802 2927 2879 ejecta
2984 2808 3047 2863 et

334 2907 442 2949 nos
501 2886 738 2969 oblique
805 2889 1046 2949 radens.
1159 2888 1328 2949 Intra
1376 2885 1664 2965 temporis
1711 2893 2017 2947 momenta
2070 2886 2197 2965 jam
2253 2888 2459 2966 pluvia
2520 2898 2585 2949 et
2641 2890 3037 2969 frigidissima

333 2978 524 3038 mixta
569 2975 878 3055 grandine.
970 2977 1091 3039 Ubi
1140 2977 1298 3037 latus
1347 2976 1409 3037 id
1458 2996 1496 3035 a
1542 2975 1757 3036 nebula
1789 2976 1903 3036 fuit
1932 2981 2243 3047 retectum,
2294 2994 2407 3055 quo
2447 2978 2633 3039 monti
2675 2990 3033 3058 pmspectus

332 3075 505 3145 patet
552 3066 728 3143 longe
777 3065 835 3126 in
882 3066 1214 3145 Ungariam
1261 3074 1324 3127 et
1370 3064 1518 3125 fines
1566 3062 1873 3139 Turcicos,
1924 3061 2276 3126 admirabile
2313 3066 2745 3143 spectaculum.
2840 3066 3038 3146 Supra

336 3173 446 3216 nos
496 3153 914 3224 erat-nebula,
962 3156 1192 3215 coelum
1239 3153 1616 3226 obnubilans,
1665 3152 1825 3213 infra
1851 3171 1961 3212 nos
2010 3153 2346 3214 clarissima
2375 3154 2493 3215 lux.
2588 3154 2695 3217 Sol
2726 3155 2884 3218 enim
2913 3164 3038 3217 tum

329 3243 598 3305 vicissim
664 3242 968 3321 regionem
1042 3242 1376 3321 subjectam
1451 3241 1818 3302 illustrabat.
1932 3240 2101 3300 Haec
2167 3242 2318 3302 adeo
2396 3242 2604 3314 fortis,
2682 3251 2746 3305 ut
2817 3262 3033 3305 averso

333 3350 563 3413 papyro
629 3332 864 3393 omnino
928 3330 1064 3409 plus
1133 3331 1283 3392 lucis
1341 3350 1378 3390 a
1405 3327 1613 3397 Terra
1680 3328 2077 3402 allaberetur,
2147 3347 2321 3407 quam
2389 3330 2647 3409 desuper
2702 3352 2740 3392 a
2794 3332 3034 3393 nebula.

334 3420 754 3500 Splendebant
799 3426 1002 3482 autem
1046 3418 1317 3493 flumina,
1385 3418 1658 3496 quamvis
1707 3416 1947 3478 turbida
1994 3423 2163 3490 tunc,
2224 3416 2577 3480 clarissime.
2669 3418 2790 3481 Est
2835 3430 3037 3483 autem

332 3510 392 3571 in
438 3509 542 3572 illo
591 3515 792 3570 monte
841 3526 1084 3587 vorago,
1153 3504 1460 3585 ἄβυσσος,
1515 3505 1669 3567 unde
1719 3504 1871 3566 adeo
1918 3492 2203 3565 crebrae
2213 3513 2641 3584 tempestatum
2691 3508 3034 3569 exhalatio-

333 3616 471 3700 1188,
535 3604 606 3659 ut
653 3586 816 3659 fama
861 3595 1188 3658 obtinuerit
1234 3594 1682 3675 antiquissima,
1751 3592 2030 3670 conjectu
2079 3593 2268 3673 lapilli
2315 3594 2671 3673 grandinem
2718 3596 2883 3670 elici;
2950 3614 3035 3657 sc.

335 3686 475 3766 quia
521 3687 673 3747 adeo
713 3684 922 3747 crebro
969 3684 1319 3765 grandinat,
1371 3684 1498 3744 sive
1549 3682 1737 3763 lapilli
1785 3681 2199 3783 conjiciantur,
2250 3682 2378 3743 sive
2425 3701 2576 3757 non;
2641 3684 2794 3745 hanc
2843 3684 3040 3745 famae

331 3775 751 3854 deceptionem
799 3792 933 3834 esse
981 3781 1146 3853 puto.
1245 3774 1374 3835 Nos
1423 3773 1582 3833 enim
1629 3790 1871 3851 specum
1918 3790 2034 3831 non
2072 3770 2406 3833 invenimus
2454 3778 2517 3833 et
2562 3780 2761 3833 tamen
2810 3773 3039 3851 grando

334 3863 468 3939 fuit,
516 3862 633 3923 nisi
681 3863 836 3925 forte
883 3862 1016 3941 ipso
1065 3880 1321 3923 ascensu
1367 3860 1575 3921 inritav
1581 3860 1798 3922 erimus
1849 3868 2111 3920 montem
2144 3850 2394 3921 scilicet.
2488 3860 2621 3921 Hac
2658 3861 2864 3939 itaque
2894 3880 3038 3923 nar-

332 3951 670 4014 ratiuncula
716 3959 853 4013 tuas
901 3950 1287 4029 quaestiones
1335 3950 1613 4011 claudere
1663 3948 1863 4010 volui.-

480 4056 519 4107 F
535 4056 674 4107 a‘bri
689 4056 742 4105 ci
757 4071 791 4105 u
807 4067 866 4105 s:
916 4054 1096 4105 Litoris
1133 4056 1232 4105 tuis
1270 4054 1666 4105 dissertationem
1703 4053 2157 4117 cosmographicam
2195 4052 2411 4119 adjunge
2462 4060 2514 4105 et
2560 4054 2621 4104 de
2657 4056 2801 4104 rebus
2839 4068 2901 4105 88
2937 4062 3041 4106 stu·

334 4129 430 4179 diis
465 4129 566 4178 tuis
601 4143 684 4177 me
719 4128 801 4176 fac
841 4127 1112 4177 certiorem.
1186 4124 1284 4174 Hic
1319 4125 1468 4175 miser
1503 4131 1664 4176 status
1703 4131 1796 4182 est,
1836 4131 1887 4173 et
1912 4125 2078 4173 omnia
2103 4125 2421 4186 perturbata3
2462 4132 2803 4189 exspectamus
2828 4128 3043 4191 quotidie

333 4200 533 4261 bellum,
572 4214 672 4249 non
709 4204 905 4247 tautum
943 4210 976 4247 8
1012 4196 1274 4247 rebellibus
1311 4195 1654 4254 Emdensibus,
1692 4196 1782 4246 sed
1817 4196 2083 4259 praecipue
2120 4193 2367 4244 ordinibus
2386 4195 2703 4247 Hollandiae.
2776 4198 2939 4248 Pestis
2962 4197 3043 4247 hic

333 4270 480 4321 valde
531 4271 722 4331 saevit,
773 4270 890 4332 quia
939 4268 990 4317 in
1027 4267 1188 4332 figura
1223 4267 1412 4317 vernali
1465 4267 1602 4317 locus
1638 4280 1798 4316 novae
1835 4266 2012 4316 stellae
2050 4261 2125 4326 (in
2164 4264 2361 4331 Cygno)
2404 4268 2454 4317 in
2491 4267 3047 4320 V1.domo.Stellas

335 4356 497 4392 novae
533 4349 720 4391 natura
753 4338 1004 4389 Martialis
1043 4345 1134 4389 est.
1213 4334 1317 4399 (De
1352 4336 1449 4387 hac
1485 4339 1632 4389 stella
1666 4350 1794 4401 quae
1832 4338 2089 4387 Fabricius
2126 4336 2345 4397 addidit,
2396 4338 2505 4387 vide
2540 4339 2595 4387 iu
2604 4328 2749 4389 libro
2788 4340 2850 4389 dc
2888 4338 3047 4390 Stella

333 4410 526 4478 Cygni,
583 4426 729 4476 quem
765 4408 1016 4473 Keplerus
1054 4410 1281 4472 adjunxit
1332 4409 1454 4457 libro
1492 4423 1580 4458 8110
1620 4408 1680 4458 de
1720 4408 1879 4458 Stella
1912 4420 2044 4456 nova
2082 4402 2263 4467 1604.)
2332 4374 2482 4457 ’Mitte
2518 4406 2669 4470 mihi,
2726 4424 2856 4474 quae
2890 4410 3046 4460 habes

333 4482 635 4547 astrologica
671 4488 725 4531 et
758 4481 1158 4545 meteorologica.

471 4552 626 4603 Hisce
661 4552 788 4610 vale,
826 4551 958 4616 vige
975 4557 1027 4601 et
1061 4551 1182 4600 flore
1219 4548 1627 4600 excellentissime
1663 4548 1879 4600 Domine
1916 4546 2150 4610 Keplere.

1968 4618 2035 4668 H.
2074 4616 2214 4669 Tuae
2252 4620 2707 4671 observantissimus
2742 4618 2808 4671 D.
2846 4622 2903 4671 P.

477 4692 746 4745 Dabantur
780 4690 1142 4743 Resterhsviae
1182 4690 1264 4741 11.
1304 4692 1436 4756 Aug.
1481 4686 1632 4739 1602.

510 4784 570 4848 K
587 4784 882 4864 epletus
909 4802 922 4843 :
973 4781 1040 4843 In
1065 4780 1444 4843 conclusione
1477 4798 1724 4843 causam
1741 4779 1938 4860 pestis
1968 4786 2211 4841 vestrae
2234 4779 2503 4842 adducis.
2580 4780 2713 4859 Ego
2737 4782 2889 4843 alias
2920 4802 2957 4843 a
2984 4791 3047 4845 te

335 4883 647 4954 exspecto.
741 4871 946 4951 Rogo,
997 4870 1259 4944 scribas,
1307 4870 1408 4952 qui
1453 4868 1620 4931 venti
1669 4878 1734 4931 ut
1777 4868 2095 4949 plurimum
2132 4868 2429 4931 flaverint.
2525 4867 2787 4934 Videtur
2830 4870 3053 4937 malum

438 4976 617 5033 Koplsri
644 4977 784 5034 ppei-s
810 4973 844 5017 1.
2558 4970 2624 5029 21
