3634 5575
460 393 592 462 rso
1485 391 1712 458 umas
1751 387 2154 456 comm-pm

457 551 704 619 ramidis
747 553 879 616 sive
925 551 1198 614 octaedri
1243 551 1342 611 vel
1387 549 1524 612 cubi
1570 549 1897 630 inscriptus
1940 543 2109 627 prius
2152 547 2479 622 habeatur,
2552 545 2835 609 facillime
2880 563 2991 626 per
3030 561 3181 627 pro-

455 642 795 724 portionem
843 641 1102 702 laterum
1147 638 1466 702 habebitur
1511 637 1696 699 etiam
1742 637 2055 717 quantitas
2104 635 2357 697 alterius
2404 635 2697 715 inscripti.

633 729 748 792 His
797 729 954 790 adde
1001 745 1154 808 quae
1203 726 1526 790 Candalls:
1549 734 1612 788 et
1657 744 1811 807 quae
1860 725 1963 786 alii
2011 725 2085 786 de
2116 724 2465 802 corporibus
2504 724 2637 803 jam
2666 724 3177 798 demonstrarunt,

671 815 764 863 ‘'¹⁸-
789 809 864 856 ²¹⁰
1105 823 1174 878 ut
1219 815 1376 897 quod
1421 815 1698 894 potentia
1745 813 1875 875 ΝΜ
1921 811 2287 874 dimetieutis
2334 812 2393 874 in
2442 812 2731 892 sphaera,
2778 829 2931 891 quae
2982 817 3178 873 tetra-

1107 905 1253 966 edro
1298 903 1828 974 circumscribitur,
1876 901 1961 964 sit
2002 901 2315 980 potentiae
2362 901 2451 961 HI
2495 900 2651 962 radii
2697 901 2757 962 in
2804 899 2937 960 basi
2983 906 3179 963 tetra-

1107 992 1238 1054 edri
1283 987 1404 1073 4'l,
1477 991 1675 1064 (Eucl.
1722 991 1907 1064 XIII,
1982 986 2061 1052 13
2125 986 2333 1063 Cor.);
2396 989 2552 1069 quod
2608 989 2833 1051 ibidem
2885 987 2975 1049 NI
3030 987 3179 1049 alti-

1107 1082 1252 1144 tudo
1298 1081 1424 1142 sive
1469 1078 1983 1160 perpendicularis
2030 1078 2301 1157 corporis
2348 1077 2429 1138 sit
2473 1077 2582 1138 bes
2612 1079 2743 1140 ΝΜ
2788 1075 3177 1148 diruetientis,

1105 1177 1170 1230 et
1214 1169 1376 1232 illius
1431 1169 1524 1232 NI
1568 1167 1846 1248 potentia
1890 1167 1975 1228 sit
2018 1167 2127 1227 bes
2182 1165 2493 1246 potentiae
2548 1164 2757 1228 lateris
2804 1163 2955 1226 GH:
3018 1165 3176 1246 quod

1025 1283 1070 1337 Π
1101 1257 1378 1337 inscripti
1435 1256 1734 1340 pyramidi
1789 1254 1997 1318 radius
2054 1253 2144 1316 01
2206 1255 2293 1316 sit
2352 1273 2497 1333 pars
2562 1263 2779 1336 quarta
2840 1251 3033 1332 ipsius
3088 1253 3177 1314 NI

1101 1346 1648 1427 perpendicularis,
1696 1344 1883 1406 tertia
1928 1343 2119 1424 ipsius
2164 1340 2283 1404 ΝΟ
2330 1342 2797 1424 circumscripti,
2854 1342 2954 1402 vel
3000 1348 3181 1403 sexta

733 1452 784 1504 Η
1101 1435 1229 1498 ΝΜ
1276 1434 1671 1509 dimetientis,
1733 1431 2029 1496 Corollar.
2080 1428 2149 1505 3,
2207 1448 2375 1509 prop.
2432 1428 2533 1494 13.
2592 1432 2695 1493 lib.
2753 1429 2970 1492 decimi
3016 1427 3180 1491 tertii

453 1533 638 1611 juxta
681 1527 963 1594 Gaudall.
1057 1523 1336 1589 Breviter
1399 1523 1488 1585 sic
1546 1531 1691 1584 sunt
1745 1521 1903 1582 inter
1956 1539 2023 1582 se
2076 1512 2386 1598 potentiae
2435 1516 2525 1582 01
2575 1519 2651 1593 1,
2714 1519 2797 1581 ῙΡ
2840 1515 2912 1593 2,
2958 1517 3071 1580 ΗΡ
3116 1513 3181 1589 6,

460 1620 552 1683 m
597 1617 670 1694 8,
716 1616 838 1681 ΝΟ
883 1615 954 1693 9,
1001 1617 1092 1680 NI
1146 1609 1255 1686 16,
1303 1611 1416 1674 ΝΡ
1468 1608 1575 1686 18,
1624 1608 1744 1672 ΝΗ
1787 1604 1901 1683 24,
1948 1608 2079 1670 ΝΜ
2124 1601 2347 1681 36.”)

498 1968 851 2033 circumscripti
973 1964 1302 2017 Ded-casuro
1409 1965 1530 2018 tudo
1719 1961 1780 2011 71
1793 1961 1827 2011 4
1970 1962 2121 2027 plano
2506 1967 2583 2012 ter
2606 1961 2683 2011 i·-

465 2039 668 2090 cuilibet
701 2039 894 2105 figurae
971 2037 1238 2090 Iomssdro
1409 2035 1582 2087 lateris
1689 2032 1821 2083 1051
1950 2034 2156 2086 circum-
2272 2029 2376 2080 oo?
2510 2033 2685 2096 scripti
2714 1967 2860 2142 ‘5¹1⁷

464 2107 896 2232 caup-ganz?
975 2107 1224 2160 Oetaeum
1960 2105 2131 2170 scripti
2270 2100 2443 2166 81621,

1692 2101 1828 2154 1414
2755 2097 2886 2158 707,
2939 2099 3183 2166 quadrato

2752 2171 2975 2223 octaedri
3010 2171 3181 2221 inscri-

465 1757 726 1889 Quallhzrrgo
743 1774 889 1879 ²serni-
977 1823 1114 1876 Cubo
1619 1757 1648 1980 ς
1689 1817 1823 1871 1155
1892 1819 2203 1870 semidiame·
2269 1815 2441 1880 81621,
2504 1819 2652 1869 semi-
2714 1743 2861 1930 ςξέἔ

472 1898 718 1949 diameter
751 1898 880 1949 erbis
971 1893 1236 1959 Pyramlde
1409 1893 1567 1959 longl—
1687 1888 1823 1942 1633
1908 1895 1989 1940 ter
2022 1890 2189 1941 circuli
2268 1888 2375 2011 333
2491 1891 2685 1942 diame-
2716 1933 2727 1966 ‹
2754 1884 2861 2008 {gg

1623 1997 1649 2234 ᾖ
2521 2103 2649 2154 orbis

2816 2243 2889 2308 pti
2926 2241 3111 2293 circuli.

1299 2317 1304 2320 ’
2808 2313 2957 2376 Quod
2986 2317 3127 2364 nota.

1183 2422 1272 2487 IN
1319 2421 1601 2486 CAPUT
1642 2419 2041 2486 DECIMUM
2086 2419 2467 2485 TERTIUM

1538 2545 1727 2598 non
1761 2542 2116 2596 Aucroms.

625 2649 684 2720 a)
727 2653 1034 2724 Pyramidis
1075 2655 1292 2725 quidem
1334 2654 1572 2710 altitudo
1611 2661 1873 2710 censetur
1912 2671 1951 2708 a
1988 2661 2179 2710 centro
2220 2653 2371 2710 basis
2410 2671 2587 2725 usqne
2628 2656 2699 2708 ad
2728 2651 3045 2724 oppositum
3084 2667 3183 2706 an·

465 2733 686 2806 tulum:
747 2735 994 2789 octaedri
1043 2751 1175 2791 vero
1235 2735 1474 2791 altitudo
1523 2735 1615 2791 hic
1667 2734 1770 2791 illa
1817 2734 2223 2800 consideratur,
2284 2749 2427 2807 quae
2486 2740 2575 2791 est
2624 2734 2771 2790 inter
2828 2735 2966 2789 duas
3018 2733 3185 2786 bases

415 2866 422 2887 ,
471 2814 794 2887 parallelas.
875 2816 1289 2871 Demonstratio
1339 2816 1520 2871 facilis
1563 2822 1674 2871 est:
1732 2815 2037 2887 pyramidis
2078 2816 2223 2871 enim
2270 2814 2541 2871 lateribus
2596 2813 2821 2869 bisoctis
2863 2819 2923 2868 et
2961 2810 3185 2882 rejectis

471 2898 710 2967 quatuor
749 2894 1129 2965 pyramidibus
1169 2894 1467 2949 minoribus
1485 2936 1500 2960 ‚
1561 2900 1740 2949 restat
1793 2895 2119 2959 octaedron,
2173 2896 2414 2951 laterum
2468 2895 2861 2966 subduplorum
2913 2892 3185 2948 lateribus

470 2972 770 3043 pyramidis
809 2989 1078 3045 magnae,
1122 2975 1278 3045 cujus
1323 2981 1561 3045 quatuor
1602 2976 1798 3045 plana,
1842 2991 2009 3028 unum
2050 2974 2210 3039 infra,
2258 2974 2369 3029 tria
2408 2974 2607 3029 circum
2650 2980 2779 3028 sunt
2817 2978 3009 3045 partes
3051 2986 3186 3042 qua-

471 3056 600 3105 tuor
647 3044 863 3107 basium
915 3069 1158 3125 magnae
1208 3054 1533 3125 pyramidis:
1595 3054 1809 3109 habent
1856 3052 2033 3133 igitur
2080 3055 2191 3109 tria
2247 3055 2447 3109 circum
2496 3055 2725 3109 eandem
2778 3050 3187 3107 inclinationem

471 3146 592 3185 cum
650 3130 827 3186 tribus
883 3134 1240 3205 surgentibus
1301 3150 1336 3188 a
1383 3134 1508 3189 basi
1563 3133 1865 3205 pyramidis
1916 3134 1987 3187 ad
2034 3132 2322 3205 fastigium
2373 3132 2617 3206 angulis
2656 3132 2903 3205 quamvis
2950 3130 3187 3203 angulos

471 3210 720 3265 habeant
771 3212 1024 3266 deorsum
1076 3230 1268 3267 versos
1317 3220 1499 3269 recta:
1561 3230 1697 3285 erg-o
1751 3214 1947 3269 eadem
1996 3223 2086 3268 est
2131 3214 2419 3284 proportio
2468 3212 2937 3284 perpendicularis
2986 3210 3042 3265 in
3085 3207 3189 3263 tali

469 3290 764 3425 pllmhznad
817 3292 1328 3361 perpendicularem
1377 3294 1647 3365 corporis,
1709 3309 1851 3364 quae
1892 3300 1981 3349 est
2029 3295 2085 3348 in
2126 3296 2411 3350 tetraedro
2458 3294 2997 3363 perpendicularium
3036 3290 3187 3347 illius

701 3387 747 3425 ο.

1582 3671 1824 3771 Caput
1874 3668 2061 3745 XIV
2063 3727 2080 3744 .

473 3822 852 3890 mmmm
891 3844 1122 3909 scopus
1165 3824 1369 3889 libella·
1375 3874 1390 3901 ‚
1450 3834 1512 3889 et
1553 3830 1724 3910 quod
1777 3831 1935 3892 haec
1977 3830 2251 3912 quinque
2296 3850 2567 3915 corpora
2609 3834 2739 3897 sint
2779 3832 2945 3897 inter
2988 3832 3187 3905 orbes,

1439 3918 1866 3981 astronomica
1905 3918 2216 3999 probatio.

648 4051 842 4132 Igitur
895 4061 964 4117 ut
1017 4053 1095 4115 ad
1151 4052 1482 4135 principale
1527 4056 1903 4137 propositum
1945 4060 2291 4126 veniamus:
2351 4066 2557 4124 notum
2610 4069 2737 4136 est,
2786 4060 2921 4124 vias
2966 4061 3184 4142 plane·
3244 4096 3273 4113 ψ-

470 4145 670 4203 tarum
725 4159 860 4202 esse
919 4142 1322 4219 ecceutricas,
1388 4153 1453 4206 et
1496 4145 1744 4224 proinde
1797 4156 2049 4227 recepta
2100 4148 2365 4230 physicis
2412 4152 2747 4226 sententia,
2816 4151 2973 4231 quod
3020 4148 3185 4213 obti-

472 4229 882 4331 neant-orbes
928 4238 1164 4292 tantam
1211 4232 1571 4307 crassitiem,
1621 4244 1853 4315 quanta
1897 4237 1975 4299 ad
2006 4237 2508 4300 demonstrandas
2555 4247 2821 4303 motuum
2850 4239 3185 4303 varietates

469 4326 809 4397 requiritur.
903 4317 989 4379 Et
1043 4316 1340 4383 hactenus
1385 4322 1624 4399 quidem
1670 4324 1897 4387 nostris
1941 4325 2320 4405 philosophis
2362 4329 2693 4391 assentitur
2724 4326 3183 4409 Gopernicus.⁸)

471 4404 702 4467 Verum
737 4405 870 4485 jam
917 4425 1098 4486 porro
1133 4428 1248 4471 uon
1295 4428 1545 4488 parvum
1593 4412 1855 4477 cernitur
1901 4413 2241 4494 opinionum
2289 4416 2627 4480 discrimen.
2718 4416 2877 4479 Nam
2934 4424 3188 4479 censent
3270 4436 3289 4447 ·

472 4491 707 4573 physici
765 4495 843 4563 ab
898 4495 1022 4559 ima
1067 4497 1218 4559 coeli
1263 4497 1524 4563 Lunaris
1572 4501 1885 4582 superficie
1942 4503 2017 4563 ad
2066 4504 2355 4567 decimam
2412 4505 2733 4584 sphaeram
2790 4524 2981 4586 usque
3037 4504 3185 4568 nihil

471 4598 608 4641 esse
657 4582 1024 4647 coelestibus
1069 4586 1312 4649 orbibus
1358 4605 1642 4651 vacuum:
1703 4590 1810 4652 sed
1859 4591 2031 4671 tangi
2076 4610 2313 4672 semper
2358 4593 2563 4656 orbem
2609 4594 2687 4656 ab
2734 4595 2913 4668 orbe,
2965 4594 3183 4656 imam-

471 4686 584 4747 que
649 4670 974 4775 superioris
1031 4675 1419 4757 superficiem·
1470 4694 1600 4739 cum
1665 4698 1897 4741 summa
1951 4679 2247 4745 inferioris
2309 4680 2551 4762 penitus
2606 4684 2779 4747 uniri.
2870 4682 2973 4745 Sic
3030 4682 3185 4745 enim

473 4766 812 4861 quaerenti,
879 4761 1012 4841 quis
1057 4764 1315 4844 exempli
1363 4783 1550 4827 causa
1595 4768 1746 4829 coeli
1791 4768 2001 4831 Martii
2058 4772 2225 4834 locus
2270 4772 2355 4833 sit
2404 4771 2719 4853 physicus,
2777 4772 3181 4852 respondent:

471 4855 814 4911 interiorem
861 4846 1036 4912 Jovis
1091 4854 1483 4937 superficiem.
1575 4854 1662 4917 Et
1721 4858 1878 4945 apud
1927 4858 2342 4923 Ptolemaeum
2402 4868 2581 4944 atque
2638 4860 2927 4923 usitatam
2976 4868 3181 4929 astro-
