3634 5575
1484 382 2089 448 derebus-mois·
3023 382 3162 451 818
3253 396 3256 399 ’

447 537 533 603 rei
578 538 735 603 banc
778 558 937 615 esse,
986 539 1145 620 quod
1188 540 1421 605 coelum
1464 540 1608 628 nnio
1650 546 1892 605 tantum
1932 538 2192 603 confisa
2227 538 2355 613 sit,
2399 536 2526 613 cni,
2587 538 2644 601 si
2685 558 2810 620 qua
2853 558 2934 605 cx
2973 542 3159 611 soniis

446 628 647 689 causis
693 628 872 704 desit,
922 628 1173 691 effectus
1218 628 1502 692 intereat.
1600 625 1763 699 Quid
1810 628 1985 709 agis,
2034 626 2116 691 mi
2157 625 2440 689 Fabrici?
2485 646 2564 689 an
2611 646 2730 707 ego
2769 630 3006 693 meliori
3051 650 3158 695 ar·

445 724 729 795 gemente
786 716 1013 795 possim
1068 716 1359 795 probare,
1430 716 1863 797 experientiam
1911 733 2048 779 esse
2095 715 2446 779 confusam?
2535 714 2708 778 Scito
2763 716 3002 799 itaque,
3061 736 3158 783 me

444 804 625 883 plane
670 814 867 868 tecum
916 805 1255 879 consentire
1304 806 1366 868 in
1413 806 1527 867 hoc
1574 812 1950 885 argumento.
2751 846 2756 851 -

584 906 953 961 Fabricius:
991 908 1415 960 Transitibns
1450 908 1610 959 multa
1646 908 1819 959 tribuis
1853 912 2054 973 propter
2089 909 2365 971 subjectum
2399 908 2553 967 reale,
2591 896 2719 959 sive
2715 910 2972 975 planetam
2997 912 3158 977 ipsum

396 1008 413 1032 ι
438 986 761 1043 praesentem
797 986 851 1031 et
884 982 1217 1039 excitantem·
1253 980 1771 1065 profectionibus
1800 993 1916 1030 vero
1955 978 2166 1029 eandem
2203 980 2264 1031 ob
2301 992 2506 1030 cansam
2541 980 2664 1031 nihil
2699 980 2807 1032 das.
2882 982 2990 1051 Ego
3017 984 3153 1035 dico.

446 1052 688 1101 transitus
724 1050 903 1101 nullius
940 1052 1132 1101 virtutis
1169 1060 1263 1111 est,
1300 1052 1397 1102 nisi
1434 1052 1603 1117 aliqua
1637 1052 1831 1117 species
1865 1050 2174 1115 profectuum
2208 1050 2354 1101 simul
2391 1052 2656 1103 coincidat.

617 1121 1026 1203 Keplerus:
1074 1124 1209 1203 Ego
1256 1142 1501 1185 causam
1550 1123 1693 1200 dixi,
1742 1134 1811 1184 tu
1840 1123 2006 1185 nulla
2035 1120 2200 1184 dicta
2227 1142 2416 1185 causa
2460 1124 2822 1187 contrarium
2860 1124 3150 1189 affirmas.

438 1210 571 1273 Hoc
618 1210 771 1273 habe
820 1230 929 1291 pro
977 1219 1173 1285 certo,
1237 1230 1539 1293 nunquam
1584 1212 1729 1279 mihi
1775 1210 2034 1274 transire
2083 1200 2445 1275 Mercuriffm
2489 1231 2602 1293 per
2647 1219 2846 1275 ortum
2891 1220 2999 1277 aut
3043 1234 3150 1277 oc-

439 1318 671 1377 casum,
744 1299 887 1381 quin
934 1300 1233 1365 catarrhis
1288 1308 1397 1363 aut
1442 1300 1566 1363 alvi
1611 1302 1777 1363 fluxu
1821 1298 2106 1361 infestor:
2161 1319 2460 1379 nunquam
2506 1301 2799 1379 Martem,
2848 1302 2988 1385 quin
3033 1322 3150 1385 pa-

438 1396 613 1451 ratae
662 1388 807 1451 mihi
854 1389 978 1451 siut
1025 1389 1165 1452 lites
1213 1397 1275 1451 et
1321 1389 1639 1469 dispositio
1688 1388 1747 1450 in
1794 1408 1892 1451 me
1938 1387 2070 1471 ipso
2119 1388 2438 1453 cholerica.

582 1494 947 1545 Fabricius·
988 1494 1271 1555 Quaen-itm,
1310 1508 1376 1545 an
1416 1494 1517 1545 Sol
1554 1496 1886 1547 transiens
1933 1494 2086 1545 loca
2121 1494 2432 1559 aphetica
2469 1494 2768 1561 asti-elogio:
2802 1497 2881 1548 vel
2915 1497 3146 1549 directio-

436 1578 561 1617 num
590 1566 777 1633 gradus
813 1568 1006 1617 morbos
1040 1566 1221 1617 inferre
1257 1567 1443 1631 possit.
1426 1565 1449 1599 ⁹
1522 1567 1630 1633 Ego
1666 1566 1769 1617 tale
1807 1566 1924 1631 qnid
1960 1565 2303 1616 animadverti.

613 1636 1022 1717 Keplerus:
1071 1638 1289 1701 Nullus
1334 1640 1587 1717 planeta
1633 1638 1710 1699 ad
1758 1638 1874 1699 hoc
1924 1645 2016 1698 est
2066 1637 2363 1700 conditus,
2459 1634 2545 1699 Ut
2573 1654 2718 1719 ergo
2768 1638 2990 1700 ceteris
3034 1638 3150 1702 hoc

433 1744 541 1808 per
588 1726 869 1787 accidens
917 1726 1155 1800 evenit,
1186 1766 1196 1777 ,
1229 1726 1317 1788 ita
1362 1735 1425 1787 et
1471 1724 1629 1801 Soli,
1692 1736 1760 1789 ut
1824 1724 1884 1787 in
1933 1745 2042 1789 suo
2090 1744 2343 1787 excessu
2391 1732 2608 1786 noceat
2651 1722 3144 1791 inflammatione.

432 1812 560 1877 Sed
621 1834 695 1878 ne
756 1814 1161 1895 proportionis
1209 1813 1616 1891 obliviscaris,
1683 1814 1855 1877 Solis·
1897 1814 2124 1877 reditus
2170 1814 2334 1897 intra
2379 1832 2625 1886 annum,
2695 1810 2945 1877 Saturni
2990 1815 3150 1879 intra

432 1898 519 1967 30
565 1922 776 1967 annos.
868 1902 1267 1985 Experientia
1314 1912 1515 1967 tamen
1566 1904 1621 1967 in
1668 1911 1909 1985 promtu
1955 1920 2072 1965 nou
2119 1912 2235 1979 est,
2286 1920 2359 1965 ac
2405 1902 2608 1965 nescio
2655 1922 2732 1964 an
2780 1903 2982 1965 fuerit.

570 2009 936 2059 Fabricius:
990 2008 1126 2071 Quid
1158 2010 1223 2060 de
1272 2009 1754 2075 intelligentiis
1806 2007 2144 2059 stellarum
2181 2008 2388 2065 untias,
2443 2008 2570 2057 scire
2606 2008 2768 2071 cupio.
2841 2006 2948 2074 Ego
2985 2022 3150 2075 nugas

370 2080 377 2087 '
432 2094 545 2129 esse
579 2086 719 2143 puto.
793 2080 935 2129 Idem
971 2082 1132 2131 sentio
1171 2080 1233 2131 de
1270 2082 1483 2146 geniis
1520 2080 1623 2131 sive
1659 2080 1834 2139 bonis,
1888 2078 1992 2129 sive
2027 2078 2188 2127 malis.
2265 2077 2321 2129 Si
2359 2078 2565 2143 angelos
2602 2084 2656 2127 et
2689 2077 2912 2129 diabolos
2947 2078 3146 2139 ἀξιοίη,

432 2152 625 2214 accipio
664 2156 714 2199 et
746 2151 991 2215 intelligo,
1030 2150 1158 2201 alias
1193 2151 1409 2203 minime.

608 2221 1019 2301 Keplerus.
1070 2221 1284 2285 Stellis
1328 2228 1578 2302 praeest
1622 2221 1815 2283 virtus
1863 2219 2092 2299 aliqua,
2143 2218 2510 2299 geometriae
2558 2238 2754 2299 capax
2798 2218 2982 2301 globi,
3029 2240 3142 2303 po-
3256 2230 3270 2241 ‘

430 2316 568 2373 tens
616 2311 693 2371 ad
732 2319 985 2379 motum.
1030 2316 1273 2390 tempus
1315 2328 1658 2373 numerans.
1740 2308 1906 2389 Ego,
1956 2309 2030 2379 si,
2079 2308 2239 2387 quod
2276 2307 2477 2387 jubes,
2526 2306 2816 2387 scapham
2853 2310 3144 2391 scapham

429 2398 735 2478 appellare
784 2398 1003 2473 debeo,
1052 2416 1171 2461 uon
1218 2416 1461 2479 possum
1512 2399 1691 2461 aliter
1736 2397 1922 2471 hanc,
1971 2416 2151 2479 quam
2195 2395 2690 2476 intelligentiam,
2738 2398 2838 2461 vel
2881 2406 3142 2463 mentem

428 2488 760 2567 appellare.
855 2486 925 2550 Si
983 2487 1146 2549 aliud
1210 2487 1321 2550 tibi
1366 2506 1581 2551 nomen
1634 2484 2111 2567 praeplaeuerit,
2179 2484 2386 2547 dicito.
2475 2484 2730 2547 Interim
2776 2486 2890 2547 hoc
2935 2498 3142 2551 manet

425 2575 779 2651 discrimen,
849 2576 1007 2656 qnod
1054 2576 1515 2663 ratiocinatione
1582 2594 1700 2637 non
1742 2582 2024 2649 utuntur,
2086 2574 2200 2635 hoc
2245 2572 2402 2635 bono
2451 2570 2616 2637 Guil.
2669 2571 2934 2637 Gilberti
2979 2574 3142 2641 illius

426 2672 803 2744 argumento,
843 2664 1004 2745 quod
1050 2654 1571 2728 ratiocinationem
1619 2672 1908 2745 sequatur
1953 2662 2014 2727 in
2059 2662 2298 2725 actione
2345 2662 2783 2737 inconstantia,
2843 2662 3136 2745 inaequa-

422 2752 571 2816 litas
616 2761 683 2815 et
728 2753 1039 2827 titubatio,
1086 2754 1246 2834 apud
1274 2752 1547 2818 homiues
1594 2753 1854 2834 quidem.
1951 2750 2156 2826 Quare
2199 2759 2268 2814 ut
2307 2770 2532 2814 cornua
2569 2750 2764 2823 bovis,
2803 2759 2911 2814 aut
2935 2754 3136 2816 scien-

418 2843 509 2904 tia
553 2843 826 2922 natandi,
878 2851 985 2906 aut
1028 2844 1221 2924 primo
1268 2843 1475 2906 statim
1526 2843 1622 2904 die
1670 2837 1835 2904 recte
1874 2841 2208 2915 incedendi,
2257 2858 2375 2902 non
2421 2849 2563 2902 suut
2600 2849 2954 2920 argumenta
2999 2861 3136 2907 ma·-

412 2931 569 3010 Joris
614 2929 975 3006 nobilitatis,
1032 2951 1211 3012 qnam
1257 2932 1317 2996 in
1366 2932 1626 3007 homine,
1674 2929 1899 3011 quibis
1927 2937 2130 3004 caret;
2179 2928 2287 2992 sed
2315 2929 2722 3004 statuendum,
2771 2930 3136 2993 succurrisse

416 3027 697 3081 naturam
741 3020 917 3083 bovis
965 3019 1299 3082 infirmitati
1346 3021 1683 3100 congenitis
1730 3019 1830 3081 his
1873 3017 2260 3098 adjumentiS,
2285 3017 2453 3098 ,quia
2499 3017 2610 3080 bos
2657 3035 2827 3080 arma
2869 3017 2988 3080 sibi
3035 3015 3134 3081 'fa-

420 3108 684 3182 bricare,
750 3108 1019 3170 sobolem
1066 3108 1341 3180 educare,
1406 3117 1687 3171 natatum
1724 3107 2064 3171 exercendo
2111 3107 2328 3169 docere
2371 3123 2488 3168 non
2533 3114 2762 3186 potest,
2809 3117 2880 3169 ut
2923 3107 3131 3172 homo:

418 3195 507 3258 sic
552 3196 704 3258 haec
752 3195 956 3259 circuli
1006 3197 1098 3259 sui
1144 3197 1476 3260 intellectio
1524 3197 1811 3260 facultati
1858 3196 1948 3260 illi
2011 3195 2220 3258 itidem
2267 3201 2365 3258 est
2411 3195 2764 3276 congenita,
2831 3213 2942 3258 nec
2987 3215 3133 3280 pro-

416 3285 594 3348 ficere
641 3293 869 3365 potest,
920 3304 1031 3348 nec
1078 3286 1243 3348 aliud
1291 3305 1469 3367 quam
1516 3287 1629 3348 hoc
1676 3304 1882 3364 agere,
1929 3284 2112 3348 alium
2159 3303 2340 3365 quam
2367 3282 2524 3347 hunc
2554 3283 2839 3348 circulum
2877 3285 3132 3350 discere.
3207 3278 3234 3298 “

593 3373 689 3436 De
736 3372 951 3436 Geniis
1016 3391 1133 3437 non
1202 3375 1426 3438 acriter
1488 3383 1687 3436 mcum
1730 3391 1954 3453 pugno.
2043 3372 2176 3434 Res
2242 3383 2342 3435 est
2403 3371 2652 3436 lubrica.
2741 3372 2907 3454 Ego,
2973 3375 3137 3455 quod

416 3461 772 3525 inanimatis
828 3463 1031 3526 rebus.
1056 3461 1133 3528 ob
1181 3464 1482 3539 defectum
1528 3461 1811 3536 rationis,
1878 3459 2114 3541 angelis
2178 3460 2256 3522 ob
2314 3460 2564 3522 liberam
2609 3479 2780 3524 enam
2835 3463 3133 3526 rationem

414 3569 532 3613 non
554 3569 798 3632 possum
828 3551 1115 3626 tribuere,
1136 3551 1633 3632 gubernationem
1656 3551 1931 3613 fortunae
1952 3548 2208 3611 hominis
2239 3550 2316 3610 ad
2343 3549 2784 3631 praescriptum
2805 3551 3126 3628 coelorum,

416 3640 499 3714 id,
546 3641 807 3722 inquam,
843 3640 1038 3721 geniis
1066 3639 1283 3725 tribuo.
1380 3639 1539 3713 Quid
1571 3639 1767 3701 enim?
1815 3639 1906 3700 Tu
1936 3638 2286 3717 angelorum
2304 3638 2558 3701 tutelam
2583 3636 2770 3700 coelis
2793 3637 3132 3718 allegabis?

554 3745 933 3796 Fabricius:
989 3745 1199 3797 Solem
1235 3745 1515 3798 vivificandi
1569 3752 1623 3796 et
1655 3744 1924 3810 vegetandi
1972 3745 2070 3792 vim
2123 3743 2306 3794 habere
2359 3743 2608 3801 existimo,
2663 3744 2965 3809 planetas
3014 3761 3130 3798 vero

412 3830 513 3868 non
551 3831 721 3868 omnes
756 3832 836 3868 res
872 3818 1033 3874 simul,
1069 3825 1127 3868 ut
1164 3817 1263 3879 Sol,
1307 3817 1397 3870 sed
1430 3818 1541 3869 illas
1576 3824 1793 3874 tantum,
1831 3829 1962 3882 qnae
1995 3815 2199 3880 imperio
2234 3815 2450 3879 ipsorum
2485 3815 2710 3874 subsunt,
2749 3815 3013 3872 vivificare.

348 3957 357 3966 ,
587 3889 993 3969 Keplerus:
1042 3888 1209 3954 Nihil
1256 3909 1371 3971 ego
1414 3899 1565 3970 puto
1600 3889 1659 3952 in
1708 3887 1931 3961 Terris,
1988 3885 2082 3949 cui
2129 3887 2386 3950 seorsim
2433 3886 2652 3968 aliquis
2695 3888 2948 3968 planeta
2993 3889 3127 3950 col-

410 3979 647 4040 locatus
704 3979 789 4040 sit
832 3977 893 4040 in
939 3979 1141 4040 coelo:
1200 3981 1313 4040 sed
1360 3978 1639 4040 extitisse
1686 3977 1827 4039 illos
1874 3984 1968 4039 tot
2013 3983 2081 4038 et
2123 3977 2286 4038 tales
2342 3995 2416 4040 ex
2461 3976 2588 4037 suia
2645 3977 2906 4056 propriis
2950 3978 3123 4057 prin-

407 4066 601 4150 cipiis,
651 4067 835 4129 etiam
883 4066 1013 4130 siue
1041 4075 1320 4147 respectu
1350 4067 1730 4130 terrestrium
1758 4083 1988 4140 rernm3
2035 4064 2380 4127 consentire
2417 4083 2560 4128 vero
2597 4083 2714 4127 non
2741 4083 2842 4126 res
2869 4065 3126 4128 seorsim

410 4155 775 4238 compositas
824 4175 959 4218 cum
992 4156 1291 4236 planetis,
1342 4155 1449 4218 sed
1488 4173 1695 4218 omnes
1744 4155 2017 4218 omnibus
2045 4161 2300 4216 naturae
2331 4152 2678 4229 elementis3
2725 4173 2864 4216 nam
2893 4171 3120 4236 prope-

410 4245 650 4307 modum
698 4245 901 4307 omnia
946 4244 1007 4306 in
1054 4245 1325 4308 omnibus
1371 4244 1672 4319 invenies,
1738 4243 1876 4324 plns
1923 4251 2130 4306 tamen
2175 4241 2327 4306 certi
2375 4242 2630 4323 alicujus
2677 4242 2958 4306 elementi
3021 4244 3124 4306 vel

408 4333 769 4412 quantitatis
813 4333 877 4396 in
922 4351 1041 4396 nno
1088 4353 1267 4414 qnam
1312 4333 1375 4396 in
1422 4334 1636 4396 altero.

550 4438 921 4490 Fabricius:
960 4438 1093 4502 Quid
1128 4439 1191 4492 de
1232 4439 1533 4491 antisciis
1566 4438 1884 4504 planetarum
1915 4435 2134 4500 iudices,
2171 4437 2300 4488 scire
2333 4435 2496 4488 velim.

586 4527 1001 4608 Keplerus.
988 4549 1003 4565 ·
1050 4527 1275 4591 Eorum
1313 4527 1431 4590 vim
1479 4527 1563 4590 ibi
1611 4544 1894 4607 agnosco,
1943 4523 2044 4591 ubi
2074 4531 2216 4588 sunt
2243 4523 2521 4587 antiscia.
2615 4525 2678 4588 A
2712 4545 2898 4589 causa
2941 4527 3118 4607 primi

404 4622 607 4679 motus
655 4624 798 4678 suut
857 4616 1115 4680 antiscia
1176 4625 1386 4697 partes
1442 4615 1700 4691 zodiaci,
1770 4631 1888 4676 non
1935 4612 2168 4676 ratione
2234 4612 2496 4676 siderum
2529 4612 2856 4678 mobilium.
2949 4615 3119 4696 Ergo

400 4707 457 4767 in
510 4705 839 4784 directione
888 4707 1273 4768 ascendentis
1322 4713 1384 4768 et
1428 4705 1513 4768 M.
1564 4703 1637 4767 G.
1684 4710 1832 4788 puto
1879 4701 2002 4764 vim
2073 4719 2212 4765 esse
2257 4719 2572 4783 magnam,
2637 4709 2707 4766 at
2749 4723 2864 4766 non
2913 4705 2972 4766 in
3013 4704 3113 4768 di-

398 4795 667 4858 rectione
714 4792 879 4857 Solis
926 4803 989 4857 et
1034 4793 1315 4857 Veneris.

542 4899 908 4954 Fabricius.
967 4899 1265 4964 Quaeritur,
1322 4913 1389 4951 sn
1428 4899 1713 4963 eclipses
1750 4895 1878 4948 Solis
1916 4905 1968 4948 et
2003 4895 2180 4948 Lunae
2229 4911 2283 4947 re
2325 4909 2446 4948 vers
2485 4895 2744 4964 merulos
2781 4899 2910 4950 aeris
2943 4904 3110 4952 nats-
