3634 5575
548 402 678 468 304
1392 403 1593 455 Literae
1630 402 1838 470 Kepleri
1873 402 2176 469 aliorumque
2211 386 2416 456 mutuae

542 562 695 611 literis
732 569 937 611 causam
996 560 1185 610 dilatae
1222 561 1639 625 compensationis
1686 576 1772 625 pro
1810 560 2124 611 dedicatione
2157 560 2410 611 Prodromi
2457 560 2604 611 affert
2639 559 3050 623 Zehentmajerus
3089 558 3264 619 ..cala-

541 634 772 681 mitosum
808 636 995 681 statum
1030 632 1242 693 patriae,
1280 638 1339 680 ut
1372 631 1489 681 hinc
1526 646 1755 695 proceres
1792 632 2087 681 occasiones
2118 636 2342 695 captent,
2383 632 2624 695 ejusmodi
2658 632 2926 695 petitiones
2951 630 3258 697 denegareae‘

542 703 672 767 quod
706 714 786 758 ea,
825 715 953 765 quae
989 715 1139 764 supra
1173 702 1381 751 diximus
1420 702 1481 752 de
1518 702 1869 752 Herberstenio
1884 737 1898 758 ,
1937 701 2228 751 confirmare
2265 702 2470 751 videtur.

684 771 860 821 Porro:
904 770 1137 829 „Judicia
1173 772 1504 836 genethliaca
1539 773 1713 822 vellem
1749 779 1807 821 ut
1843 774 2004 836 prima
2037 785 2231 836 qua-que
2267 774 2530 822 occasione
2569 786 2886 836 componeres
2924 778 2976 822 et
3009 771 3128 820 mihi
3161 770 3264 821 huc

543 844 791 899 mitteres3
828 840 969 891 labor
1003 841 1279 891 liberaliter
1314 843 1402 892 tibi
1440 843 1893 907 compensabitur-‘⁶
1969 841 2197 892 Deinde:
2253 843 2524 896 „Generosi
2559 844 2660 891 mei
2697 842 2895 891 nomine
2933 848 2984 891 te
3019 856 3138 906 rogo
3151 876 3166 899 ,
3203 846 3266 889 ut

542 914 857 963 nativitatem
930 912 1049 960 mihi
1118 919 1253 961 certo
1304 914 1553 972 mitteres3
1606 920 1807 962 tenetur
1863 914 1994 962 enim
2039 926 2220 976 parens
2269 913 2542 970 desiderio,-
2594 913 2794 977 legendi
2850 912 3102 963 fortunam
3151 910 3260 960 filii.

542 982 847 1035 Nativitates
881 982 993 1031 illas
1030 988 1130 1032 tres
1166 998 1323 1047 nuper
1358 984 1447 1032 tibi
1486 997 1519 1032 a
1552 998 1633 1032 me
1658 984 1871 1033 traditas
1909 997 2166 1046 compone.
2239 983 2492 1033 Judicium
2515 983 2738 1048 quodque
2765 984 3054 1047 singulatim
3079 982 3262 1038 scribe.

543 1068 637 1104 nec
673 1054 734 1105 de
770 1054 1029 1103 honorario
1085 1053 1293 1103 honesto
1344 1052 1564 1102 dubita.“
1641 1053 1896 1118 Denique:
1949 1053 2224 1103 Pecuniam
2275 1055 2364 1103 tibi
2401 1056 2557 1103 mittit
2591 1053 2870 1104 Generosus
2929 1050 2998 1101 ⁴⁰
3042 1051 3263 1102 thaleros

541 1128 788 1189 integros,
841 1119 928 1188 p'ro
966 1124 1141 1188 quibus
1187 1124 1333 1173 latori
1366 1124 1598 1173 restitues
1636 1120 1705 1171 50
1742 1124 1967 1173 florenos.
2039 1123 2269 1173 Postulat
2303 1139 2391 1187 pro
2429 1125 2624 1173 servitio
2639 1159 2654 1181 ,
2711 1124 2842 1188 quod
2875 1123 2974 1174 hac
3030 1123 3082 1171 in
3115 1128 3264 1186 parte

542 1197 631 1246 tibi
668 1194 881 1251 exhibet,
917 1200 976 1243 ut
998 1194 1315 1243 nativitatem
1350 1193 1539 1243 scheda
1574 1196 1920 1258 consignatam
1956 1194 2255 1258 componas“
2296 1192 2387 1243 &c

682 1264 861 1315 Insunt
895 1265 972 1314 his
1009 1265 1377 1327 Zehentmajeri
1424 1265 1579 1314 literis
1614 1264 1774 1314 muita
1822 1270 2000 1315 notatu
2055 1264 2281 1331 digniora
2333 1265 2394 1315 de
2446 1265 2593 1315 rebus
2639 1264 2846 1328 publicis
2883 1262 3124 1328 Styriacis
3172 1268 3255 1311 tu-

546 1336 807 1385 multuosis
845 1342 897 1384 et
936 1336 999 1385 de
1023 1336 1285 1385 vexatione
1322 1336 1500 1384 civium
1520 1334 1725 1385 Lutheri
1762 1335 1880 1385 fidei
1915 1336 2251 1394 addictorum,
2292 1335 2354 1386 de
2373 1336 2578 1400 Kepleri
2612 1336 2870 1385 sententia
2903 1334 2966 1385 de
3001 1334 3144 1386 rebus
3181 1332 3258 1382 di-

547 1408 690 1464 vinis,
728 1407 789 1456 de
826 1407 977 1469 ipsius
1013 1407 1133 1463 vita,
1170 1406 1345 1455 studiis
1382 1405 1615 1469 aliisque,
1653 1419 1783 1470 quae
1821 1407 1990 1455 omnia
2020 1405 2102 1455 hic
2139 1407 2433 1456 omittuntur
2470 1406 2566 1456 alio
2601 1405 2714 1455 loco
2752 1405 3068 1456 reservanda.
3145 1402 3259 1453 Hoc

545 1483 742 1526 tantum
778 1477 1021 1533 addimus,
1060 1476 1189 1539 quod
1224 1477 1418 1540 propius
1456 1476 1523 1525 ad
1559 1490 1677 1533 rem,
1718 1476 1780 1525 de
1815 1490 1916 1539 qua
1950 1475 2026 1525 his
2063 1478 2256 1541 agimus
2296 1476 2450 1533 toliis,
2487 1478 2744 1540 pertinens
2777 1476 3017 1538 ¹iudicium
3051 1474 3259 1537 Kepleri

545 1548 607 1597 de
646 1546 914 1611 astrologia.
949 1546 1174 1595 exhibet:
1224 1546 1383 1604 „Tu“‚
1422 1547 1593 1597 scribit
1628 1546 2038 1607 Zehentmajerus
2077 1547 2123 1596 d.
2173 1544 2248 1596 13.
2291 1543 2561 1611 Oct—ea,
2618 1547 2732 1610 „qui
2769 1547 3046 1609 sapientiae
3081 1544 3258 1594 studiis

544 1616 787 1667 incumbis
826 1624 878 1666 et
914 1618 1101 1671 futuros
1140 1624 1345 1666 eventus
1382 1630 1443 1665 ex
1480 1618 1625 1665 astris
1660 1618 1898 1680 prospicis
1911 1651 1926 1673 ,
1976 1629 2159 1680 quaeso
2172 1652 2186 1674 ,
2240 1617 2282 1665 si
2330 1616 2448 1681 quid
2481 1616 2534 1666 in
2571 1616 2786 1665 siderum
2830 1616 2994 1680 positu
3031 1614 3256 1665 animad-

541 1688 759 1743 vertisti,
796 1686 929 1751 quod
964 1685 1213 1749 singulare
1250 1687 1365 1750 quid
1401 1688 1679 1751 regionibus
1714 1688 1854 1736 hisce
1891 1687 2183 1745 denunciet,
2233 1688 2356 1736 mihi
2393 1693 2445 1736 et
2482 1688 2737 1737 Generoso
2778 1701 2888 1735 meo
2927 1686 3255 1735 communica.

542 1756 847 1822 Magnopere
886 1756 1136 1806 desiderat
1170 1757 1253 1805 ille
1290 1758 1528 1819 ejusmodi
1564 1757 1780 1821 speciale
1816 1758 2190 1822 prognosticon,
2246 1758 2468 1821 inprimis
2504 1772 2537 1807 a
2571 1764 2652 1812 te,
2701 1758 2802 1806 viro
2841 1758 2985 1806 docto
3023 1762 3077 1806 et
3110 1754 3256 1817 hujus

547 1830 665 1877 artis
699 1828 874 1890 perito.
948 1827 1055 1891 Ego
1092 1840 1217 1876 sane
1251 1834 1471 1878 mentem
1506 1833 1648 1877 tuam
1683 1829 1747 1876 de
1784 1828 2024 1889 ejusmodi
2061 1828 2392 1893 singularibus
2427 1831 2533 1890 jam
2562 1834 2682 1877 ante
2716 1834 3028 1892 perspectam
3063 1825 3254 1875 habeo:

542 1898 664 1947 nihil
701 1898 932 1946 videlicet
968 1897 1087 1947 certi
1122 1898 1175 1946 in
1210 1898 1373 1960 specie
1418 1898 1638 1961 praedici
1672 1912 1815 1961 posse
1833 1932 1846 1954 ,
1897 1904 1986 1948 aut
2022 1909 2227 1949 eventus
2266 1903 2426 1948 certos
2474 1898 2702 1955 definiri3
2752 1897 2843 1947 sed
2882 1896 3168 1964 generalem
3207 1900 3260 1944 et

539 1968 685 2018 valde
721 1967 962 2017 lubricam
998 1980 1107 2017 esse
1147 1969 1503 2032 astrologorum
1538 1967 1824 2017 notitiam.“

682 2036 875 2087 Similia
911 2037 1155 2101 Keplerus
1192 2037 1368 2088 eodem
1404 2047 1624 2102 tempore
1658 2039 1747 2090 Ho
1761 2039 1960 2089 melio
1999 2039 2194 2089 cuidam
2209 2074 2222 2099 ,
2263 2039 2476 2095 medico,
2513 2039 2851 2101 perscripsisse
2887 2034 3122 2097 videtur,
3151 2037 3256 2101 qui,

540 2124 655 2159 cum
688 2109 917 2158 themata
950 2109 1267 2159 nativitatum
1291 2109 1551 2159 liberorum
1588 2125 1785 2161 suorum
1823 2110 1886 2158 ab
1922 2111 2028 2173 ipso
2065 2112 2309 2173 petiisset,
2353 2110 2404 2158 in
2430 2108 2749 2172 responsione
2785 2109 2902 2157 vitio
2927 2113 3093 2157 vertat
3113 2106 3253 2170 Kep-

543 2179 643 2229 lero
656 2214 670 2239 ,
716 2179 877 2243 „quod
916 2179 1041 2228 adeo
1079 2178 1307 2245 insurgat
1340 2181 1394 2229 in
1430 2180 1707 2230 doctrinam
1728 2180 1951 2230 Arabum
1989 2187 2041 2229 et
2075 2180 2242 2243 procul
2284 2179 2432 2229 dubio
2467 2185 2725 2243 receptam
2761 2192 2794 2227 a
2829 2180 2997 2241 primis
3033 2178 3257 2242 patribus

546 2250 821 2299 doctrinam
860 2255 912 2299 et
947 2249 1275 2299 fundamenta
1312 2251 1631 2314 astrologica,
1670 2251 1961 2315 praesertim
1997 2251 2046 2299 in
2088 2250 2256 2299 domos
2295 2249 2658 2312 planetarum.“
2739 2246 3032 2313 „Perlege“,
3077 2248 3255 2313 pergit,

548 2320 726 2380 „libros
764 2318 1093 2383 Theophrasti
1129 2319 1382 2370 Paracelsi
1418 2327 1472 2370 et
1506 2322 1727 2370 invenies
1764 2321 1984 2370 diversas
2021 2335 2055 2370 a
2091 2326 2177 2369 tuo
2207 2319 2396 2383 judicio
2430 2321 2668 2376 rationes,
2705 2318 2880 2382 quibus
2918 2324 2970 2367 et
3003 2333 3092 2381 per
3127 2330 3256 2383 quae

543 2390 711 2441 media
747 2397 884 2440 astra
918 2391 1173 2441 nobiscum
1210 2392 1590 2441 communicent.
1664 2390 1824 2442 Nemo
1861 2392 2088 2439 nascitur
2125 2392 2310 2453 absque
2346 2391 2585 2454 peculiari
2611 2390 2774 2447 domo.
2814 2390 2894 2439 cui
2928 2388 3150 2453 praefixa
3178 2394 3257 2438 est

547 2462 711 2519 stella,
748 2474 837 2511 seu
862 2460 1073 2523 Hylech,
1114 2475 1260 2526 quem
1298 2462 1533 2526 angelum
1568 2477 1660 2511 seu
1696 2463 1900 2527 genium
1927 2468 2016 2510 aut
2052 2462 2277 2524 spiritum
2311 2462 2535 2510 nomines
2571 2458 2803 2509 saltem.“

684 2532 768 2583 Sic
806 2546 868 2581 ex
890 2531 1159 2581 Joannis
1198 2531 1534 2588 Ericksen,
1576 2532 1798 2595 discipuli
1826 2532 2076 2599 quondam
2100 2530 2364 2593 Tychonis,
2405 2531 2706 2595 astrologiae
2731 2528 2997 2579 admodum
3039 2528 3248 2588 addicti,

541 2604 695 2652 literis
733 2601 909 2652 eadem
947 2602 1174 2665 colligere
1210 2616 1486 2664 possumus,
1524 2603 1813 2651 scribentis:
1857 2600 2052 2665 „Saepe
2087 2602 2206 2651 mihi
2241 2604 2378 2651 venit
2413 2602 2466 2650 in
2501 2607 2735 2657 mentem,
2774 2599 2890 2648 dum
2934 2613 2999 2649 ea
3036 2613 3163 2663 quae
3199 2605 3252 2648 te

542 2675 596 2722 in
634 2672 943 2736 astrologicis
982 2672 1305 2721 disserentem
1342 2672 1588 2736 quondam
1644 2672 1809 2721 audivi
1845 2674 2052 2729 rumino,
2092 2686 2275 2722 numne
2310 2686 2441 2737 quae
2476 2678 2668 2721 veteres
2706 2670 2769 2719 de
2787 2670 3118 2733 ‘planetarum
3163 2669 3250 2718 do·

542 2744 704 2794 mibus
740 2742 1067 2804 tradiderunt,
1104 2741 1171 2791 ad
1206 2742 1461 2794 stellarum
1496 2744 1819 2794 inerrantium
1857 2744 2004 2808 signa
2035 2744 2219 2806 potius,
2255 2756 2405 2808 qnam
2440 2742 2844 2792 dodecatemoria
2879 2742 3130 2806 signorum
3155 2740 3250 2792 cir·

544 2815 641 2864 culi
676 2816 779 2864 sint
812 2812 1089 2863 referenda.
1163 2814 1375 2863 Averem
1412 2828 1472 2863 ex
1508 2820 1559 2864 te
1598 2828 1926 2878 cognoscere,
1979 2815 2153 2878 quibus
2205 2815 2539 2864 fundamentis
2587 2813 2840 2862 domorum
2876 2811 3048 2861 mundi
3099 2811 3251 2876 sigui-

478 2887 481 2890 ’
542 2885 699 2934 ficata
732 2885 1025 2939 innitantur,
1066 2897 1152 2932 cur
1187 2885 1373 2946 primae
1410 2885 1529 2944 vita,
1568 2885 1822 2934 secundae
1859 2885 2047 2933 lucrum
2083 2881 2172 2933 dcc.
2213 2886 2314 2933 sint
2360 2884 2618 2934 attributa.
2691 2881 2856 2942 Quam
2888 2880 3083 2940 vellem,
3127 2895 3254 2945 quae

544 2955 607 3004 de
644 2955 994 3004 directionibus
1029 2955 1313 3016 scripseras,
1349 2955 1647 3018 perlustrare
1681 2969 1895 3017 possem,
1934 2955 1976 3002 si
2000 2956 2074 3005 ita
2109 2956 2198 3003 tibi
2235 2955 2393 3003 visum
2419 2955 2582 3009 fuerit,
2623 2953 2805 3002 Davidi
2829 2953 3057 3002 Fabricio
3078 2951 3254 3001 eadem

544 3038 711 3088 opera,
749 3025 831 3089 qui
865 3027 920 3073 in
943 3025 1212 3091 propinquo
1234 3024 1317 3074 hic
1342 3025 1492 3090 degit,
1532 3024 1995 3075 communicanda.“
2037 3021 2104 3086 (Ε
2129 3025 2280 3074 literis
2307 3025 2355 3074 d.
2387 3025 2690 3074 Darentriae
2717 3023 2765 3072 d.
2795 3019 2878 3071 29.
2909 3022 3046 3086 Sept.
3074 3017 3252 3082 1601.)

684 3111 777 3162 His
826 3111 1033 3162 tandem
1085 3113 1425 3177 subjungimus
1478 3125 1565 3173 ea,
1614 3127 1745 3177 quae
1798 3111 2046 3176 Keplerus
2099 3127 2188 3175 per
2234 3112 2406 3162 literas
2457 3111 2562 3176 egit
2607 3126 2719 3162 cum
2769 3111 2884 3167 illo,
2937 3125 3081 3175 quem
3135 3110 3258 3159 dicit

545 3182 799 3240 Ericksen,
826 3182 1077 3234 Davide
1100 3183 1397 3232 Fabricio
1413 3219 1427 3240 ,
1464 3184 1547 3247 qui
1578 3184 1707 3233 inter
1732 3198 1930 3240 omnes,
1969 3197 2082 3233 cum
2106 3184 2278 3247 quibus
2305 3187 2626 3232 conversatus
2653 3186 2730 3232 est
2756 3180 3018 3244 Keplerus,
3055 3181 3258 3230 maximi

542 3255 719 3304 habuit
754 3253 1071 3317 astrologiam
1106 3255 1503 3319 sententiamque
1542 3253 1605 3303 de
1640 3255 1729 3303 illa
1762 3255 1939 3304 mirum
1973 3255 2026 3303 in
2062 3253 2262 3303 modum
2289 3252 2510 3316 Keplero
2551 3254 2768 3302 extorsit.
2839 3251 3020 3300 Insunt
3043 3251 3256 3301 Fabricii

542 3326 719 3374 literae
754 3323 1053 3388 Keplerique
1089 3325 1458 3388 responsionum
1496 3325 1781 3374 adversaria
1817 3325 1894 3375 vel
1931 3325 2236 3388 exemplaria
2270 3337 2359 3388 per
2395 3337 2726 3374 amanuenses
2765 3321 2970 3385 Kepleri
3007 3322 3259 3385 descripta

544 3393 697 3460 (quod
732 3394 858 3444 forte
884 3394 996 3444 Ursi
1031 3395 1373 3444 immodestiae
1408 3395 1737 3445 tribuendum.
1796 3395 1924 3444 Vide
1949 3409 2099 3458 supra
2119 3411 2168 3458 p.
2197 3391 2348 3456 23⁴.)
2374 3394 2606 3443 volumini
2631 3393 2691 3444 X.
2719 3393 2840 3442 Mss.
2862 3391 3254 3456 Petropolitano·

541 3482 666 3517 rum·
702 3465 867 3516 Minus
886 3467 1146 3530 perspicua
1161 3467 1375 3516 Fabricii
1394 3467 1866 3531 amanuensiumque
1885 3465 2092 3530 Kepleri
2107 3479 2284 3516 manus
2301 3479 2392 3516 seu
2409 3466 2608 3516 inscitia
2623 3464 2800 3514 horum
2819 3477 2910 3512 seu
2927 3463 3255 3528 negligentia,

545 3537 793 3587 difficilem
830 3550 943 3586 eam
976 3539 1173 3601 saepius
1210 3537 1435 3587 iecerunt
1471 3538 1733 3600 explicatu.
1806 3537 2020 3586 Fabricii
2055 3536 2301 3586 scribendi
2323 3538 2468 3592 ratio,
2508 3549 2622 3600 qua,
2661 3533 2899 3599 quidquid
2924 3535 2976 3582 in
3007 3533 3258 3583 calamum

543 3610 750 3663 veniret,
786 3607 940 3657 literis
976 3608 1269 3664 mandabat,
1308 3607 1581 3670 Keplerum
1606 3610 1773 3668 movit,
1811 3615 1872 3656 ut
1894 3607 2108 3672 singula,
2149 3607 2214 3656 ad
2251 3620 2380 3670 quae
2404 3606 2749 3670 respondebat,
2783 3605 3002 3654 numeris
3025 3611 3256 3660 notaret;

542 3693 634 3731 nos
668 3692 784 3728 vero
821 3686 984 3728 ratum
1018 3679 1297 3734 habuimus,
1335 3679 1540 3742 singulis
1564 3678 1777 3727 Fabricii
1812 3678 2182 3741 quaestionibus
2201 3678 2664 3740 exceptionibusque
2699 3677 2916 3739 proxime
2949 3675 3257 3738 subjungere

544 3750 749 3814 Kepleri
784 3763 1036 3813 responsa,
1074 3750 1225 3812 ipsius
1262 3750 1420 3798 secuti
1456 3748 1655 3798 modum
1690 3747 1913 3812 Kepleri.
1949 3763 2044 3812 quo
2079 3761 2198 3797 usus
2235 3755 2312 3798 est
2346 3750 2398 3797 in
2439 3747 2668 3812 „Eclogis
2705 3745 3012 3812 chronicis.“

686 3836 767 3888 De
792 3838 1005 3888 Fabricii
1040 3838 1144 3887 vita
1177 3836 1305 3887 haec
1342 3835 1484 3886 nobis
1520 3837 1793 3886 innotuere.
1869 3834 2034 3886 Natus
2071 3841 2150 3885 est
2186 3849 2316 3885 anno
2357 3831 2495 3884 1564
2521 3835 2718 3885 Esenae
2750 3833 2939 3883 Frisiae
2975 3831 3255 3888 orientaiin

546 3911 703 3961 literis
740 3909 895 3958 sacris
934 3921 1134 3972 operam
1172 3908 1344 3965 dabat,
1381 3921 1477 3957 nec
1515 3921 1615 3957 non
1654 3907 2062 3956 mathematicam
2103 3907 2549 3969 astronomiamque
2589 3904 2799 3974 colebat.
2873 3903 2935 3953 In
2955 3903 3256 3953 observatio-

494 4015 512 4035 .
547 3983 691 4032 nibus
728 3978 983 4029 stellarum
1020 3977 1312 4035 excellebat,
1351 3992 1547 4027 omnem
1584 3978 1878 4028 industriam
1916 3985 1968 4026 et
2003 3977 2331 4026 subtilitatem
2367 3977 2606 4040 adhibens
2621 4010 2634 4033 ,
2675 3976 2882 4038 acieque
2917 3974 3053 4022 visus
3086 3975 3256 4038 singu·

547 4053 637 4102 lari
673 4050 924 4114 praeditus
937 4084 951 4107 ,
991 4051 1065 4098 ita
1099 4055 1157 4098 ut
1193 4049 1437 4111 Keplerus
1474 4063 1587 4097 eum
1626 4048 1850 4110 Tychoni
1887 4054 2213 4110 compararet,
2253 4048 2452 4098 dicens:
2509 4048 2612 4105 „vir
2645 4045 2762 4095 talis
2808 4046 2862 4094 in
2899 4044 3259 4098 astronomicis,

546 4137 701 4188 penes
738 4135 908 4186 quem,
960 4127 1072 4182 post
1109 4121 1404 4169 exstinctam
1452 4133 1565 4168 cum
1602 4125 1806 4169 auctore
1844 4116 2040 4168 Braheo
2079 4117 2388 4183 diligentiam
2438 4117 2732 4168 observandi
2779 4115 3048 4176 coelestia,
3101 4113 3259 4163 omnis

547 4199 651 4244 stat
684 4193 736 4241 in
774 4189 1074 4240 observando
1114 4191 1436 4240 auctoritas“.
1510 4187 1643 4251 (Lib.
1684 4189 1745 4239 de
1784 4189 1942 4239 Stella
1977 4202 2107 4238 nova
2143 4203 2254 4253 cap.
2293 4185 2432 4249 XII.)
2506 4186 2710 4251 Kepleri
2764 4187 3017 4251 ingenium
3055 4185 3259 4234 maximi

544 4265 734 4314 habens
770 4260 1091 4310 libentissime
1130 4260 1365 4310 audiebat
1400 4266 1701 4317 monentem,
1743 4267 1948 4324 paratus
1993 4273 2186 4324 semper
2227 4258 2294 4307 ad
2318 4259 2484 4308 officia
2519 4273 2632 4308 cum
2657 4257 2991 4306 astronomica
3025 4262 3133 4304 tum
3159 4255 3263 4304 alia

546 4336 640 4400 ipsi
676 4348 710 4383 a
744 4331 963 4396 Keplero
999 4330 1243 4380 mandata
1276 4329 1595 4394 perficienda.
1669 4329 1884 4380 Scatens
1921 4335 2090 4379 autem
2125 4330 2469 4392 superstitione
2508 4327 2804 4392 astrologiae
2839 4327 3046 4376 nimium
3071 4327 3258 4375 tribue·

547 4407 665 4463 liat;
698 4404 885 4467 judicio
922 4400 1179 4452 imbecillis
1213 4402 1267 4449 in
1302 4402 1505 4450 minutis
1542 4402 1847 4458 versabatur,
1885 4402 2113 4467 graviora
2147 4415 2246 4449 non
2279 4398 2592 4465 intelligebat
2615 4398 2916 4462 Keplerique
2941 4397 3259 4448 velocitatem

553 4477 913 4542 cogitationum
951 4480 1004 4522 et
1039 4473 1398 4522 sententiarum
1435 4473 1730 4522 varietatem
1767 4487 1868 4521 non
1907 4478 2164 4522 assecutus
2201 4477 2304 4528 est;
2353 4469 2658 4542 opinionibus
2694 4467 3045 4532 praejudicatis
3083 4467 3260 4516 ductus

550 4562 615 4597 ne
655 4559 805 4596 ausus
842 4543 1042 4609 quidem
1078 4549 1156 4593 est
1192 4543 1444 4593 discedere
1481 4557 1515 4592 a
1550 4539 1838 4592 Ptolemaeo
1877 4549 1966 4592 ant
2001 4543 2138 4606 sequi
2175 4540 2436 4605 Copernici
2470 4540 2532 4590 de
2569 4541 2752 4589 mundo
2788 4540 3049 4594 rationem,
3084 4549 3260 4602 vquam·

551 4627 701 4681 quam
736 4615 1025 4679 saepissime
1060 4615 1301 4664 incitatus
1340 4627 1373 4661 a
1406 4613 1642 4676 Keplero.
1721 4613 1830 4673 Quo
1865 4619 2086 4676 tempore
2123 4612 2435 4662 familiaritas
2471 4613 2568 4676 ipsi
2592 4625 2704 4660 cum
2726 4609 2946 4674 Keplero
2979 4606 3260 4658 intercede-

551 4688 655 4742 bat,
693 4688 904 4750 pastoris
940 4700 1145 4736 munere
1181 4685 1483 4749 fungebatur
1506 4683 1867 4734 Resterhaviae
1903 4685 2090 4733 Frisiae
2129 4683 2398 4744 orientalis,
2437 4681 2617 4733 deinde
2641 4677 2832 4742 (1002)
2858 4681 3091 4736 Auricae,
3129 4677 3262 4726 unde

548 4759 683 4808 brevi
734 4757 827 4815 „ob
862 4755 1043 4806 bellum
1079 4758 1132 4807 in
1166 4756 1327 4805 Frisia
1375 4761 1569 4821 gestum
1624 4757 1858 4821 migravit
1892 4753 2160 4812 Esenam“,
2213 4755 2299 4804 ubi
2349 4768 2466 4818 „pro
2519 4761 2738 4816 tempore
2787 4752 3021 4816 principis
3073 4749 3261 4798 aulicus

550 4829 870 4878 concionator
904 4827 1059 4879 habet
1090 4827 1298 4877 liberam
1331 4827 1385 4876 in
1422 4840 1539 4877 arce
1574 4827 1853 4884 mensam“,
1901 4826 2110 4892 denique
2148 4823 2350 4876 Ostelae
2388 4819 2578 4887 (1⁰04)
2619 4823 2979 4875 concionatoris
3015 4819 3258 4888 fungeba-

551 4905 632 4950 tur
664 4911 886 4949 munere.
