3634 5575
1426 352 1673 405 eonem
1710 352 2036 419 magieis
2399 328 2406 337 ’
2973 352 3136 419 31⁵

390 530 523 577 ram
584 518 649 574 et
702 510 781 575 ad
828 512 1101 577 occultas
1160 512 1421 577 virtutes
1436 561 1452 589 ,
1525 521 1623 575 est
1685 512 1994 576 dimidium
2055 514 2195 595 plus
2257 522 2498 577 centum
2551 514 2732 590 totis,
2799 522 3110 597 oporteret

388 599 629 663 omniuo
674 600 1089 683 paucissimos,
1139 608 1247 665 aut
1292 602 1446 665 forte
1494 602 1731 664 omnino
1764 604 1962 665 nullos
1997 601 2400 684 supervivere,
2448 602 2664 684 quibus
2703 601 2813 666 Sol
2855 605 2920 667 in
2955 602 3101 667 XII.

391 690 485 751 vel
532 688 647 751 VI.
696 690 807 753 Sic.
894 688 1027 755 Nec
1070 698 1134 753 te
1182 692 1357 771 juvat
1411 692 1821 773 compensatio
1887 699 1952 753 et
2007 691 2248 753 diversa
2300 692 2650 772 adjumenta
2662 710 2681 766 3
2747 691 2873 754 dixi
2921 693 3100 767 enim,

391 784 587 841 totum
630 779 937 842 coelorum
984 779 1311 843 exercitum
1356 800 1490 841 curn
1536 799 1651 842 uno
1699 779 1844 842 Sole
1900 799 2086 843 causa
2140 780 2592 861 philosophicae
2647 780 2810 843 illius
2859 781 3104 843 virtutis

390 866 725 946 comparari
769 886 889 929 uon
934 886 1138 948 posse.
1234 866 1529 941 Quamvis
1574 886 1718 931 vero
1766 868 1926 932 idem
1981 869 2166 931 etiam
2213 868 2530 931 situationi
2580 868 2930 950 objiciatur.
3015 869 3108 931 Tu

392 954 585 1030 vides,
627 954 761 1035 jam
808 953 955 1019 mihi
999 965 1260 1032 cantum,
1310 956 1514 1021 vivere
1558 956 1836 1019 homines
1883 965 2097 1032 antea,
2145 959 2262 1021 etsi
2307 958 2538 1021 coelum
2583 958 2764 1039 plane
2813 974 2930 1019 non
2975 956 3108 1020 sal-

392 1051 659 1107 varetur.
750 1044 892 1107 Jam
944 1045 1359 1109 diversissima
1406 1052 1547 1107 sunt
1592 1045 1939 1109 informatio
1985 1054 2050 1109 et
2078 1046 2450 1127 imaginatio.
2544 1046 2728 1110 Aliud
2776 1047 2928 1128 agis,
2977 1066 3112 1109 cnm

393 1150 645 1195 uxorem
691 1132 1099 1215 impraegnat,
1148 1134 1309 1197 aliud
1356 1135 1467 1197 illa
1512 1135 1660 1214 agit,
1710 1152 1844 1197 cum
1889 1142 2056 1197 tuam
2085 1134 2404 1216 imaginem
2452 1135 2714 1216 concipit.
2759 1144 2821 1198 et
2869 1136 2928 1197 in
2975 1136 3108 1197 foe-

394 1230 521 1284 tum
570 1223 1002 1303 transplantat.
1094 1222 1259 1286 Nam
1302 1224 1357 1286 si
1408 1220 1539 1285 100
1596 1224 1768 1285 annis
1815 1223 1933 1285 sibi
1991 1224 2099 1286 illa
2152 1223 2358 1287 nescio
2419 1240 2568 1304 quas
2615 1226 2842 1287 formas
2889 1232 2954 1287 et
2995 1242 3112 1285 vo-

396 1311 665 1390 luptates
711 1311 1173 1392 imaginaretur,
1240 1330 1447 1375 omnes
1495 1311 1703 1377 irritae
1748 1312 2065 1383 caderent,
2133 1313 2189 1376 si
2250 1314 2476 1394 absque
2535 1322 2599 1375 te
2648 1320 2840 1389 esset,
2913 1332 2951 1375 a
2997 1330 3114 1395 qno

396 1399 495 1462 ubi
542 1400 839 1482 concepit,
880 1401 1011 1481 jam
1058 1401 1197 1463 aliis
1253 1398 1375 1463 100
1406 1401 1579 1463 annis
1626 1402 1794 1463 nulla
1841 1400 2268 1481 imaginatione
2319 1420 2394 1463 ex
2439 1400 2700 1468 humano
2741 1403 2903 1463 foetu
2939 1402 3114 1482 equi-

398 1506 541 1549 num
590 1489 836 1564 fecerit3
884 1496 947 1550 et
974 1498 1191 1573 tamen
1206 1504 1323 1551 nou
1363 1488 1528 1564 nihil,
1579 1490 1687 1551 sed
1720 1490 1976 1551 immane
2025 1499 2312 1570 quantum
2360 1489 2418 1551 in
2450 1510 2558 1553 suo
2589 1509 2808 1571 genere
2836 1497 3116 1572 praestat

396 1576 771 1656 imaginatio.
872 1577 1081 1641 Habes
1146 1597 1282 1641 mea
1346 1577 1621 1659 opinione
1690 1578 2026 1658 exemplum
2093 1579 2152 1641 in
2231 1588 2546 1659 utramque
2610 1586 2848 1659 partem
2913 1578 3111 1658 aptis-

397 1664 625 1727 simum.

534 1753 911 1805 Fabricius:
971 1752 1193 1805 Planetis
1230 1760 1283 1805 et
1319 1755 1467 1805 astris
1503 1769 1595 1821 ego
1632 1753 1796 1805 nullas
1833 1754 2346 1810 inclinationes,
2383 1754 2540 1805 bonas
2573 1752 2855 1811 velundae.
2893 1752 3113 1803 tribuen-

394 1824 487 1875 das
520 1830 659 1889 puto,
695 1838 792 1877 nec
824 1824 907 1877 ve}
938 1824 1069 1875 ullas
1102 1825 1398 1891 qualitates.
1446 1830 1647 1890 praeter
1679 1825 1839 1876 solam
1873 1826 2067 1882 lucem,
2121 1826 2218 1875 nisi
2253 1824 2383 1889 quod
2419 1824 2552 1875 solus
2595 1824 2678 1874 Sol
2715 1832 2920 1889 praeter
2951 1824 3114 1875 lucem

394 1895 609 1955 calorem
644 1910 839 1961 quoqne
872 1896 1079 1955 habeat,
1114 1904 1357 1963 tauquam
1390 1896 1501 1947 fons
1536 1896 1663 1949 lucis
1700 1903 1755 1947 et
1790 1898 1967 1949 caloris
1980 1932 1996 1956 ,
2034 1903 2088 1947 et
2125 1910 2158 1947 a
2193 1894 2304 1947 Deo
2339 1899 2610 1961 praecipue
2645 1896 2712 1947 ad
2746 1897 2798 1948 id
2835 1896 3110 1954 ordinatus,

394 1972 451 2017 ut
488 1967 757 2019 edeficiat
790 1982 983 2033 quoquo
1015 1974 1215 2033 praeter
1251 1968 1431 2019 lucem.
1508 1967 1691 2019 Cetera
1736 1975 1876 2019 astra
1923 1984 2024 2019 non
2069 1972 2190 2031 puto
2227 1967 2444 2019 calorem
2479 1968 2694 2026 habere3
2757 1966 2911 2019 multo
2949 1968 3112 2017 minus

394 2038 599 2103 frigidas
634 2038 747 2091 illas
784 2053 893 2089 esse
929 2040 1259 2097 censendum.
1313 2039 1469 2089 multo
1517 2040 1680 2089 minus
1714 2038 1807 2090 has
1848 2038 2067 2097 calidas,
2121 2039 2237 2088 illas
2285 2038 2491 2104 frigidas
2539 2053 2646 2089 esse
2681 2038 2985 2105 putandum.
3045 2039 3118 2087 sic

396 2110 531 2159 onim
564 2122 669 2159 una
706 2110 908 2160 alterius
945 2124 1067 2175 opus
1101 2110 1375 2175 impediret.
1452 2108 1530 2159 'l'u
1567 2116 1744 2161 contra
1778 2110 1895 2176 quid
1933 2112 2138 2166 sentias,
2175 2111 2302 2159 scire
2340 2110 2498 2173 cupio.

576 2179 981 2260 Keplerus:
1054 2181 1151 2244 De
1207 2180 1601 2260 qualitatibus
1658 2182 2040 2261 planetarum
2099 2188 2244 2260 puto
2304 2198 2399 2241 me
2465 2199 2670 2243 omnes
2727 2186 2869 2241 tuas
2927 2196 3116 2261 quae-

400 2268 628 2331 stiones
702 2276 767 2331 et
839 2268 1210 2350 objectiones
1280 2270 1339 2332 in
1416 2268 1862 2351 Meteorologia
1935 2268 2258 2343 (Fundam.
2334 2268 2604 2344 Astrol.)
2685 2267 3116 2331 antevertisse.

400 2356 642 2437 Legae.
629 2358 645 2400 ¹

540 2444 909 2497 Fabricius.
970 2444 1378 2497 Frisohlinus
1430 2441 1537 2507 (De
1573 2446 1940 2499 asu-onomicae
1976 2446 2096 2497 artis
2147 2458 2262 2495 cum
2297 2444 2526 2497 (leonina
2575 2444 2782 2497 eoelesfl
2813 2449 2869 2497 α
2901 2442 3122 2495 naurdi

398 2512 711 2581 philosophia
745 2517 1089 2601 congruentia,
1126 2516 1235 2567 libri
1259 2515 1323 2565 V.
1362 2515 1595 2567 hauhei.
1624 2513 1779 2566 1001.
1852 2516 1916 2567 Ιιι
1947 2517 2072 2567 libro
2109 2516 2202 2567 lv,
2239 2532 2289 2580 p.
2320 2512 2423 2567 237
2462 2516 2678 2567 affirmat
2725 2514 2950 2575 „ridiculi
2987 2521 3120 2576 emt,

398 2588 483 2653 qui
518 2584 623 2639 soli
658 2586 869 2639 credunt
900 2588 1066 2639 inesse
1102 2587 1319 2639 calorem
1356 2592 1409 2638 et
1442 2588 1543 2637 vim
1576 2588 2000 2639 calefactoriam&
2074 2587 2298 2639 Deinde.
2353 2586 2532 2647 ..stella
2568 2600 2601 2638 a
2631 2551 2780 2639 stella
2813 2586 2980 2639 differt
3015 2585 3120 2637 ola-

398 2659 565 2715 ritate,
601 2673 702 2708 non
736 2656 1057 2725 qualitatibus
1092 2658 1351 2709 sensilibus
1387 2663 1441 2709 et
1474 2646 1747 2716 tactilibu's‚
1782 2666 1906 2723 puto
1942 2658 2105 2711 calido
2144 2664 2198 2710 et
2235 2660 2430 2725 frigido,
2467 2658 2668 2709 humido
2703 2664 2759 2709 et
2795 2658 2929 2711 sicco
2965 2654 3058 2707 ae.
3065 2653 3120 2717 ⁸⁸)

399 2734 456 2781 ut
491 2728 646 2779 stellis
684 2734 738 2779 et
772 2729 1017 2794 planetis,
1054 2730 1128 2781 ita
1164 2736 1217 2781 et
1254 2729 1357 2781 Soli
1393 2729 1581 2780 nullam
1618 2730 1914 2796 qualitatem
1947 2730 2210 2789 concedit.
2251 2736 2450 2796 praeter
2489 2729 2650 2780 solam
2684 2729 2864 2779 lucen.
2939 2727 3120 2779 Calidi·

396 2807 556 2852 tatem
599 2815 701 2852 non
738 2798 843 2852 soli
876 2801 966 2852 sed
1000 2803 1105 2852 aeri
1138 2803 1304 2853 inesse
1340 2802 1489 2860 dicit,
1536 2808 1591 2852 et
1624 2803 2008 2854 metationem
2044 2804 2204 2863 aeris,
2253 2817 2288 2853 a
2319 2801 2434 2854 luce
2471 2799 2598 2853 Solis
2642 2791 2852 2859 iactam.
2889 2801 3120 2854 calidita-

398 2881 503 2998 ⁴tseilm
530 2874 874 2996 &watign-
896 2874 1177 2938 ingenitam
1212 2875 1447 2926 excitare·
1520 2876 1600 2924 Au
1634 2872 1765 2925 haec
1800 2875 1966 2938 opinio
2003 2875 2200 2926 veritati
2237 2880 2291 2926 et
2331 2873 2514 2924 rationi
2550 2877 2893 2926 consentanu
2923 2871 3008 2930 sit.
3045 2871 3119 2922 iae

466 2959 497 2996 e
804 2958 859 2994 es

544 3010 629 3076 (In
666 3015 817 3064 literis
852 3013 1067 3066 Pabricii
1104 3013 1153 3064 d.
1194 3010 1279 3063 28.
1309 3015 1427 3078 Apr.
1466 3031 1513 3065 v.
1550 3022 1614 3066 st.
1655 3013 1792 3066 1602
1830 3013 1958 3067 haec
1993 3017 2058 3068 de
2083 3016 2354 3068 Frischlino
2389 3015 2628 3081 legimns:
2677 3015 2895 3066 Genesin
2933 3019 3122 3065 certam

402 3085 659 3135 Frischlini
694 3085 785 3134 tibi
819 3085 978 3135 mitto.
1051 3084 1216 3136 Natus
1254 3082 1341 3134 22.
1366 3083 1504 3151 Sept.
1548 3083 1685 3136 1547
1722 3086 1772 3136 h.
1800 3083 1863 3144 4;
1917 3101 2048 3138 anno
2085 3085 2158 3137 90
2189 3089 2334 3138 initio
2372 3087 2559 3150 Aprilis
2595 3091 2772 3150 eaptus
2807 3083 3118 3152 Mognntiae.

402 3156 547 3206 Anno
587 3153 653 3206 65
700 3157 939 3222 magister
980 3155 1147 3207 factus
1197 3169 1259 3206 ex
1295 3156 1565 3208 directione
1600 3157 1753 3209 Medii
1792 3156 1932 3208 Coeli
1967 3159 2034 3210 ad
2069 3153 2226 3219 Δό.
2301 3159 2447 3210 Διιιιο
2483 3155 2572 3208 78.
2610 3153 2660 3208 3.
2692 3156 2806 3208 Oct.
2845 3157 3122 3208 orationem

402 3227 455 3276 in
491 3227 685 3279 nobiles
718 3226 921 3284 habuit,
958 3227 1091 3278 unde
1127 3228 1348 3277 maxima
1380 3234 1508 3279 nata
1543 3230 1635 3292 ipsi
1674 3232 1960 3280 consecutio
1997 3230 2248 3280 nobilium.
2321 3228 2544 3282 Directio
2579 3227 2654 3280 M.
2683 3227 2739 3278 C.
2780 3227 2846 3278 ad
2881 3219 2952 3294 U
2977 3227 3121 3280 Solis.

408 3299 551 3348 Anno
579 3296 647 3346 77
685 3298 984 3362 stipendium
1020 3312 1243 3348 annuum
1280 3311 1313 3348 a
1345 3301 1565 3363 principe
1604 3305 1918 3358 consecutus,
1957 3315 2017 3350 ex
2055 3300 2143 3350 dir.
2187 3297 2251 3361 G)
2282 3299 2348 3350 ad
2371 3296 2522 3362 Δᾙ.
2581 3299 2728 3349 Anno
2756 3294 2841 3349 90.
2881 3295 2966 3348 29.
2991 3295 3120 3349 Nov.

403 3377 553 3420 nocte
588 3375 829 3434 sequente
866 3383 926 3419 ex
960 3369 1106 3432 lapsu
1140 3371 1295 3419 vitam
1330 3371 1507 3420 misere
1543 3369 1731 3426 finivitz
1768 3367 1803 3433 b
1838 3369 2001 3421 locum
2035 3371 2353 3435 profectionis
2390 3383 2592 3421 annuae
2625 3369 2840 3419 transiit.
2909 3369 3126 3420 luidone

406 3439 679 3506 astrologos
716 3439 898 3492 alicubi
935 3441 1135 3490 scn‘bit:
1194 3438 1431 3490 Omnium
1468 3441 1787 3506 nugacissimi
1823 3447 1942 3492 sunt
1973 3441 2200 3492 homines
2218 3477 2233 3500 ,
2271 3443 2356 3508 qui
2391 3443 2648 3507 genituras
2681 3440 2934 3492 boninu-
2969 3440 3126 3491 stellis

406 3511 617 3578 alligant
652 3509 771 3569 &eq
807 3511 898 3562 sed
934 3525 1095 3576 nugas
1132 3511 1467 3576 comprobavit
1500 3511 1745 3563 violentus
1782 3510 1988 3575 exitus.)

583 3583 995 3663 Keplerus:
1078 3581 1248 3662 Aeri,
1298 3590 1363 3644 et
1408 3590 1476 3645 tu
1522 3583 2041 3661 et·Frischlinus,
2105 3592 2170 3646 et
2224 3583 2550 3648 calorem
2615 3591 2681 3644 et.
2723 3581 2927 3644 nescio
2975 3600 3126 3662 quas

407 3671 671 3734 tribuitis
719 3670 1049 3754 qualitates
1068 3689 1090 3748 3
1151 3689 1265 3751 ego
1314 3671 1581 3752 frigus,
1628 3673 1689 3734 h.
1738 3691 1793 3736 e.
1845 3673 2176 3736 carentiam
2223 3671 2448 3734 caloris
2495 3679 2560 3734 et
2603 3669 3122 3746 alterabilitatem,

406 3779 559 3842 quae
624 3759 905 3824 consistit
968 3759 1027 3824 in
1092 3759 1347 3824 raritate
1414 3755 1478 3822 et
1531 3761 1717 3823 fluore
1780 3780 1890 3824 sen
1935 3761 2312 3826 humiditate.
2400 3759 2610 3824 Solem
2656 3760 2917 3822 calidum
2967 3778 3126 3828 esse,

404 3849 610 3912 nescio
658 3868 776 3930 qua
824 3849 900 3912 de
946 3868 1133 3912 causa
1178 3856 1285 3912 aut
1330 3868 1443 3931 quo
1490 3856 1655 3912 metu
1702 3850 2065 3931 negaverint
2109 3849 2490 3931 philosophi3
2555 3848 2824 3926 scilicet,
2887 3867 2964 3912 ne
3011 3867 3123 3912 ex·-

405 3939 593 4001 siccet
639 3938 1035 4002 elementaria
1080 3945 1145 4000 et
1185 3938 1485 4019 perimat?
1575 3939 1667 4002 At
1706 3939 1811 4002 ille
1869 3940 2034 4004 calor
2079 3948 2178 4002 est
2221 3938 2534 4019 limpidus,
2616 3956 2822 4019 purus,
2873 3955 3120 4000 conser-

404 4037 599 4103 vator,
650 4045 769 4089 non
815 4033 1131 4102 vastator3
1197 4027 1453 4109 denique
1516 4027 1667 4090 nihil
1730 4028 1848 4090 nisi
1911 4028 2014 4092 lux
2077 4029 2232 4108 ipsa.
2325 4025 2536 4092 Solem
2578 4026 2842 4090 lucidum
2887 4026 3172 4108 quidem·

408 4116 703 4178 concedes
723 4163 741 4191 ,
810 4115 863 4180 si
929 4135 969 4178 a
1030 4115 1163 4179 luce
1226 4135 1425 4180 rerum
1488 4124 1670 4179 noctu
1736 4117 2184 4197 splendentium
2205 4163 2222 4190 ‚
2287 4138 2326 4180 a
2369 4117 2573 4197 specie
2636 4115 2790 4179 lucis
2845 4115 2905 4179 iu
2953 4115 3126 4179 oculo

407 4213 549 4283 post
568 4202 732 4267 Solis
758 4203 1062 4278 intuitum,
1095 4203 1173 4266 ab
1201 4203 1704 4268 illustrationibus
1740 4206 2042 4285 parietum
2079 4207 2308 4269 editam
2347 4206 2540 4268 lucem
2569 4204 2662 4268 vis
2693 4204 3126 4286 argumentari.

550 4293 932 4344 Fabricius:
994 4292 1490 4344 Inclinationes
1545 4303 1661 4344 noir
1698 4293 1761 4344 ab
1799 4296 1972 4348 asts-is.
2029 4293 2120 4347 sed
2169 4295 2233 4346 ab
2267 4295 2388 4358 ipsis
2421 4293 2682 4348 humorum
2719 4291 2800 4344 vel
2834 4293 3128 4360 qualitatum

408 4364 716 4416 internarum
750 4366 1156 4429 temperamentis
1192 4369 1339 4422 sunt,
1377 4378 1507 4430 qnae
1543 4363 1685 4415 Deus
1719 4363 1815 4416 illis
1851 4365 2031 4417 indidit
2064 4367 2116 4416 in
2153 4367 2312 4432 prima
2347 4365 2632 4426 creatione,
2671 4363 2802 4414 sicut
2839 4363 2949 4415 allis
2983 4365 3128 4415 rebus

410 4436 592 4486 creatis
626 4449 747 4486 suas
778 4435 908 4486 vires
943 4441 997 4486 et
1030 4436 1380 4487 inclinationes
1414 4435 1671 4486 naturales
1706 4435 1896 4487 tribuit.

586 4505 995 4586 Keplerus:
1072 4506 1501 4570 Inclinationes
1548 4515 1695 4587 puto
1742 4509 2080 4570 confirmari
2125 4508 2188 4570 in
2234 4507 2368 4587 ipso
2415 4507 2653 4583 animo,
2719 4523 2798 4568 ex
2843 4503 3128 4584 analogia

412 4604 475 4658 et
518 4613 861 4657 commeusu
908 4595 1169 4676 quodam
1215 4593 1477 4658 natalitii
1526 4595 1775 4672 sideris,
1846 4615 1923 4660 ex
1967 4615 2084 4677 quo
2143 4597 2204 4658 in
2250 4597 2452 4659 anima
2504 4596 2786 4658 humores
2850 4603 2916 4658 et
2961 4603 3124 4658 tem-

408 4691 763 4764 peramenta
809 4683 1165 4747 formantur.
1258 4683 1435 4747 Alias
1482 4691 1647 4748 certe
1694 4686 1912 4748 mutari
1961 4685 2278 4748 contrariis
2324 4691 2598 4766 possent.
2691 4682 2937 4747 Malitia
2979 4701 3126 4746 vero

412 4772 674 4844 aliunde,
724 4771 1009 4835 debilitas
1058 4780 1124 4836 et
1168 4772 1459 4836 fortitudo
1506 4791 1583 4834 ex
1629 4774 1819 4836 coelo.
1913 4773 2071 4838 Nam
2118 4773 2178 4836 in
2225 4774 2394 4837 coelo
2439 4793 2560 4836 non
2607 4780 2750 4837 sunt
2795 4773 3014 4836 bonum
3061 4779 3128 4834 et

412 4863 635 4929 malum
666 4861 952 4940 ethicum,
999 4862 1108 4925 sed
1138 4861 1565 4940 harmonicum,
1594 4857 1884 4944 ἁρμοςω,
1931 4862 2258 4946 εὔρυθμον,
2303 4863 2479 4940 forte,
2519 4861 2744 4939 debile,
2791 4861 3124 4946 pulchrum,
