<?xml version="1.0" encoding="UTF-8"?>
<!DOCTYPE html PUBLIC "-//W3C//DTD XHTML 1.0 Transitional//EN"
    "http://www.w3.org/TR/xhtml1/DTD/xhtml1-transitional.dtd">
<html xmlns="http://www.w3.org/1999/xhtml" xml:lang="en" lang="en">
 <head>
  <title>
</title>
<meta http-equiv="Content-Type" content="text/html;charset=utf-8" />
  <meta name='ocr-system' content='tesseract 3.04.00' />
  <meta name='ocr-capabilities' content='ocr_page ocr_carea ocr_par ocr_line ocrx_word'/>
</head>
<body>
  <div class='ocr_page' id='page_1' title='image "./joanniskepleria30frisgoog_0276.png"; bbox 0 0 3634 5575; ppageno 0'>
   <div class='ocr_carea' id='block_1_1' title="bbox 1488 399 3042 495">
    <p class='ocr_par' dir='ltr' id='par_1_1' title="bbox 1488 399 3042 495">
     <span class='ocr_line' id='line_1_1' title="bbox 1488 399 3042 495; baseline -0.002 -20"><span class='ocrx_word' id='word_1_1' title='bbox 1488 431 1663 476; x_wconf 77' lang='lat' dir='ltr'><strong>eontra</strong></span> <span class='ocrx_word' id='word_1_2' title='bbox 1697 425 1892 477; x_wconf 75' lang='lat' dir='ltr'><strong>mmm.</strong></span> <span class='ocrx_word' id='word_1_3' title='bbox 2673 399 2681 403; x_wconf 67' lang='grc'><strong>’</strong></span> <span class='ocrx_word' id='word_1_4' title='bbox 2809 406 2814 411; x_wconf 76' lang='grc'><em>’</em></span> <span class='ocrx_word' id='word_1_5' title='bbox 2915 428 3042 495; x_wconf 78' lang='lat'><strong>257</strong></span> 
     </span>
    </p>
   </div>
   <div class='ocr_carea' id='block_1_2' title="bbox 324 581 3047 1902">
    <p class='ocr_par' dir='ltr' id='par_1_2' title="bbox 324 581 3047 1902">
     <span class='ocr_line' id='line_1_2' title="bbox 324 581 3046 665; baseline 0.003 -22"><span class='ocrx_word' id='word_1_6' title='bbox 324 600 437 644; x_wconf 87' lang='lat' dir='ltr'><strong>nec</strong></span> <span class='ocrx_word' id='word_1_7' title='bbox 490 581 687 661; x_wconf 88' lang='lat' dir='ltr'><strong>ipsum</strong></span> <span class='ocrx_word' id='word_1_8' title='bbox 740 588 969 662; x_wconf 88' lang='lat' dir='ltr'><strong>potest.</strong></span> <span class='ocrx_word' id='word_1_9' title='bbox 1061 582 1221 646; x_wconf 87' lang='lat' dir='ltr'><strong>Nam</strong></span> <span class='ocrx_word' id='word_1_10' title='bbox 1277 582 1367 645; x_wconf 85' lang='lat' dir='ltr'><strong>sic</strong></span> <span class='ocrx_word' id='word_1_11' title='bbox 1422 584 1661 663; x_wconf 89' lang='lat' dir='ltr'><strong>quidem</strong></span> <span class='ocrx_word' id='word_1_12' title='bbox 1718 585 1972 665; x_wconf 87' lang='lat' dir='ltr'><strong>planeta</strong></span> <span class='ocrx_word' id='word_1_13' title='bbox 2024 583 2415 663; x_wconf 80' lang='lat' dir='ltr'><strong>retrogradus</strong></span> <span class='ocrx_word' id='word_1_14' title='bbox 2471 584 2671 662; x_wconf 84' lang='lat' dir='ltr'><strong>fieret,</strong></span> <span class='ocrx_word' id='word_1_15' title='bbox 2740 594 2807 649; x_wconf 90' lang='lat' dir='ltr'><strong>at</strong></span> <span class='ocrx_word' id='word_1_16' title='bbox 2870 586 3046 651; x_wconf 87' lang='lat' dir='ltr'><strong>simul</strong></span> 
     </span>
     <span class='ocr_line' id='line_1_3' title="bbox 326 668 3042 764; baseline 0.003 -33"><span class='ocrx_word' id='word_1_17' title='bbox 326 668 711 733; x_wconf 87' lang='lat' dir='ltr'><strong>latitudinem</strong></span> <span class='ocrx_word' id='word_1_18' title='bbox 775 670 1091 750; x_wconf 87' lang='lat' dir='ltr'><strong>aequalem</strong></span> <span class='ocrx_word' id='word_1_19' title='bbox 1154 672 1425 735; x_wconf 87' lang='lat' dir='ltr'><strong>efficeret</strong></span> <span class='ocrx_word' id='word_1_20' title='bbox 1484 673 2013 764; x_wconf 66' lang='lat' dir='ltr'><strong>retrogradationi.</strong></span> <span class='ocrx_word' id='word_1_21' title='bbox 2117 672 2250 735; x_wconf 89' lang='lat' dir='ltr'><strong>Nec</strong></span> <span class='ocrx_word' id='word_1_22' title='bbox 2314 672 2561 735; x_wconf 89' lang='lat' dir='ltr'><strong>tertium</strong></span> <span class='ocrx_word' id='word_1_23' title='bbox 2617 694 2754 736; x_wconf 88' lang='lat' dir='ltr'><strong>esse</strong></span> <span class='ocrx_word' id='word_1_24' title='bbox 2815 684 3042 755; x_wconf 89' lang='lat' dir='ltr'><strong>potest.</strong></span> 
     </span>
     <span class='ocr_line' id='line_1_4' title="bbox 325 758 3045 844; baseline 0.003 -24"><span class='ocrx_word' id='word_1_25' title='bbox 325 758 487 821; x_wconf 87' lang='lat' dir='ltr'><strong>Nam</strong></span> <span class='ocrx_word' id='word_1_26' title='bbox 540 759 792 839; x_wconf 87' lang='lat' dir='ltr'><strong>planeta</strong></span> <span class='ocrx_word' id='word_1_27' title='bbox 844 759 906 820; x_wconf 89' lang='lat' dir='ltr'><strong>in</strong></span> <span class='ocrx_word' id='word_1_28' title='bbox 962 759 1151 821; x_wconf 88' lang='lat' dir='ltr'><strong>latum</strong></span> <span class='ocrx_word' id='word_1_29' title='bbox 1193 760 1513 824; x_wconf 83' lang='lat' dir='ltr'><strong>veheretur</strong></span> <span class='ocrx_word' id='word_1_30' title='bbox 1560 762 1649 823; x_wconf 89' lang='lat' dir='ltr'><strong>cis</strong></span> <span class='ocrx_word' id='word_1_31' title='bbox 1708 767 1773 822; x_wconf 89' lang='lat' dir='ltr'><strong>et</strong></span> <span class='ocrx_word' id='word_1_32' title='bbox 1816 762 1978 823; x_wconf 83' lang='lat' dir='ltr'><strong>ultra</strong></span> <span class='ocrx_word' id='word_1_33' title='bbox 2023 762 2384 842; x_wconf 75' lang='lat' dir='ltr'>eclipticam.</span> <span class='ocrx_word' id='word_1_34' title='bbox 2476 762 2547 823; x_wconf 91' lang='lat' dir='ltr'><strong>In</strong></span> <span class='ocrx_word' id='word_1_35' title='bbox 2600 762 2696 825; x_wconf 91' lang='lat' dir='ltr'><strong>his</strong></span> <span class='ocrx_word' id='word_1_36' title='bbox 2744 764 3045 844; x_wconf 86' lang='lat' dir='ltr'><strong>angustiis</strong></span> 
     </span>
     <span class='ocr_line' id='line_1_5' title="bbox 328 846 3047 931; baseline 0.003 -23"><span class='ocrx_word' id='word_1_37' title='bbox 328 846 511 909; x_wconf 89' lang='lat' dir='ltr'><strong>aliter</strong></span> <span class='ocrx_word' id='word_1_38' title='bbox 554 853 831 925; x_wconf 75' lang='lat' dir='ltr'><strong>statuere</strong></span> <span class='ocrx_word' id='word_1_39' title='bbox 877 865 999 909; x_wconf 88' lang='lat' dir='ltr'><strong>non</strong></span> <span class='ocrx_word' id='word_1_40' title='bbox 1036 865 1309 927; x_wconf 89' lang='lat' dir='ltr'><strong>possum,</strong></span> <span class='ocrx_word' id='word_1_41' title='bbox 1360 866 1539 929; x_wconf 88' lang='lat' dir='ltr'><strong>quam</strong></span> <span class='ocrx_word' id='word_1_42' title='bbox 1588 850 1747 931; x_wconf 87' lang='lat' dir='ltr'><strong>quod</strong></span> <span class='ocrx_word' id='word_1_43' title='bbox 1794 856 1904 911; x_wconf 86' lang='lat' dir='ltr'><strong>aut</strong></span> <span class='ocrx_word' id='word_1_44' title='bbox 1944 850 2317 912; x_wconf 87' lang='lat' dir='ltr'><strong>Aristoteles</strong></span> <span class='ocrx_word' id='word_1_45' title='bbox 2366 848 2444 911; x_wconf 90' lang='lat' dir='ltr'><strong>ad</strong></span> <span class='ocrx_word' id='word_1_46' title='bbox 2489 848 2724 914; x_wconf 81' lang='lat' dir='ltr'><strong>Eudoxi</strong></span> <span class='ocrx_word' id='word_1_47' title='bbox 2771 851 3047 915; x_wconf 88' lang='lat' dir='ltr'><strong>delinea-</strong></span> 
     </span>
     <span class='ocr_line' id='line_1_6' title="bbox 326 934 3043 1020; baseline 0.002 -23"><span class='ocrx_word' id='word_1_48' title='bbox 326 934 551 997; x_wconf 78' lang='lat' dir='ltr'><strong>tionem</strong></span> <span class='ocrx_word' id='word_1_49' title='bbox 606 935 973 1016; x_wconf 87' lang='lat' dir='ltr'><strong>respicieus,</strong></span> <span class='ocrx_word' id='word_1_50' title='bbox 1042 935 1140 1016; x_wconf 91' lang='lat' dir='ltr'><strong>qui</strong></span> <span class='ocrx_word' id='word_1_51' title='bbox 1198 937 1419 999; x_wconf 89' lang='lat' dir='ltr'><strong>lineam</strong></span> <span class='ocrx_word' id='word_1_52' title='bbox 1484 956 1561 999; x_wconf 89' lang='lat' dir='ltr'><strong>ex</strong></span> <span class='ocrx_word' id='word_1_53' title='bbox 1606 938 1795 999; x_wconf 90' lang='lat' dir='ltr'><strong>Terra</strong></span> <span class='ocrx_word' id='word_1_54' title='bbox 1847 956 1957 1017; x_wconf 87' lang='lat' dir='ltr'><strong>per</strong></span> <span class='ocrx_word' id='word_1_55' title='bbox 2015 946 2224 1000; x_wconf 88' lang='lat' dir='ltr'><strong>centra</strong></span> <span class='ocrx_word' id='word_1_56' title='bbox 2272 938 2673 1020; x_wconf 88' lang='lat' dir='ltr'><strong>epicyclorum</strong></span> <span class='ocrx_word' id='word_1_57' title='bbox 2728 940 3043 1017; x_wconf 80' lang='lat' dir='ltr'>educebat,</span> 
     </span>
     <span class='ocr_line' id='line_1_7' title="bbox 324 1022 3041 1107; baseline 0.003 -24"><span class='ocrx_word' id='word_1_58' title='bbox 324 1022 497 1085; x_wconf 90' lang='lat' dir='ltr'><strong>illam</strong></span> <span class='ocrx_word' id='word_1_59' title='bbox 550 1041 729 1085; x_wconf 85' lang='lat' dir='ltr'><strong>axem</strong></span> <span class='ocrx_word' id='word_1_60' title='bbox 774 1023 1071 1104; x_wconf 75' lang='lat' dir='ltr'><strong>sphaerae</strong></span> <span class='ocrx_word' id='word_1_61' title='bbox 1131 1043 1239 1087; x_wconf 88' lang='lat' dir='ltr'><strong>seu</strong></span> <span class='ocrx_word' id='word_1_62' title='bbox 1285 1024 1537 1107; x_wconf 89' lang='lat' dir='ltr'><strong>epicycli</strong></span> <span class='ocrx_word' id='word_1_63' title='bbox 1584 1025 2050 1100; x_wconf 78' lang='lat' dir='ltr'><strong>existimaverit,</strong></span> <span class='ocrx_word' id='word_1_64' title='bbox 2115 1026 2368 1107; x_wconf 90' lang='lat' dir='ltr'><strong>ideoque</strong></span> <span class='ocrx_word' id='word_1_65' title='bbox 2425 1025 2598 1107; x_wconf 90' lang='lat' dir='ltr'><strong>polos</strong></span> <span class='ocrx_word' id='word_1_66' title='bbox 2644 1026 2754 1089; x_wconf 88' lang='lat' dir='ltr'><strong>illa</strong></span> <span class='ocrx_word' id='word_1_67' title='bbox 2797 1038 3041 1107; x_wconf 91' lang='lat' dir='ltr'><strong>puncta,</strong></span> 
     </span>
     <span class='ocr_line' id='line_1_8' title="bbox 326 1111 3042 1196; baseline 0.003 -23"><span class='ocrx_word' id='word_1_68' title='bbox 326 1111 543 1191; x_wconf 91' lang='lat' dir='ltr'><strong>quibus</strong></span> <span class='ocrx_word' id='word_1_69' title='bbox 588 1111 751 1174; x_wconf 91' lang='lat' dir='ltr'><strong>linea</strong></span> <span class='ocrx_word' id='word_1_70' title='bbox 796 1112 1125 1193; x_wconf 85' lang='lat' dir='ltr'><strong>epicyclum</strong></span> <span class='ocrx_word' id='word_1_71' title='bbox 1164 1115 1446 1189; x_wconf 74' lang='lat' dir='ltr'><strong>secabat:</strong></span> <span class='ocrx_word' id='word_1_72' title='bbox 1493 1122 1601 1175; x_wconf 88' lang='lat' dir='ltr'><strong>aut</strong></span> <span class='ocrx_word' id='word_1_73' title='bbox 1626 1122 1811 1189; x_wconf 88' lang='lat' dir='ltr'><strong>certe,</strong></span> <span class='ocrx_word' id='word_1_74' title='bbox 1863 1114 2004 1195; x_wconf 87' lang='lat' dir='ltr'><strong>quia</strong></span> <span class='ocrx_word' id='word_1_75' title='bbox 2046 1116 2280 1176; x_wconf 88' lang='lat' dir='ltr'><strong>ratione</strong></span> <span class='ocrx_word' id='word_1_76' title='bbox 2311 1114 2516 1193; x_wconf 89' lang='lat' dir='ltr'><strong>optica</strong></span> <span class='ocrx_word' id='word_1_77' title='bbox 2559 1116 2685 1177; x_wconf 88' lang='lat' dir='ltr'><strong>tale</strong></span> <span class='ocrx_word' id='word_1_78' title='bbox 2715 1117 3042 1196; x_wconf 88' lang='lat' dir='ltr'><strong>episphae-</strong></span> 
     </span>
     <span class='ocr_line' id='line_1_9' title="bbox 328 1199 3043 1286; baseline 0.002 -25"><span class='ocrx_word' id='word_1_79' title='bbox 328 1199 461 1263; x_wconf 89' lang='lat' dir='ltr'><strong>riou</strong></span> <span class='ocrx_word' id='word_1_80' title='bbox 508 1200 571 1263; x_wconf 87' lang='lat' dir='ltr'><strong>in</strong></span> <span class='ocrx_word' id='word_1_81' title='bbox 608 1200 777 1280; x_wconf 85' lang='lat' dir='ltr'><strong>justo</strong></span> <span class='ocrx_word' id='word_1_82' title='bbox 824 1200 947 1263; x_wconf 89' lang='lat' dir='ltr'><strong>situ</strong></span> <span class='ocrx_word' id='word_1_83' title='bbox 992 1201 1073 1262; x_wconf 90' lang='lat' dir='ltr'><strong>ad</strong></span> <span class='ocrx_word' id='word_1_84' title='bbox 1116 1202 1361 1281; x_wconf 87' lang='lat' dir='ltr'><strong>planum</strong></span> <span class='ocrx_word' id='word_1_85' title='bbox 1408 1202 1725 1281; x_wconf 85' lang='lat' dir='ltr'><strong>eclipticae</strong></span> <span class='ocrx_word' id='word_1_86' title='bbox 1753 1202 1908 1264; x_wconf 85' lang='lat' dir='ltr'><strong>visui</strong></span> <span class='ocrx_word' id='word_1_87' title='bbox 1935 1202 2514 1282; x_wconf 78' lang='lat' dir='ltr'><strong>perpendiculariter</strong></span> <span class='ocrx_word' id='word_1_88' title='bbox 2544 1203 2846 1282; x_wconf 89' lang='lat' dir='ltr'><strong>objectum</strong></span> <span class='ocrx_word' id='word_1_89' title='bbox 2875 1206 3043 1286; x_wconf 84' lang='lat' dir='ltr'><strong>pingi</strong></span> 
     </span>
     <span class='ocr_line' id='line_1_10' title="bbox 326 1288 3040 1377; baseline 0.002 -28"><span class='ocrx_word' id='word_1_90' title='bbox 326 1288 563 1369; x_wconf 89' lang='lat' dir='ltr'><strong>nequit,</strong></span> <span class='ocrx_word' id='word_1_91' title='bbox 623 1289 761 1368; x_wconf 91' lang='lat' dir='ltr'><strong>quin</strong></span> <span class='ocrx_word' id='word_1_92' title='bbox 804 1289 931 1367; x_wconf 88' lang='lat' dir='ltr'><strong>poli</strong></span> <span class='ocrx_word' id='word_1_93' title='bbox 978 1299 1043 1351; x_wconf 92' lang='lat' dir='ltr'><strong>et</strong></span> <span class='ocrx_word' id='word_1_94' title='bbox 1088 1298 1361 1353; x_wconf 86' lang='lat' dir='ltr'><strong>centrum</strong></span> <span class='ocrx_word' id='word_1_95' title='bbox 1418 1291 1687 1371; x_wconf 84' lang='lat' dir='ltr'><strong>adeoque</strong></span> <span class='ocrx_word' id='word_1_96' title='bbox 1754 1298 1921 1352; x_wconf 87' lang='lat' dir='ltr'><strong>totus</strong></span> <span class='ocrx_word' id='word_1_97' title='bbox 1969 1291 2102 1352; x_wconf 87' lang='lat' dir='ltr'><strong>axis</strong></span> <span class='ocrx_word' id='word_1_98' title='bbox 2149 1291 2221 1377; x_wconf 31' lang='lat' dir='ltr'><strong>in·</strong></span> <span class='ocrx_word' id='word_1_99' title='bbox 2256 1310 2434 1353; x_wconf 89' lang='lat' dir='ltr'><strong>unum</strong></span> <span class='ocrx_word' id='word_1_100' title='bbox 2477 1300 2766 1370; x_wconf 90' lang='lat' dir='ltr'><strong>punctum</strong></span> <span class='ocrx_word' id='word_1_101' title='bbox 2812 1293 3040 1357; x_wconf 90' lang='lat' dir='ltr'><strong>coinci-</strong></span> 
     </span>
     <span class='ocr_line' id='line_1_11' title="bbox 330 1376 3043 1459; baseline 0.003 -22"><span class='ocrx_word' id='word_1_102' title='bbox 330 1378 497 1451; x_wconf 89' lang='lat' dir='ltr'><strong>dant,</strong></span> <span class='ocrx_word' id='word_1_103' title='bbox 548 1376 679 1457; x_wconf 91' lang='lat' dir='ltr'><strong>ipse</strong></span> <span class='ocrx_word' id='word_1_104' title='bbox 728 1378 913 1440; x_wconf 87' lang='lat' dir='ltr'><strong>etiam</strong></span> <span class='ocrx_word' id='word_1_105' title='bbox 938 1378 1313 1440; x_wconf 88' lang='lat' dir='ltr'><strong>Aristoteles</strong></span> <span class='ocrx_word' id='word_1_106' title='bbox 1362 1387 1571 1441; x_wconf 87' lang='lat' dir='ltr'><strong>centra</strong></span> <span class='ocrx_word' id='word_1_107' title='bbox 1616 1386 1681 1440; x_wconf 91' lang='lat' dir='ltr'><strong>et</strong></span> <span class='ocrx_word' id='word_1_108' title='bbox 1724 1379 1898 1459; x_wconf 89' lang='lat' dir='ltr'><strong>polos</strong></span> <span class='ocrx_word' id='word_1_109' title='bbox 1945 1376 2304 1452; x_wconf 84' lang='lat' dir='ltr'><strong>confuderit,</strong></span> <span class='ocrx_word' id='word_1_110' title='bbox 2351 1397 2484 1441; x_wconf 90' lang='lat' dir='ltr'><strong>cum</strong></span> <span class='ocrx_word' id='word_1_111' title='bbox 2519 1380 2774 1451; x_wconf 83' lang='lat' dir='ltr'><strong>videret,</strong></span> <span class='ocrx_word' id='word_1_112' title='bbox 2825 1381 3043 1444; x_wconf 89' lang='lat' dir='ltr'><strong>lineam</strong></span> 
     </span>
     <span class='ocr_line' id='line_1_12' title="bbox 327 1466 3039 1549; baseline 0.003 -23"><span class='ocrx_word' id='word_1_113' title='bbox 327 1484 418 1527; x_wconf 60' lang='lat' dir='ltr'><strong>ex</strong></span> <span class='ocrx_word' id='word_1_114' title='bbox 452 1466 641 1527; x_wconf 89' lang='lat' dir='ltr'><strong>Terra</strong></span> <span class='ocrx_word' id='word_1_115' title='bbox 694 1484 804 1546; x_wconf 91' lang='lat' dir='ltr'><strong>per</strong></span> <span class='ocrx_word' id='word_1_116' title='bbox 860 1466 1111 1549; x_wconf 80' lang='lat' dir='ltr'><strong>epicycli</strong></span> <span class='ocrx_word' id='word_1_117' title='bbox 1170 1476 1441 1529; x_wconf 78' lang='lat' dir='ltr'><strong>centrum</strong></span> <span class='ocrx_word' id='word_1_118' title='bbox 1494 1476 1697 1529; x_wconf 87' lang='lat' dir='ltr'><strong>actam</strong></span> <span class='ocrx_word' id='word_1_119' title='bbox 1754 1468 1813 1529; x_wconf 89' lang='lat' dir='ltr'><strong>in</strong></span> <span class='ocrx_word' id='word_1_120' title='bbox 1870 1467 2212 1547; x_wconf 88' lang='lat' dir='ltr'><strong>eclipticam</strong></span> <span class='ocrx_word' id='word_1_121' title='bbox 2265 1467 2420 1539; x_wconf 81' lang='lat' dir='ltr'><strong>duci.</strong></span> <span class='ocrx_word' id='word_1_122' title='bbox 2513 1468 2726 1547; x_wconf 89' lang='lat' dir='ltr'><strong>Itaque</strong></span> <span class='ocrx_word' id='word_1_123' title='bbox 2793 1470 3039 1545; x_wconf 86' lang='lat' dir='ltr'><strong>factum,</strong></span> 
     </span>
     <span class='ocr_line' id='line_1_13' title="bbox 328 1554 3046 1637; baseline 0.002 -22"><span class='ocrx_word' id='word_1_124' title='bbox 328 1561 399 1615; x_wconf 90' lang='lat' dir='ltr'><strong>ut</strong></span> <span class='ocrx_word' id='word_1_125' title='bbox 444 1554 844 1629; x_wconf 81' lang='lat' dir='ltr'><strong>existimaret,</strong></span> <span class='ocrx_word' id='word_1_126' title='bbox 894 1564 1122 1617; x_wconf 90' lang='lat' dir='ltr'><strong>motum</strong></span> <span class='ocrx_word' id='word_1_127' title='bbox 1169 1555 1469 1634; x_wconf 77' lang='lat' dir='ltr'><strong>sphaerae</strong></span> <span class='ocrx_word' id='word_1_128' title='bbox 1516 1558 1613 1629; x_wconf 90' lang='lat' dir='ltr'><strong>(ut</strong></span> <span class='ocrx_word' id='word_1_129' title='bbox 1658 1555 1711 1617; x_wconf 89' lang='lat' dir='ltr'><strong>is</strong></span> <span class='ocrx_word' id='word_1_130' title='bbox 1744 1556 2093 1637; x_wconf 74' lang='lat' dir='ltr'><strong>‘epicyclum</strong></span> <span class='ocrx_word' id='word_1_131' title='bbox 2139 1556 2438 1636; x_wconf 86' lang='lat' dir='ltr'><strong>appellat)</strong></span> <span class='ocrx_word' id='word_1_132' title='bbox 2488 1576 2622 1617; x_wconf 90' lang='lat' dir='ltr'><strong>esse</strong></span> <span class='ocrx_word' id='word_1_133' title='bbox 2669 1557 2832 1619; x_wconf 88' lang='lat' dir='ltr'><strong>circa</strong></span> <span class='ocrx_word' id='word_1_134' title='bbox 2875 1558 3046 1621; x_wconf 87' lang='lat' dir='ltr'><strong>illam</strong></span> 
     </span>
     <span class='ocr_line' id='line_1_14' title="bbox 330 1642 3041 1723; baseline 0.001 -20"><span class='ocrx_word' id='word_1_135' title='bbox 330 1642 565 1706; x_wconf 89' lang='lat' dir='ltr'><strong>lineam.</strong></span> <span class='ocrx_word' id='word_1_136' title='bbox 657 1643 1045 1705; x_wconf 81' lang='lat' dir='ltr'><strong>Necessitate</strong></span> <span class='ocrx_word' id='word_1_137' title='bbox 1091 1643 1294 1723; x_wconf 88' lang='lat' dir='ltr'><strong>itaque</strong></span> <span class='ocrx_word' id='word_1_138' title='bbox 1343 1645 1550 1707; x_wconf 88' lang='lat' dir='ltr'><strong>adacti</strong></span> <span class='ocrx_word' id='word_1_139' title='bbox 1596 1643 1707 1706; x_wconf 91' lang='lat' dir='ltr'><strong>hoc</strong></span> <span class='ocrx_word' id='word_1_140' title='bbox 1754 1645 1830 1706; x_wconf 92' lang='lat' dir='ltr'><strong>de</strong></span> <span class='ocrx_word' id='word_1_141' title='bbox 1861 1645 2198 1707; x_wconf 86' lang='lat' dir='ltr'><strong>Aristotele</strong></span> <span class='ocrx_word' id='word_1_142' title='bbox 2245 1644 2632 1723; x_wconf 88' lang='lat' dir='ltr'><strong>suspicemur,</strong></span> <span class='ocrx_word' id='word_1_143' title='bbox 2685 1653 2747 1707; x_wconf 88' lang='lat' dir='ltr'><strong>et</strong></span> <span class='ocrx_word' id='word_1_144' title='bbox 2793 1646 2882 1707; x_wconf 89' lang='lat' dir='ltr'><strong>sic</strong></span> <span class='ocrx_word' id='word_1_145' title='bbox 2930 1666 3041 1707; x_wconf 87' lang='lat' dir='ltr'><strong>ex-</strong></span> 
     </span>
     <span class='ocr_line' id='line_1_15' title="bbox 327 1730 3046 1817; baseline 0.001 -24"><span class='ocrx_word' id='word_1_146' title='bbox 327 1731 619 1809; x_wconf 85' lang='lat' dir='ltr'><strong>plicemus</strong></span> <span class='ocrx_word' id='word_1_147' title='bbox 664 1730 1001 1801; x_wconf 84' lang='lat' dir='ltr'><strong>Eudoxum,</strong></span> <span class='ocrx_word' id='word_1_148' title='bbox 1050 1732 1267 1793; x_wconf 78' lang='lat' dir='ltr'><strong>tertiae</strong></span> <span class='ocrx_word' id='word_1_149' title='bbox 1314 1732 1615 1811; x_wconf 83' lang='lat' dir='ltr'><strong>sphaerae</strong></span> <span class='ocrx_word' id='word_1_150' title='bbox 1664 1734 1848 1813; x_wconf 88' lang='lat' dir='ltr'><strong>(quae</strong></span> <span class='ocrx_word' id='word_1_151' title='bbox 1879 1733 2183 1817; x_wconf 85' lang='lat' dir='ltr'><strong>epicyclus</strong></span> <span class='ocrx_word' id='word_1_152' title='bbox 2223 1732 2403 1795; x_wconf 87' lang='lat' dir='ltr'><strong>fuerit</strong></span> <span class='ocrx_word' id='word_1_153' title='bbox 2449 1752 2574 1807; x_wconf 89' lang='lat' dir='ltr'><strong>seu,</strong></span> <span class='ocrx_word' id='word_1_154' title='bbox 2625 1740 2696 1794; x_wconf 88' lang='lat' dir='ltr'><strong>ut</strong></span> <span class='ocrx_word' id='word_1_155' title='bbox 2720 1732 3046 1796; x_wconf 85' lang='lat' dir='ltr'><strong>Aristoteli</strong></span> 
     </span>
     <span class='ocr_line' id='line_1_16' title="bbox 326 1819 3044 1902; baseline 0.001 -21"><span class='ocrx_word' id='word_1_156' title='bbox 326 1820 696 1899; x_wconf 85' lang='lat' dir='ltr'><strong>placeamus,</strong></span> <span class='ocrx_word' id='word_1_157' title='bbox 746 1819 1217 1901; x_wconf 88' lang='lat' dir='ltr'><strong>episphaerium)</strong></span> <span class='ocrx_word' id='word_1_158' title='bbox 1266 1830 1534 1883; x_wconf 86' lang='lat' dir='ltr'><strong>centrum</strong></span> <span class='ocrx_word' id='word_1_159' title='bbox 1582 1830 1647 1883; x_wconf 89' lang='lat' dir='ltr'><strong>et</strong></span> <span class='ocrx_word' id='word_1_160' title='bbox 1710 1822 1952 1901; x_wconf 89' lang='lat' dir='ltr'><strong>planum</strong></span> <span class='ocrx_word' id='word_1_161' title='bbox 2006 1821 2269 1883; x_wconf 90' lang='lat' dir='ltr'><strong>medium</strong></span> <span class='ocrx_word' id='word_1_162' title='bbox 2328 1822 2388 1882; x_wconf 90' lang='lat' dir='ltr'><strong>in</strong></span> <span class='ocrx_word' id='word_1_163' title='bbox 2435 1821 2680 1900; x_wconf 88' lang='lat' dir='ltr'><strong>planum</strong></span> <span class='ocrx_word' id='word_1_164' title='bbox 2726 1822 3044 1902; x_wconf 75' lang='lat' dir='ltr'><strong>eclipticas</strong></span> 
     </span>
    </p>
   </div>
   <div class='ocr_carea' id='block_1_3' title="bbox 310 1908 3044 1991">
    <p class='ocr_par' dir='ltr' id='par_1_3' title="bbox 310 1908 3044 1991">
     <span class='ocr_line' id='line_1_17' title="bbox 310 1908 3044 1991; baseline 0.001 -22"><span class='ocrx_word' id='word_1_165' title='bbox 310 1908 745 1988; x_wconf 76' lang='lat' dir='ltr'><strong>competiisse,</strong></span> <span class='ocrx_word' id='word_1_166' title='bbox 811 1916 878 1969; x_wconf 89' lang='lat' dir='ltr'><strong>ut</strong></span> <span class='ocrx_word' id='word_1_167' title='bbox 923 1908 1117 1971; x_wconf 87' lang='lat' dir='ltr'><strong>lineae</strong></span> <span class='ocrx_word' id='word_1_168' title='bbox 1164 1927 1243 1971; x_wconf 86' lang='lat' dir='ltr'><strong>ex</strong></span> <span class='ocrx_word' id='word_1_169' title='bbox 1288 1910 1479 1973; x_wconf 88' lang='lat' dir='ltr'><strong>Terra</strong></span> <span class='ocrx_word' id='word_1_170' title='bbox 1520 1927 1632 1991; x_wconf 67' lang='lat' dir='ltr'><strong>per</strong></span> <span class='ocrx_word' id='word_1_171' title='bbox 1677 1918 1947 1971; x_wconf 86' lang='lat' dir='ltr'><strong>centrum</strong></span> <span class='ocrx_word' id='word_1_172' title='bbox 2004 1909 2182 1989; x_wconf 89' lang='lat' dir='ltr'><strong>hujus</strong></span> <span class='ocrx_word' id='word_1_173' title='bbox 2229 1910 2481 1991; x_wconf 83' lang='lat' dir='ltr'><strong>epicycli</strong></span> <span class='ocrx_word' id='word_1_174' title='bbox 2531 1910 2758 1990; x_wconf 89' lang='lat' dir='ltr'><strong>ejectae</strong></span> <span class='ocrx_word' id='word_1_175' title='bbox 2805 1910 2866 1972; x_wconf 90' lang='lat' dir='ltr'><strong>in</strong></span> <span class='ocrx_word' id='word_1_176' title='bbox 2915 1911 3044 1973; x_wconf 90' lang='lat' dir='ltr'><strong>sin-</strong></span> 
     </span>
    </p>
   </div>
   <div class='ocr_carea' id='block_1_4' title="bbox 328 1995 3055 4732">
    <p class='ocr_par' dir='ltr' id='par_1_4' title="bbox 328 1995 3050 2590">
     <span class='ocr_line' id='line_1_18' title="bbox 330 1995 3048 2077; baseline 0.001 -19"><span class='ocrx_word' id='word_1_177' title='bbox 330 1996 490 2075; x_wconf 80' lang='lat' dir='ltr'><strong>gulis</strong></span> <span class='ocrx_word' id='word_1_178' title='bbox 540 1996 807 2077; x_wconf 86' lang='lat' dir='ltr'><strong>planetis</strong></span> <span class='ocrx_word' id='word_1_179' title='bbox 868 1995 1143 2077; x_wconf 80' lang='lat' dir='ltr'><strong>singulae</strong></span> <span class='ocrx_word' id='word_1_180' title='bbox 1192 1998 1441 2073; x_wconf 82' lang='lat' dir='ltr'><strong>fuerint,</strong></span> <span class='ocrx_word' id='word_1_181' title='bbox 1510 1997 1571 2061; x_wconf 90' lang='lat' dir='ltr'><strong>in</strong></span> <span class='ocrx_word' id='word_1_182' title='bbox 1632 1997 1683 2072; x_wconf 77' lang='grc' dir='ltr'>ῼ</span> <span class='ocrx_word' id='word_1_183' title='bbox 1740 2017 1884 2059; x_wconf 90' lang='lat' dir='ltr'><strong>vero</strong></span> <span class='ocrx_word' id='word_1_184' title='bbox 1939 2003 2006 2058; x_wconf 87' lang='lat' dir='ltr'><strong>et</strong></span> <span class='ocrx_word' id='word_1_185' title='bbox 2049 2000 2094 2075; x_wconf 70' lang='grc' dir='ltr'><strong>ζξ</strong></span> <span class='ocrx_word' id='word_1_186' title='bbox 2149 1997 2541 2060; x_wconf 89' lang='lat' dir='ltr'><strong>coinciderint</strong></span> <span class='ocrx_word' id='word_1_187' title='bbox 2595 2007 2659 2060; x_wconf 92' lang='lat' dir='ltr'><strong>et</strong></span> <span class='ocrx_word' id='word_1_188' title='bbox 2711 2018 2832 2060; x_wconf 91' lang='lat' dir='ltr'><strong>una</strong></span> <span class='ocrx_word' id='word_1_189' title='bbox 2886 1998 3048 2061; x_wconf 87' lang='lat' dir='ltr'><strong>linea</strong></span> 
     </span>
     <span class='ocr_line' id='line_1_19' title="bbox 334 2084 3049 2167; baseline 0.001 -22"><span class='ocrx_word' id='word_1_190' title='bbox 334 2084 577 2147; x_wconf 85' lang='lat' dir='ltr'><strong>fuerint.</strong></span> <span class='ocrx_word' id='word_1_191' title='bbox 672 2086 741 2147; x_wconf 92' lang='lat' dir='ltr'><strong>In</strong></span> <span class='ocrx_word' id='word_1_192' title='bbox 788 2084 903 2147; x_wconf 87' lang='lat' dir='ltr'><strong>hac</strong></span> <span class='ocrx_word' id='word_1_193' title='bbox 948 2104 1091 2147; x_wconf 86' lang='lat' dir='ltr'><strong>vero</strong></span> <span class='ocrx_word' id='word_1_194' title='bbox 1136 2086 1322 2148; x_wconf 84' lang='lat' dir='ltr'><strong>tertia</strong></span> <span class='ocrx_word' id='word_1_195' title='bbox 1368 2086 1527 2149; x_wconf 87' lang='lat' dir='ltr'><strong>alind</strong></span> <span class='ocrx_word' id='word_1_196' title='bbox 1576 2087 2018 2167; x_wconf 86' lang='lat' dir='ltr'><strong>episphaerium</strong></span> <span class='ocrx_word' id='word_1_197' title='bbox 2047 2086 2236 2148; x_wconf 81' lang='lat' dir='ltr'><strong>fuisse</strong></span> <span class='ocrx_word' id='word_1_198' title='bbox 2265 2086 2678 2161; x_wconf 85' lang='lat' dir='ltr'><strong>constitutum,</strong></span> <span class='ocrx_word' id='word_1_199' title='bbox 2729 2088 2895 2167; x_wconf 86' lang='lat' dir='ltr'><strong>cujus</strong></span> <span class='ocrx_word' id='word_1_200' title='bbox 2922 2088 3049 2167; x_wconf 90' lang='lat' dir='ltr'><strong>poli</strong></span> 
     </span>
     <span class='ocr_line' id='line_1_20' title="bbox 330 2172 3044 2255; baseline 0.001 -20"><span class='ocrx_word' id='word_1_201' title='bbox 330 2194 369 2235; x_wconf 88' lang='lat' dir='ltr'><strong>a</strong></span> <span class='ocrx_word' id='word_1_202' title='bbox 426 2173 585 2254; x_wconf 86' lang='lat' dir='ltr'><strong>polis</strong></span> <span class='ocrx_word' id='word_1_203' title='bbox 641 2172 865 2235; x_wconf 80' lang='lat' dir='ltr'><strong>tertiae</strong></span> <span class='ocrx_word' id='word_1_204' title='bbox 922 2174 1283 2236; x_wconf 83' lang='lat' dir='ltr'><strong>declinarint</strong></span> <span class='ocrx_word' id='word_1_205' title='bbox 1344 2182 1515 2237; x_wconf 82' lang='lat' dir='ltr'><strong>tanto</strong></span> <span class='ocrx_word' id='word_1_206' title='bbox 1576 2175 1805 2255; x_wconf 84' lang='lat' dir='ltr'><strong>spatio,</strong></span> <span class='ocrx_word' id='word_1_207' title='bbox 1875 2181 2160 2255; x_wconf 87' lang='lat' dir='ltr'><strong>quantum</strong></span> <span class='ocrx_word' id='word_1_208' title='bbox 2207 2174 2548 2237; x_wconf 84' lang='lat' dir='ltr'><strong>sufficiebat</strong></span> <span class='ocrx_word' id='word_1_209' title='bbox 2604 2174 3044 2238; x_wconf 81' lang='lat' dir='ltr'><strong>latitudinibus.</strong></span> 
     </span>
     <span class='ocr_line' id='line_1_21' title="bbox 328 2260 3050 2343; baseline 0.001 -22"><span class='ocrx_word' id='word_1_210' title='bbox 328 2260 417 2323; x_wconf 89' lang='lat' dir='ltr'><strong>Et</strong></span> <span class='ocrx_word' id='word_1_211' title='bbox 472 2261 669 2343; x_wconf 86' lang='lat' dir='ltr'><strong>quarti</strong></span> <span class='ocrx_word' id='word_1_212' title='bbox 728 2260 967 2341; x_wconf 88' lang='lat' dir='ltr'><strong>quidem</strong></span> <span class='ocrx_word' id='word_1_213' title='bbox 1002 2270 1193 2325; x_wconf 83' lang='lat' dir='ltr'><strong>motu</strong></span> <span class='ocrx_word' id='word_1_214' title='bbox 1252 2262 1316 2323; x_wconf 90' lang='lat' dir='ltr'><strong>in</strong></span> <span class='ocrx_word' id='word_1_215' title='bbox 1372 2264 1803 2343; x_wconf 87' lang='lat' dir='ltr'><strong>consequentia</strong></span> <span class='ocrx_word' id='word_1_216' title='bbox 1855 2264 2163 2343; x_wconf 79' lang='lat' dir='ltr'><strong>planetam</strong></span> <span class='ocrx_word' id='word_1_217' title='bbox 2226 2270 2292 2324; x_wconf 91' lang='lat' dir='ltr'><strong>et</strong></span> <span class='ocrx_word' id='word_1_218' title='bbox 2349 2264 2409 2325; x_wconf 92' lang='lat' dir='ltr'><strong>in</strong></span> <span class='ocrx_word' id='word_1_219' title='bbox 2470 2263 2658 2324; x_wconf 91' lang='lat' dir='ltr'><strong>latum</strong></span> <span class='ocrx_word' id='word_1_220' title='bbox 2703 2263 2938 2343; x_wconf 83' lang='lat' dir='ltr'><strong>digredi</strong></span> <span class='ocrx_word' id='word_1_221' title='bbox 2983 2272 3050 2325; x_wconf 90' lang='lat' dir='ltr'><strong>et</strong></span> 
     </span>
     <span class='ocr_line' id='line_1_22' title="bbox 332 2350 3050 2432; baseline 0.002 -24"><span class='ocrx_word' id='word_1_222' title='bbox 332 2351 755 2430; x_wconf 88' lang='lat' dir='ltr'><strong>retrogradum</strong></span> <span class='ocrx_word' id='word_1_223' title='bbox 800 2350 861 2412; x_wconf 89' lang='lat' dir='ltr'><strong>in</strong></span> <span class='ocrx_word' id='word_1_224' title='bbox 908 2351 1027 2414; x_wconf 90' lang='lat' dir='ltr'><strong>imo</strong></span> <span class='ocrx_word' id='word_1_225' title='bbox 1074 2350 1326 2432; x_wconf 78' lang='lat' dir='ltr'><strong>epicycli</strong></span> <span class='ocrx_word' id='word_1_226' title='bbox 1372 2352 1525 2426; x_wconf 85' lang='lat' dir='ltr'><strong>fieri,</strong></span> <span class='ocrx_word' id='word_1_227' title='bbox 1592 2350 1757 2413; x_wconf 90' lang='lat' dir='ltr'><strong>tertii</strong></span> <span class='ocrx_word' id='word_1_228' title='bbox 1802 2358 1946 2412; x_wconf 74' lang='lat' dir='ltr'><strong>vero</strong></span> <span class='ocrx_word' id='word_1_229' title='bbox 1994 2359 2158 2414; x_wconf 89' lang='lat' dir='ltr'><strong>motu</strong></span> <span class='ocrx_word' id='word_1_230' title='bbox 2205 2351 2268 2413; x_wconf 92' lang='lat' dir='ltr'><strong>id</strong></span> <span class='ocrx_word' id='word_1_231' title='bbox 2313 2350 2497 2431; x_wconf 82' lang='lat' dir='ltr'><strong>effici,</strong></span> <span class='ocrx_word' id='word_1_232' title='bbox 2561 2357 2629 2412; x_wconf 90' lang='lat' dir='ltr'><strong>ut</strong></span> <span class='ocrx_word' id='word_1_233' title='bbox 2671 2351 2922 2431; x_wconf 89' lang='lat' dir='ltr'><strong>planeta</strong></span> <span class='ocrx_word' id='word_1_234' title='bbox 2968 2352 3050 2414; x_wconf 89' lang='lat' dir='ltr'><strong>sit</strong></span> 
     </span>
     <span class='ocr_line' id='line_1_23' title="bbox 332 2437 3047 2521; baseline 0.001 -22"><span class='ocrx_word' id='word_1_235' title='bbox 332 2438 393 2499; x_wconf 91' lang='lat' dir='ltr'><strong>in</strong></span> <span class='ocrx_word' id='word_1_236' title='bbox 439 2437 703 2501; x_wconf 87' lang='lat' dir='ltr'><strong>maxima</strong></span> <span class='ocrx_word' id='word_1_237' title='bbox 748 2438 1102 2514; x_wconf 88' lang='lat' dir='ltr'><strong>latitudine,</strong></span> <span class='ocrx_word' id='word_1_238' title='bbox 1153 2440 1285 2519; x_wconf 87' lang='lat' dir='ltr'><strong>jam</strong></span> <span class='ocrx_word' id='word_1_239' title='bbox 1330 2440 1489 2520; x_wconf 89' lang='lat' dir='ltr'><strong>apud</strong></span> <span class='ocrx_word' id='word_1_240' title='bbox 1536 2438 1771 2514; x_wconf 88' lang='lat' dir='ltr'><strong>Solem,</strong></span> <span class='ocrx_word' id='word_1_241' title='bbox 1817 2440 1948 2520; x_wconf 90' lang='lat' dir='ltr'><strong>jam</strong></span> <span class='ocrx_word' id='word_1_242' title='bbox 1992 2440 2055 2503; x_wconf 90' lang='lat' dir='ltr'><strong>in</strong></span> <span class='ocrx_word' id='word_1_243' title='bbox 2102 2440 2234 2520; x_wconf 85' lang='lat' dir='ltr'><strong>ejus</strong></span> <span class='ocrx_word' id='word_1_244' title='bbox 2281 2440 2590 2521; x_wconf 87' lang='lat' dir='ltr'><strong>opposito,</strong></span> <span class='ocrx_word' id='word_1_245' title='bbox 2629 2440 2758 2519; x_wconf 89' lang='lat' dir='ltr'><strong>jam</strong></span> <span class='ocrx_word' id='word_1_246' title='bbox 2801 2440 2865 2502; x_wconf 90' lang='lat' dir='ltr'><strong>in</strong></span> <span class='ocrx_word' id='word_1_247' title='bbox 2897 2445 3047 2503; x_wconf 76' lang='lat' dir='ltr'><strong>&#39;sta-</strong></span> 
     </span>
     <span class='ocr_line' id='line_1_24' title="bbox 333 2527 753 2590; baseline 0 -1"><span class='ocrx_word' id='word_1_248' title='bbox 333 2527 598 2590; x_wconf 87' lang='lat' dir='ltr'><strong>tionibus</strong></span> <span class='ocrx_word' id='word_1_249' title='bbox 644 2528 753 2589; x_wconf 68' lang='grc' dir='ltr'><strong>ἔω.</strong></span> 
     </span>
    </p>

    <p class='ocr_par' dir='ltr' id='par_1_5' title="bbox 332 2613 3054 4024">
     <span class='ocr_line' id='line_1_25' title="bbox 510 2613 3048 2696; baseline -0 -17"><span class='ocrx_word' id='word_1_250' title='bbox 510 2614 797 2696; x_wconf 83' lang='lat' dir='ltr'><strong>Sequitur</strong></span> <span class='ocrx_word' id='word_1_251' title='bbox 840 2615 901 2676; x_wconf 91' lang='lat' dir='ltr'><strong>in</strong></span> <span class='ocrx_word' id='word_1_252' title='bbox 930 2615 1299 2678; x_wconf 86' lang='lat' dir='ltr'><strong>Aristotele:</strong></span> <span class='ocrx_word' id='word_1_253' title='bbox 1348 2613 1685 2696; x_wconf 88' lang='lat' dir='ltr'><strong>„Calippus</strong></span> <span class='ocrx_word' id='word_1_254' title='bbox 1732 2620 1932 2677; x_wconf 89' lang='lat' dir='ltr'><strong>autem</strong></span> <span class='ocrx_word' id='word_1_255' title='bbox 1980 2614 2342 2695; x_wconf 88' lang='lat' dir='ltr'><strong>positionem</strong></span> <span class='ocrx_word' id='word_1_256' title='bbox 2388 2614 2626 2695; x_wconf 88' lang='lat' dir='ltr'><strong>quidem</strong></span> <span class='ocrx_word' id='word_1_257' title='bbox 2657 2615 3048 2695; x_wconf 85' lang='lat' dir='ltr'><strong>sphaerarum</strong></span> 
     </span>
     <span class='ocr_line' id='line_1_26' title="bbox 336 2702 3048 2784; baseline 0.001 -19"><span class='ocrx_word' id='word_1_258' title='bbox 336 2705 589 2767; x_wconf 88' lang='lat' dir='ltr'><strong>eandem</strong></span> <span class='ocrx_word' id='word_1_259' title='bbox 634 2723 767 2766; x_wconf 90' lang='lat' dir='ltr'><strong>cum</strong></span> <span class='ocrx_word' id='word_1_260' title='bbox 812 2702 1067 2766; x_wconf 87' lang='lat' dir='ltr'><strong>Eudoxo</strong></span> <span class='ocrx_word' id='word_1_261' title='bbox 1113 2704 1333 2782; x_wconf 88' lang='lat' dir='ltr'><strong>posuit,</strong></span> <span class='ocrx_word' id='word_1_262' title='bbox 1384 2713 1511 2765; x_wconf 88' lang='lat' dir='ltr'><strong>tum</strong></span> <span class='ocrx_word' id='word_1_263' title='bbox 1556 2708 1621 2767; x_wconf 85' lang='lat' dir='ltr'><strong>et</strong></span> <span class='ocrx_word' id='word_1_264' title='bbox 1668 2704 1992 2766; x_wconf 87' lang='lat' dir='ltr'><strong>intervalla</strong></span> <span class='ocrx_word' id='word_1_265' title='bbox 2035 2702 2278 2765; x_wconf 86' lang='lat' dir='ltr'><strong>eadem:</strong></span> <span class='ocrx_word' id='word_1_266' title='bbox 2333 2720 2514 2782; x_wconf 88' lang='lat' dir='ltr'><strong>porro</strong></span> <span class='ocrx_word' id='word_1_267' title='bbox 2561 2703 2635 2775; x_wconf 88' lang='lat' dir='ltr'><strong>ei,</strong></span> <span class='ocrx_word' id='word_1_268' title='bbox 2685 2721 2838 2784; x_wconf 89' lang='lat' dir='ltr'><strong>quae</strong></span> <span class='ocrx_word' id='word_1_269' title='bbox 2874 2703 3048 2767; x_wconf 84' lang='lat' dir='ltr'><strong>Jovis</strong></span> 
     </span>
     <span class='ocr_line' id='line_1_27' title="bbox 336 2791 3049 2874; baseline -0 -18"><span class='ocrx_word' id='word_1_270' title='bbox 336 2802 399 2856; x_wconf 87' lang='lat' dir='ltr'><strong>et</strong></span> <span class='ocrx_word' id='word_1_271' title='bbox 460 2813 615 2874; x_wconf 90' lang='lat' dir='ltr'><strong>quae</strong></span> <span class='ocrx_word' id='word_1_272' title='bbox 673 2793 950 2865; x_wconf 86' lang='lat' dir='ltr'><strong>Saturni,</strong></span> <span class='ocrx_word' id='word_1_273' title='bbox 1016 2793 1285 2855; x_wconf 86' lang='lat' dir='ltr'><strong>eandem.</strong></span> <span class='ocrx_word' id='word_1_274' title='bbox 1324 2793 1716 2872; x_wconf 85' lang='lat' dir='ltr'><strong>sphaerarum</strong></span> <span class='ocrx_word' id='word_1_275' title='bbox 1778 2792 2222 2856; x_wconf 87' lang='lat' dir='ltr'><strong>multitudinem</strong></span> <span class='ocrx_word' id='word_1_276' title='bbox 2286 2791 2750 2872; x_wconf 85' lang='lat' dir='ltr'><strong>(quantitatem)</strong></span> <span class='ocrx_word' id='word_1_277' title='bbox 2815 2793 3049 2857; x_wconf 87' lang='lat' dir='ltr'><strong>dedit.“</strong></span> 
     </span>
     <span class='ocr_line' id='line_1_28' title="bbox 336 2879 3046 2962; baseline 0 -18"><span class='ocrx_word' id='word_1_278' title='bbox 336 2883 406 2944; x_wconf 89' lang='lat' dir='ltr'><strong>In</strong></span> <span class='ocrx_word' id='word_1_279' title='bbox 452 2879 495 2962; x_wconf 73' lang='lat' dir='ltr'><strong>ij</strong></span> <span class='ocrx_word' id='word_1_280' title='bbox 542 2889 607 2944; x_wconf 86' lang='lat' dir='ltr'><strong>et</strong></span> <span class='ocrx_word' id='word_1_281' title='bbox 650 2881 713 2956; x_wconf 69' lang='lat' dir='ltr'><strong>‘ll</strong></span> <span class='ocrx_word' id='word_1_282' title='bbox 754 2881 997 2962; x_wconf 90' lang='lat' dir='ltr'><strong>penitus</strong></span> <span class='ocrx_word' id='word_1_283' title='bbox 1042 2880 1193 2945; x_wconf 90' lang='lat' dir='ltr'><strong>nihil</strong></span> <span class='ocrx_word' id='word_1_284' title='bbox 1236 2881 1512 2956; x_wconf 88' lang='lat' dir='ltr'><strong>mutavit,</strong></span> <span class='ocrx_word' id='word_1_285' title='bbox 1561 2901 1703 2944; x_wconf 85' lang='lat' dir='ltr'><strong>nam</strong></span> <span class='ocrx_word' id='word_1_286' title='bbox 1748 2881 2217 2962; x_wconf 77' lang='lat' dir='ltr'><strong>inaequalitates</strong></span> <span class='ocrx_word' id='word_1_287' title='bbox 2257 2899 2462 2944; x_wconf 89' lang='lat' dir='ltr'><strong>eorum</strong></span> <span class='ocrx_word' id='word_1_288' title='bbox 2506 2901 2694 2944; x_wconf 89' lang='lat' dir='ltr'><strong>causa</strong></span> <span class='ocrx_word' id='word_1_289' title='bbox 2739 2882 2833 2944; x_wconf 90' lang='lat' dir='ltr'><strong>sui</strong></span> <span class='ocrx_word' id='word_1_290' title='bbox 2862 2883 3046 2958; x_wconf 89' lang='lat' dir='ltr'><strong>orbis,</strong></span> 
     </span>
     <span class='ocr_line' id='line_1_29' title="bbox 333 2969 3048 3051; baseline -0 -18"><span class='ocrx_word' id='word_1_291' title='bbox 333 2979 579 3051; x_wconf 88' lang='lat' dir='ltr'><strong>propter</strong></span> <span class='ocrx_word' id='word_1_292' title='bbox 616 2971 854 3038; x_wconf 88' lang='lat' dir='ltr'><strong>tardum</strong></span> <span class='ocrx_word' id='word_1_293' title='bbox 900 2988 1101 3032; x_wconf 87' lang='lat' dir='ltr'><strong>eorum</strong></span> <span class='ocrx_word' id='word_1_294' title='bbox 1148 2970 1425 3047; x_wconf 88' lang='lat' dir='ltr'><strong>reditum,</strong></span> <span class='ocrx_word' id='word_1_295' title='bbox 1476 2989 1589 3032; x_wconf 90' lang='lat' dir='ltr'><strong>nec</strong></span> <span class='ocrx_word' id='word_1_296' title='bbox 1632 2971 1764 3051; x_wconf 89' lang='lat' dir='ltr'><strong>ipse</strong></span> <span class='ocrx_word' id='word_1_297' title='bbox 1812 2969 2070 3051; x_wconf 90' lang='lat' dir='ltr'><strong>quidem,</strong></span> <span class='ocrx_word' id='word_1_298' title='bbox 2120 2971 2389 3050; x_wconf 87' lang='lat' dir='ltr'><strong>quamvis</strong></span> <span class='ocrx_word' id='word_1_299' title='bbox 2436 2971 2810 3051; x_wconf 85' lang='lat' dir='ltr'><strong>professione</strong></span> <span class='ocrx_word' id='word_1_300' title='bbox 2841 2979 3048 3032; x_wconf 84' lang='lat' dir='ltr'><strong>astro-</strong></span> 
     </span>
     <span class='ocr_line' id='line_1_30' title="bbox 336 3057 3046 3139; baseline 0 -19"><span class='ocrx_word' id='word_1_301' title='bbox 336 3077 565 3134; x_wconf 91' lang='lat' dir='ltr'><strong>nomus,</strong></span> <span class='ocrx_word' id='word_1_302' title='bbox 618 3057 1097 3120; x_wconf 87' lang='lat' dir='ltr'><strong>animadvertere</strong></span> <span class='ocrx_word' id='word_1_303' title='bbox 1142 3066 1405 3138; x_wconf 88' lang='lat' dir='ltr'><strong>poterat.</strong></span> <span class='ocrx_word' id='word_1_304' title='bbox 1497 3058 1675 3135; x_wconf 88' lang='lat' dir='ltr'><strong>„Soli</strong></span> <span class='ocrx_word' id='word_1_305' title='bbox 1720 3077 1864 3120; x_wconf 86' lang='lat' dir='ltr'><strong>vero</strong></span> <span class='ocrx_word' id='word_1_306' title='bbox 1911 3067 1974 3121; x_wconf 91' lang='lat' dir='ltr'><strong>et</strong></span> <span class='ocrx_word' id='word_1_307' title='bbox 2009 3059 2220 3120; x_wconf 89' lang='lat' dir='ltr'><strong>Lunae</strong></span> <span class='ocrx_word' id='word_1_308' title='bbox 2269 3059 2418 3120; x_wconf 88' lang='lat' dir='ltr'><strong>duas</strong></span> <span class='ocrx_word' id='word_1_309' title='bbox 2465 3059 2711 3137; x_wconf 88' lang='lat' dir='ltr'><strong>insuper</strong></span> <span class='ocrx_word' id='word_1_310' title='bbox 2755 3059 3046 3139; x_wconf 82' lang='lat' dir='ltr'><strong>adjicien-</strong></span> 
     </span>
     <span class='ocr_line' id='line_1_31' title="bbox 336 3145 3048 3228; baseline -0 -18"><span class='ocrx_word' id='word_1_311' title='bbox 336 3147 449 3210; x_wconf 86' lang='lat' dir='ltr'><strong>das</strong></span> <span class='ocrx_word' id='word_1_312' title='bbox 495 3146 897 3222; x_wconf 85' lang='lat' dir='ltr'><strong>existimavit,</strong></span> <span class='ocrx_word' id='word_1_313' title='bbox 946 3145 1000 3206; x_wconf 89' lang='lat' dir='ltr'><strong>si</strong></span> <span class='ocrx_word' id='word_1_314' title='bbox 1046 3147 1179 3225; x_wconf 88' lang='lat' dir='ltr'><strong>quis</strong></span> <span class='ocrx_word' id='word_1_315' title='bbox 1224 3153 1541 3227; x_wconf 86' lang='lat' dir='ltr'><strong>praestare</strong></span> <span class='ocrx_word' id='word_1_316' title='bbox 1588 3149 1796 3222; x_wconf 90' lang='lat' dir='ltr'><strong>debet,</strong></span> <span class='ocrx_word' id='word_1_317' title='bbox 1847 3165 2000 3228; x_wconf 92' lang='lat' dir='ltr'><strong>quae</strong></span> <span class='ocrx_word' id='word_1_318' title='bbox 2048 3153 2377 3227; x_wconf 86' lang='lat' dir='ltr'><strong>apparent:</strong></span> <span class='ocrx_word' id='word_1_319' title='bbox 2428 3147 2672 3226; x_wconf 88' lang='lat' dir='ltr'><strong>reliquis</strong></span> <span class='ocrx_word' id='word_1_320' title='bbox 2721 3166 2862 3209; x_wconf 87' lang='lat' dir='ltr'><strong>vero</strong></span> <span class='ocrx_word' id='word_1_321' title='bbox 2908 3149 3048 3228; x_wconf 89' lang='lat' dir='ltr'><strong>pla-</strong></span> 
     </span>
     <span class='ocr_line' id='line_1_32' title="bbox 336 3233 3049 3316; baseline 0 -18"><span class='ocrx_word' id='word_1_322' title='bbox 336 3237 501 3298; x_wconf 82' lang='lat' dir='ltr'><strong>netis</strong></span> <span class='ocrx_word' id='word_1_323' title='bbox 542 3235 859 3316; x_wconf 90' lang='lat' dir='ltr'><strong>unicuique</strong></span> <span class='ocrx_word' id='word_1_324' title='bbox 904 3235 1151 3298; x_wconf 89' lang='lat' dir='ltr'><strong>unam.“</strong></span> <span class='ocrx_word' id='word_1_325' title='bbox 1244 3233 1535 3316; x_wconf 85' lang='lat' dir='ltr'><strong>Oalippus</strong></span> <span class='ocrx_word' id='word_1_326' title='bbox 1583 3255 1697 3298; x_wconf 88' lang='lat' dir='ltr'><strong>non</strong></span> <span class='ocrx_word' id='word_1_327' title='bbox 1745 3235 2235 3316; x_wconf 89' lang='lat' dir='ltr'><strong>philosophorum</strong></span> <span class='ocrx_word' id='word_1_328' title='bbox 2292 3235 2470 3297; x_wconf 89' lang='lat' dir='ltr'><strong>alicui</strong></span> <span class='ocrx_word' id='word_1_329' title='bbox 2516 3244 2722 3297; x_wconf 88' lang='lat' dir='ltr'><strong>sectae</strong></span> <span class='ocrx_word' id='word_1_330' title='bbox 2771 3236 3049 3298; x_wconf 89' lang='lat' dir='ltr'><strong>addictus</strong></span> 
     </span>
     <span class='ocr_line' id='line_1_33' title="bbox 336 3323 3048 3410; baseline 0 -24"><span class='ocrx_word' id='word_1_331' title='bbox 336 3325 485 3398; x_wconf 83' lang='lat' dir='ltr'><strong>(non</strong></span> <span class='ocrx_word' id='word_1_332' title='bbox 530 3332 878 3386; x_wconf 87' lang='lat' dir='ltr'><strong>recensetur</strong></span> <span class='ocrx_word' id='word_1_333' title='bbox 926 3323 1083 3385; x_wconf 88' lang='lat' dir='ltr'><strong>euim</strong></span> <span class='ocrx_word' id='word_1_334' title='bbox 1128 3344 1167 3386; x_wconf 88' lang='lat' dir='ltr'><strong>a</strong></span> <span class='ocrx_word' id='word_1_335' title='bbox 1212 3324 1465 3385; x_wconf 67' lang='lat' dir='ltr'><strong>Laertio</strong></span> <span class='ocrx_word' id='word_1_336' title='bbox 1512 3324 1671 3387; x_wconf 88' lang='lat' dir='ltr'><strong>inter</strong></span> <span class='ocrx_word' id='word_1_337' title='bbox 1713 3324 2166 3405; x_wconf 89' lang='lat' dir='ltr'><strong>philosophos),</strong></span> <span class='ocrx_word' id='word_1_338' title='bbox 2225 3324 2356 3386; x_wconf 68' lang='lat' dir='ltr'><strong>sed‘</strong></span> <span class='ocrx_word' id='word_1_339' title='bbox 2391 3331 2460 3385; x_wconf 92' lang='lat' dir='ltr'><strong>ut</strong></span> <span class='ocrx_word' id='word_1_340' title='bbox 2505 3324 2629 3410; x_wconf 83' lang='lat' dir='ltr'><strong>dixi</strong></span> <span class='ocrx_word' id='word_1_341' title='bbox 2674 3325 3048 3404; x_wconf 86' lang='lat' dir='ltr'><strong>professione</strong></span> 
     </span>
     <span class='ocr_line' id='line_1_34' title="bbox 336 3411 3054 3494; baseline -0.001 -18"><span class='ocrx_word' id='word_1_342' title='bbox 336 3421 749 3489; x_wconf 85' lang='lat' dir='ltr'><strong>astronomus,</strong></span> <span class='ocrx_word' id='word_1_343' title='bbox 810 3411 1215 3474; x_wconf 87' lang='lat' dir='ltr'><strong>astronomica</strong></span> <span class='ocrx_word' id='word_1_344' title='bbox 1278 3413 1571 3475; x_wconf 87' lang='lat' dir='ltr'><strong>tractavit</strong></span> <span class='ocrx_word' id='word_1_345' title='bbox 1628 3431 1817 3494; x_wconf 88' lang='lat' dir='ltr'><strong>eaque</strong></span> <span class='ocrx_word' id='word_1_346' title='bbox 1875 3411 2215 3474; x_wconf 83' lang='lat' dir='ltr'><strong>accuratius</strong></span> <span class='ocrx_word' id='word_1_347' title='bbox 2273 3429 2450 3492; x_wconf 84' lang='lat' dir='ltr'><strong>quam</strong></span> <span class='ocrx_word' id='word_1_348' title='bbox 2494 3411 2785 3474; x_wconf 86' lang='lat' dir='ltr'><strong>Eudoxus</strong></span> <span class='ocrx_word' id='word_1_349' title='bbox 2848 3413 3054 3493; x_wconf 90' lang='lat' dir='ltr'><strong>philo-</strong></span> 
     </span>
     <span class='ocr_line' id='line_1_35' title="bbox 334 3499 3048 3582; baseline -0 -18"><span class='ocrx_word' id='word_1_350' title='bbox 334 3503 595 3582; x_wconf 87' lang='lat' dir='ltr'><strong>sophus,</strong></span> <span class='ocrx_word' id='word_1_351' title='bbox 655 3519 947 3582; x_wconf 88' lang='lat' dir='ltr'><strong>quaerens</strong></span> <span class='ocrx_word' id='word_1_352' title='bbox 996 3499 1457 3563; x_wconf 87' lang='lat' dir='ltr'><strong>concinnitates.</strong></span> <span class='ocrx_word' id='word_1_353' title='bbox 1550 3501 2006 3564; x_wconf 87' lang='lat' dir='ltr'><strong>Animadvertit</strong></span> <span class='ocrx_word' id='word_1_354' title='bbox 2057 3499 2242 3580; x_wconf 88' lang='lat' dir='ltr'><strong>igitur</strong></span> <span class='ocrx_word' id='word_1_355' title='bbox 2287 3499 2710 3562; x_wconf 85' lang='lat' dir='ltr'><strong>observatione</strong></span> <span class='ocrx_word' id='word_1_356' title='bbox 2757 3501 3048 3580; x_wconf 88' lang='lat' dir='ltr'><strong>diligenti,</strong></span> 
     </span>
     <span class='ocr_line' id='line_1_36' title="bbox 338 3587 3050 3671; baseline 0 -21"><span class='ocrx_word' id='word_1_357' title='bbox 338 3587 450 3668; x_wconf 75' lang='grc' dir='ltr'><strong>Θ,</strong></span> <span class='ocrx_word' id='word_1_358' title='bbox 495 3595 576 3664; x_wconf 74' lang='grc' dir='ltr'><strong>(ζ,</strong></span> <span class='ocrx_word' id='word_1_359' title='bbox 624 3597 707 3665; x_wconf 72' lang='lat'><strong>(3¹,</strong></span> <span class='ocrx_word' id='word_1_360' title='bbox 756 3589 836 3665; x_wconf 78' lang='grc' dir='ltr'><strong>Ω,</strong></span> <span class='ocrx_word' id='word_1_361' title='bbox 868 3591 913 3667; x_wconf 65' lang='grc' dir='ltr'><strong>ζὲ</strong></span> <span class='ocrx_word' id='word_1_362' title='bbox 978 3589 1180 3669; x_wconf 87' lang='lat' dir='ltr'><strong>plures</strong></span> <span class='ocrx_word' id='word_1_363' title='bbox 1226 3589 1424 3651; x_wconf 89' lang='lat' dir='ltr'><strong>inesse</strong></span> <span class='ocrx_word' id='word_1_364' title='bbox 1472 3590 1965 3671; x_wconf 76' lang='lat' dir='ltr'><strong>inaequalitates,</strong></span> <span class='ocrx_word' id='word_1_365' title='bbox 2017 3607 2193 3671; x_wconf 90' lang='lat' dir='ltr'><strong>quam</strong></span> <span class='ocrx_word' id='word_1_366' title='bbox 2217 3587 2458 3650; x_wconf 86' lang='lat' dir='ltr'><strong>Eudoxi</strong></span> <span class='ocrx_word' id='word_1_367' title='bbox 2505 3589 2705 3650; x_wconf 86' lang='lat' dir='ltr'><strong>ferunt</strong></span> <span class='ocrx_word' id='word_1_368' title='bbox 2747 3587 3050 3670; x_wconf 86' lang='lat' dir='ltr'><strong>hypothe-</strong></span> 
     </span>
     <span class='ocr_line' id='line_1_37' title="bbox 334 3676 3048 3759; baseline -0.001 -19"><span class='ocrx_word' id='word_1_369' title='bbox 334 3699 465 3741; x_wconf 89' lang='lat' dir='ltr'><strong>ses:</strong></span> <span class='ocrx_word' id='word_1_370' title='bbox 514 3698 649 3742; x_wconf 87' lang='lat' dir='ltr'><strong>eam</strong></span> <span class='ocrx_word' id='word_1_371' title='bbox 696 3696 782 3740; x_wconf 87' lang='lat' dir='ltr'><strong>sc.</strong></span> <span class='ocrx_word' id='word_1_372' title='bbox 832 3697 986 3758; x_wconf 89' lang='lat' dir='ltr'><strong>quae</strong></span> <span class='ocrx_word' id='word_1_373' title='bbox 1030 3685 1369 3758; x_wconf 87' lang='lat' dir='ltr'><strong>respectum</strong></span> <span class='ocrx_word' id='word_1_374' title='bbox 1416 3678 1605 3741; x_wconf 87' lang='lat' dir='ltr'><strong>habet</strong></span> <span class='ocrx_word' id='word_1_375' title='bbox 1658 3679 1734 3740; x_wconf 91' lang='lat' dir='ltr'><strong>ad</strong></span> <span class='ocrx_word' id='word_1_376' title='bbox 1773 3685 1986 3759; x_wconf 86' lang='lat' dir='ltr'><strong>partes</strong></span> <span class='ocrx_word' id='word_1_377' title='bbox 2028 3676 2279 3752; x_wconf 85' lang='lat' dir='ltr'><strong>zodiaci,</strong></span> <span class='ocrx_word' id='word_1_378' title='bbox 2331 3695 2510 3757; x_wconf 90' lang='lat' dir='ltr'><strong>quam</strong></span> <span class='ocrx_word' id='word_1_379' title='bbox 2538 3678 3048 3740; x_wconf 84' lang='lat' dir='ltr'><strong>eccentricitatem</strong></span> 
     </span>
     <span class='ocr_line' id='line_1_38' title="bbox 335 3764 3054 3848; baseline -0.001 -18"><span class='ocrx_word' id='word_1_380' title='bbox 335 3767 605 3830; x_wconf 87' lang='lat' dir='ltr'><strong>dicimus.</strong></span> <span class='ocrx_word' id='word_1_381' title='bbox 698 3768 911 3847; x_wconf 88' lang='lat' dir='ltr'><strong>ltaque</strong></span> <span class='ocrx_word' id='word_1_382' title='bbox 972 3764 1177 3827; x_wconf 87' lang='lat' dir='ltr'><strong>orbem</strong></span> <span class='ocrx_word' id='word_1_383' title='bbox 1230 3785 1411 3830; x_wconf 90' lang='lat' dir='ltr'><strong>unum</strong></span> <span class='ocrx_word' id='word_1_384' title='bbox 1462 3767 1719 3848; x_wconf 87' lang='lat' dir='ltr'><strong>singulis</strong></span> <span class='ocrx_word' id='word_1_385' title='bbox 1774 3767 2042 3841; x_wconf 88' lang='lat' dir='ltr'><strong>addidit,</strong></span> <span class='ocrx_word' id='word_1_386' title='bbox 2101 3765 2199 3847; x_wconf 91' lang='lat' dir='ltr'><strong>qui</strong></span> <span class='ocrx_word' id='word_1_387' title='bbox 2259 3772 2456 3829; x_wconf 84' lang='lat' dir='ltr'><strong>utrum</strong></span> <span class='ocrx_word' id='word_1_388' title='bbox 2514 3764 2816 3847; x_wconf 85' lang='lat' dir='ltr'><strong>epicyclus</strong></span> <span class='ocrx_word' id='word_1_389' title='bbox 2876 3765 3054 3827; x_wconf 85' lang='lat' dir='ltr'><strong>fuerit</strong></span> 
     </span>
     <span class='ocr_line' id='line_1_39' title="bbox 334 3854 3051 3936; baseline -0.001 -18"><span class='ocrx_word' id='word_1_390' title='bbox 334 3876 413 3918; x_wconf 90' lang='lat' dir='ltr'><strong>an</strong></span> <span class='ocrx_word' id='word_1_391' title='bbox 460 3857 739 3918; x_wconf 78' lang='lat' dir='ltr'><strong>deferens</strong></span> <span class='ocrx_word' id='word_1_392' title='bbox 786 3854 1185 3916; x_wconf 89' lang='lat' dir='ltr'><strong>eccentricum</strong></span> <span class='ocrx_word' id='word_1_393' title='bbox 1224 3857 1567 3936; x_wconf 88' lang='lat' dir='ltr'><strong>(utrumque</strong></span> <span class='ocrx_word' id='word_1_394' title='bbox 1614 3856 1773 3919; x_wconf 89' lang='lat' dir='ltr'><strong>enim</strong></span> <span class='ocrx_word' id='word_1_395' title='bbox 1818 3855 1946 3918; x_wconf 86' lang='lat' dir='ltr'><strong>fieri</strong></span> <span class='ocrx_word' id='word_1_396' title='bbox 1991 3855 2216 3936; x_wconf 89' lang='lat' dir='ltr'><strong>potuit,</strong></span> <span class='ocrx_word' id='word_1_397' title='bbox 2277 3854 2472 3933; x_wconf 88' lang='lat' dir='ltr'><strong>magis</strong></span> <span class='ocrx_word' id='word_1_398' title='bbox 2534 3861 2738 3916; x_wconf 86' lang='lat' dir='ltr'><strong>tamen</strong></span> <span class='ocrx_word' id='word_1_399' title='bbox 2785 3855 2928 3928; x_wconf 88' lang='lat' dir='ltr'><strong>hoc)</strong></span> <span class='ocrx_word' id='word_1_400' title='bbox 2975 3873 3051 3915; x_wconf 87' lang='lat' dir='ltr'><strong>ex</strong></span> 
     </span>
     <span class='ocr_line' id='line_1_40' title="bbox 332 3943 1231 4024; baseline 0 -17"><span class='ocrx_word' id='word_1_401' title='bbox 332 3945 429 4007; x_wconf 90' lang='lat' dir='ltr'><strong>his</strong></span> <span class='ocrx_word' id='word_1_402' title='bbox 472 3944 677 4008; x_wconf 84' lang='lat' dir='ltr'><strong>verbis</strong></span> <span class='ocrx_word' id='word_1_403' title='bbox 722 3943 961 4005; x_wconf 91' lang='lat' dir='ltr'><strong>decerni</strong></span> <span class='ocrx_word' id='word_1_404' title='bbox 1008 3943 1231 4024; x_wconf 89' lang='lat' dir='ltr'><strong>nequit.</strong></span> 
     </span>
    </p>

    <p class='ocr_par' dir='ltr' id='par_1_6' title="bbox 332 4029 3055 4732">
     <span class='ocr_line' id='line_1_41' title="bbox 512 4029 3052 4112; baseline -0.002 -16"><span class='ocrx_word' id='word_1_405' title='bbox 512 4034 629 4096; x_wconf 87' lang='lat' dir='ltr'><strong>Hic</strong></span> <span class='ocrx_word' id='word_1_406' title='bbox 685 4031 870 4112; x_wconf 89' lang='lat' dir='ltr'><strong>igitur</strong></span> <span class='ocrx_word' id='word_1_407' title='bbox 926 4033 1315 4112; x_wconf 86' lang='lat' dir='ltr'><strong>incongruam</strong></span> <span class='ocrx_word' id='word_1_408' title='bbox 1360 4034 1799 4095; x_wconf 88' lang='lat' dir='ltr'><strong>Fracastoreus</strong></span> <span class='ocrx_word' id='word_1_409' title='bbox 1865 4033 2044 4094; x_wconf 83' lang='lat' dir='ltr'><strong>affert</strong></span> <span class='ocrx_word' id='word_1_410' title='bbox 2097 4029 2660 4112; x_wconf 89' lang='lat' dir='ltr'><strong>interpretationem</strong></span> <span class='ocrx_word' id='word_1_411' title='bbox 2669 4049 2689 4106; x_wconf 90' lang='lat'>;</span> <span class='ocrx_word' id='word_1_412' title='bbox 2746 4029 2936 4109; x_wconf 89' lang='lat' dir='ltr'><strong>primo</strong></span> <span class='ocrx_word' id='word_1_413' title='bbox 2989 4029 3052 4091; x_wconf 90' lang='lat' dir='ltr'><strong>in</strong></span> 
     </span>
     <span class='ocr_line' id='line_1_42' title="bbox 334 4117 3052 4202; baseline -0.002 -18"><span class='ocrx_word' id='word_1_414' title='bbox 334 4121 591 4186; x_wconf 71' lang='lat' dir='ltr'><strong>Sole‘et</strong></span> <span class='ocrx_word' id='word_1_415' title='bbox 636 4122 833 4194; x_wconf 87' lang='lat' dir='ltr'><strong>Luna,</strong></span> <span class='ocrx_word' id='word_1_416' title='bbox 882 4120 989 4195; x_wconf 88' lang='lat' dir='ltr'><strong>ait,</strong></span> <span class='ocrx_word' id='word_1_417' title='bbox 1040 4120 1213 4182; x_wconf 85' lang='lat' dir='ltr'><strong>binos</strong></span> <span class='ocrx_word' id='word_1_418' title='bbox 1260 4121 1537 4202; x_wconf 88' lang='lat' dir='ltr'><strong>utrinque</strong></span> <span class='ocrx_word' id='word_1_419' title='bbox 1585 4121 1830 4182; x_wconf 87' lang='lat' dir='ltr'><strong>additos</strong></span> <span class='ocrx_word' id='word_1_420' title='bbox 1878 4141 1916 4181; x_wconf 89' lang='lat' dir='ltr'><strong>a</strong></span> <span class='ocrx_word' id='word_1_421' title='bbox 1963 4118 2239 4199; x_wconf 87' lang='lat' dir='ltr'><strong>Calipp0‚</strong></span> <span class='ocrx_word' id='word_1_422' title='bbox 2290 4119 2389 4200; x_wconf 91' lang='lat' dir='ltr'><strong>qui</strong></span> <span class='ocrx_word' id='word_1_423' title='bbox 2435 4127 2576 4180; x_wconf 87' lang='lat' dir='ltr'><strong>sunt</strong></span> <span class='ocrx_word' id='word_1_424' title='bbox 2622 4117 2860 4198; x_wconf 87' lang='lat' dir='ltr'><strong>singuli,</strong></span> <span class='ocrx_word' id='word_1_425' title='bbox 2909 4137 3052 4179; x_wconf 88' lang='lat' dir='ltr'><strong>eos-</strong></span> 
     </span>
     <span class='ocr_line' id='line_1_43' title="bbox 337 4206 3050 4293; baseline -0.002 -20"><span class='ocrx_word' id='word_1_426' title='bbox 337 4229 451 4293; x_wconf 88' lang='lat' dir='ltr'><strong>que</strong></span> <span class='ocrx_word' id='word_1_427' title='bbox 500 4211 589 4273; x_wconf 88' lang='lat' dir='ltr'><strong>sic</strong></span> <span class='ocrx_word' id='word_1_428' title='bbox 636 4215 1038 4288; x_wconf 88' lang='lat' dir='ltr'><strong>comparatos,</strong></span> <span class='ocrx_word' id='word_1_429' title='bbox 1086 4216 1156 4270; x_wconf 87' lang='lat' dir='ltr'><strong>ut</strong></span> <span class='ocrx_word' id='word_1_430' title='bbox 1200 4209 1554 4271; x_wconf 86' lang='lat' dir='ltr'><strong>tarditatem</strong></span> <span class='ocrx_word' id='word_1_431' title='bbox 1602 4217 1665 4271; x_wconf 92' lang='lat' dir='ltr'><strong>et</strong></span> <span class='ocrx_word' id='word_1_432' title='bbox 1710 4209 2119 4282; x_wconf 73' lang='lat' dir='ltr'><strong>velocitatem,-</strong></span> <span class='ocrx_word' id='word_1_433' title='bbox 2168 4227 2320 4288; x_wconf 86' lang='lat' dir='ltr'><strong>quae</strong></span> <span class='ocrx_word' id='word_1_434' title='bbox 2365 4206 2427 4268; x_wconf 90' lang='lat' dir='ltr'><strong>in</strong></span> <span class='ocrx_word' id='word_1_435' title='bbox 2474 4211 2726 4288; x_wconf 90' lang='lat' dir='ltr'><strong>utroque</strong></span> <span class='ocrx_word' id='word_1_436' title='bbox 2774 4213 3050 4286; x_wconf 88' lang='lat' dir='ltr'><strong>apparet,</strong></span> 
     </span>
     <span class='ocr_line' id='line_1_44' title="bbox 336 4295 3055 4382; baseline -0.002 -20"><span class='ocrx_word' id='word_1_437' title='bbox 336 4318 631 4382; x_wconf 88' lang='lat' dir='ltr'><strong>quamque</strong></span> <span class='ocrx_word' id='word_1_438' title='bbox 694 4297 995 4378; x_wconf 87' lang='lat' dir='ltr'><strong>positione</strong></span> <span class='ocrx_word' id='word_1_439' title='bbox 1060 4297 1532 4360; x_wconf 87' lang='lat' dir='ltr'><strong>eccentricitatis</strong></span> <span class='ocrx_word' id='word_1_440' title='bbox 1592 4316 1703 4358; x_wconf 88' lang='lat' dir='ltr'><strong>nos</strong></span> <span class='ocrx_word' id='word_1_441' title='bbox 1767 4297 2088 4371; x_wconf 82' lang='lat' dir='ltr'><strong>efficimus,</strong></span> <span class='ocrx_word' id='word_1_442' title='bbox 2155 4296 2470 4357; x_wconf 87' lang='lat' dir='ltr'><strong>inveheret</strong></span> <span class='ocrx_word' id='word_1_443' title='bbox 2531 4295 2923 4357; x_wconf 88' lang='lat' dir='ltr'><strong>luminaribus</strong></span> <span class='ocrx_word' id='word_1_444' title='bbox 2990 4302 3055 4356; x_wconf 91' lang='lat' dir='ltr'><strong>et</strong></span> 
     </span>
     <span class='ocr_line' id='line_1_45' title="bbox 336 4380 3050 4466; baseline -0.001 -17"><span class='ocrx_word' id='word_1_445' title='bbox 336 4388 577 4451; x_wconf 90' lang='lat' dir='ltr'><strong>ordinet</strong></span> <span class='ocrx_word' id='word_1_446' title='bbox 622 4386 913 4466; x_wconf 87' lang='lat' dir='ltr'><strong>sphaeras</strong></span> <span class='ocrx_word' id='word_1_447' title='bbox 961 4386 1041 4447; x_wconf 88' lang='lat' dir='ltr'><strong>ad</strong></span> <span class='ocrx_word' id='word_1_448' title='bbox 1086 4385 1325 4448; x_wconf 88' lang='lat' dir='ltr'><strong>modum</strong></span> <span class='ocrx_word' id='word_1_449' title='bbox 1382 4387 1902 4448; x_wconf 89' lang='lat' dir='ltr'><strong>homocentrorum</strong></span> <span class='ocrx_word' id='word_1_450' title='bbox 1941 4403 2201 4447; x_wconf 91' lang='lat' dir='ltr'><strong>suorum.</strong></span> <span class='ocrx_word' id='word_1_451' title='bbox 2299 4380 2491 4453; x_wconf 83' lang='lat' dir='ltr'><strong>Quasi</strong></span> <span class='ocrx_word' id='word_1_452' title='bbox 2529 4383 2706 4445; x_wconf 90' lang='lat' dir='ltr'><strong>modo</strong></span> <span class='ocrx_word' id='word_1_453' title='bbox 2753 4390 2880 4445; x_wconf 87' lang='lat' dir='ltr'><strong>tam</strong></span> <span class='ocrx_word' id='word_1_454' title='bbox 2927 4383 3050 4445; x_wconf 86' lang='lat' dir='ltr'><strong>dif-</strong></span> 
     </span>
     <span class='ocr_line' id='line_1_46' title="bbox 334 4471 3050 4554; baseline -0.002 -16"><span class='ocrx_word' id='word_1_455' title='bbox 334 4477 475 4538; x_wconf 85' lang='lat' dir='ltr'><strong>ficili</strong></span> <span class='ocrx_word' id='word_1_456' title='bbox 521 4476 745 4539; x_wconf 86' lang='lat' dir='ltr'><strong>fuerint</strong></span> <span class='ocrx_word' id='word_1_457' title='bbox 786 4474 879 4536; x_wconf 86' lang='lat' dir='ltr'><strong>usi</strong></span> <span class='ocrx_word' id='word_1_458' title='bbox 923 4481 1185 4549; x_wconf 88' lang='lat' dir='ltr'><strong>veteres,</strong></span> <span class='ocrx_word' id='word_1_459' title='bbox 1235 4474 1403 4554; x_wconf 88' lang='lat' dir='ltr'><strong>isque</strong></span> <span class='ocrx_word' id='word_1_460' title='bbox 1452 4473 1693 4536; x_wconf 87' lang='lat' dir='ltr'><strong>silentio</strong></span> <span class='ocrx_word' id='word_1_461' title='bbox 1740 4494 1779 4535; x_wconf 91' lang='lat' dir='ltr'><strong>a</strong></span> <span class='ocrx_word' id='word_1_462' title='bbox 1825 4472 2254 4536; x_wconf 88' lang='lat' dir='ltr'><strong>recentioribus</strong></span> <span class='ocrx_word' id='word_1_463' title='bbox 2301 4472 2484 4534; x_wconf 83' lang='lat' dir='ltr'><strong>fuerit</strong></span> <span class='ocrx_word' id='word_1_464' title='bbox 2530 4473 2823 4550; x_wconf 88' lang='lat' dir='ltr'><strong>sepultus.</strong></span> <span class='ocrx_word' id='word_1_465' title='bbox 2917 4471 3050 4534; x_wconf 88' lang='lat' dir='ltr'><strong>Ve-</strong></span> 
     </span>
     <span class='ocr_line' id='line_1_47' title="bbox 332 4558 3053 4642; baseline -0.002 -14"><span class='ocrx_word' id='word_1_466' title='bbox 332 4583 465 4628; x_wconf 87' lang='lat' dir='ltr'><strong>rum</strong></span> <span class='ocrx_word' id='word_1_467' title='bbox 510 4572 628 4639; x_wconf 89' lang='lat' dir='ltr'><strong>est,</strong></span> <span class='ocrx_word' id='word_1_468' title='bbox 672 4562 851 4625; x_wconf 90' lang='lat' dir='ltr'><strong>orbes</strong></span> <span class='ocrx_word' id='word_1_469' title='bbox 897 4563 1009 4624; x_wconf 88' lang='lat' dir='ltr'><strong>hos</strong></span> <span class='ocrx_word' id='word_1_470' title='bbox 1055 4581 1192 4624; x_wconf 89' lang='lat' dir='ltr'><strong>esse</strong></span> <span class='ocrx_word' id='word_1_471' title='bbox 1238 4570 1487 4642; x_wconf 89' lang='lat' dir='ltr'><strong>propter</strong></span> <span class='ocrx_word' id='word_1_472' title='bbox 1533 4561 2068 4636; x_wconf 88' lang='lat' dir='ltr'><strong>eccentricitatem,</strong></span> <span class='ocrx_word' id='word_1_473' title='bbox 2121 4561 2228 4622; x_wconf 91' lang='lat' dir='ltr'><strong>sed</strong></span> <span class='ocrx_word' id='word_1_474' title='bbox 2257 4560 2474 4640; x_wconf 90' lang='lat' dir='ltr'><strong>singuli</strong></span> <span class='ocrx_word' id='word_1_475' title='bbox 2523 4558 2841 4634; x_wconf 85' lang='lat' dir='ltr'><strong>sufficiunt,</strong></span> <span class='ocrx_word' id='word_1_476' title='bbox 2895 4560 3053 4641; x_wconf 89' lang='lat' dir='ltr'><strong>quod</strong></span> 
     </span>
     <span class='ocr_line' id='line_1_48' title="bbox 334 4647 3047 4732; baseline -0.001 -18"><span class='ocrx_word' id='word_1_477' title='bbox 334 4654 573 4716; x_wconf 82' lang='lat' dir='ltr'><strong>videtur</strong></span> <span class='ocrx_word' id='word_1_478' title='bbox 632 4653 957 4731; x_wconf 88' lang='lat' dir='ltr'><strong>desperare</strong></span> <span class='ocrx_word' id='word_1_479' title='bbox 1001 4652 1472 4725; x_wconf 85' lang='lat' dir='ltr'><strong>Fracastoreus,</strong></span> <span class='ocrx_word' id='word_1_480' title='bbox 1536 4650 1757 4730; x_wconf 88' lang='lat' dir='ltr'><strong>singuli</strong></span> <span class='ocrx_word' id='word_1_481' title='bbox 1804 4667 1892 4712; x_wconf 90' lang='lat' dir='ltr'><strong>sc.</strong></span> <span class='ocrx_word' id='word_1_482' title='bbox 1944 4649 2196 4732; x_wconf 83' lang='lat' dir='ltr'><strong>epicycli</strong></span> <span class='ocrx_word' id='word_1_483' title='bbox 2223 4656 2359 4727; x_wconf 59' lang='lat' dir='ltr'><strong>„aut</strong></span> <span class='ocrx_word' id='word_1_484' title='bbox 2412 4648 2638 4709; x_wconf 87' lang='lat' dir='ltr'><strong>circelli</strong></span> <span class='ocrx_word' id='word_1_485' title='bbox 2695 4647 2856 4710; x_wconf 90' lang='lat' dir='ltr'><strong>circa</strong></span> <span class='ocrx_word' id='word_1_486' title='bbox 2901 4667 3047 4712; x_wconf 88' lang='lat' dir='ltr'><strong>cen-</strong></span> 
     </span>
    </p>
   </div>
   <div class='ocr_carea' id='block_1_5' title="bbox 232 4735 3049 4819">
    <p class='ocr_par' dir='ltr' id='par_1_7' title="bbox 232 4735 3049 4819">
     <span class='ocr_line' id='line_1_49' title="bbox 232 4735 3049 4819; baseline -0.004 -9"><span class='ocrx_word' id='word_1_487' title='bbox 232 4803 239 4810; x_wconf 92' lang='lat'><em>.</em></span> <span class='ocrx_word' id='word_1_488' title='bbox 332 4751 513 4818; x_wconf 88' lang='lat' dir='ltr'><strong>trum,</strong></span> <span class='ocrx_word' id='word_1_489' title='bbox 564 4743 617 4804; x_wconf 87' lang='lat' dir='ltr'><strong>si</strong></span> <span class='ocrx_word' id='word_1_490' title='bbox 664 4739 840 4803; x_wconf 87' lang='lat' dir='ltr'><strong>simul</strong></span> <span class='ocrx_word' id='word_1_491' title='bbox 884 4756 1269 4819; x_wconf 87' lang='lat' dir='ltr'><strong>progressum</strong></span> <span class='ocrx_word' id='word_1_492' title='bbox 1300 4755 1705 4819; x_wconf 87' lang='lat' dir='ltr'><strong>apogaeorum</strong></span> <span class='ocrx_word' id='word_1_493' title='bbox 1744 4737 1984 4800; x_wconf 84' lang='lat' dir='ltr'><strong>efficere</strong></span> <span class='ocrx_word' id='word_1_494' title='bbox 2011 4737 2302 4800; x_wconf 88' lang='lat' dir='ltr'><strong>Eudoxus</strong></span> <span class='ocrx_word' id='word_1_495' title='bbox 2329 4736 2538 4798; x_wconf 83' lang='lat' dir='ltr'><strong>voluit.</strong></span> <span class='ocrx_word' id='word_1_496' title='bbox 2623 4737 2752 4797; x_wconf 90' lang='lat' dir='ltr'><strong>Nec</strong></span> <span class='ocrx_word' id='word_1_497' title='bbox 2791 4736 2866 4798; x_wconf 91' lang='lat' dir='ltr'><strong>de</strong></span> <span class='ocrx_word' id='word_1_498' title='bbox 2893 4735 3049 4799; x_wconf 88' lang='lat' dir='ltr'><strong>binis</strong></span> 
     </span>
    </p>
   </div>
   <div class='ocr_carea' id='block_1_6' title="bbox 334 4824 3050 4911">
    <p class='ocr_par' dir='ltr' id='par_1_8' title="bbox 334 4824 3050 4911">
     <span class='ocr_line' id='line_1_50' title="bbox 334 4824 3050 4911; baseline -0.003 -17"><span class='ocrx_word' id='word_1_499' title='bbox 334 4831 629 4911; x_wconf 88' lang='lat' dir='ltr'><strong>trinisque</strong></span> <span class='ocrx_word' id='word_1_500' title='bbox 682 4826 1043 4892; x_wconf 85' lang='lat' dir='ltr'><strong>Aristotelis</strong></span> <span class='ocrx_word' id='word_1_501' title='bbox 1097 4827 1287 4890; x_wconf 80' lang='lat' dir='ltr'><strong>verba</strong></span> <span class='ocrx_word' id='word_1_502' title='bbox 1348 4835 1589 4890; x_wconf 87' lang='lat' dir='ltr'><strong>sonant.</strong></span> <span class='ocrx_word' id='word_1_503' title='bbox 1688 4825 1943 4888; x_wconf 71' lang='lat' dir='ltr'><strong>Deinde</strong></span> <span class='ocrx_word' id='word_1_504' title='bbox 1991 4826 2158 4888; x_wconf 90' lang='lat' dir='ltr'><strong>illum</strong></span> <span class='ocrx_word' id='word_1_505' title='bbox 2223 4824 2284 4885; x_wconf 91' lang='lat' dir='ltr'><strong>in</strong></span> <span class='ocrx_word' id='word_1_506' title='bbox 2339 4825 2558 4886; x_wconf 88' lang='lat' dir='ltr'><strong>ceteris</strong></span> <span class='ocrx_word' id='word_1_507' title='bbox 2612 4825 3050 4887; x_wconf 84' lang='lat' dir='ltr'><strong>Fracastoreus</strong></span> 
     </span>
    </p>
   </div>
   <div class='ocr_carea' id='block_1_7' title="bbox 216 4912 3050 5002">
    <p class='ocr_par' dir='ltr' id='par_1_9' title="bbox 216 4912 3050 5002">
     <span class='ocr_line' id='line_1_51' title="bbox 216 4912 3050 5002; baseline -0.004 -17"><span class='ocrx_word' id='word_1_508' title='bbox 216 4969 221 4976; x_wconf 78' lang='lat'>.</span> <span class='ocrx_word' id='word_1_509' title='bbox 332 4927 513 5002; x_wconf 86' lang='lat' dir='ltr'><strong>putat</strong></span> <span class='ocrx_word' id='word_1_510' title='bbox 556 4918 849 4992; x_wconf 89' lang='lat' dir='ltr'><strong>additum,</strong></span> <span class='ocrx_word' id='word_1_511' title='bbox 894 4923 1145 4998; x_wconf 83' lang='lat' dir='ltr'><strong>propter</strong></span> <span class='ocrx_word' id='word_1_512' title='bbox 1189 4934 1395 4980; x_wconf 87' lang='lat' dir='ltr'><strong>earum</strong></span> <span class='ocrx_word' id='word_1_513' title='bbox 1440 4916 1519 4978; x_wconf 88' lang='lat' dir='ltr'><strong>ab</strong></span> <span class='ocrx_word' id='word_1_514' title='bbox 1564 4921 1892 4997; x_wconf 85' lang='lat' dir='ltr'><strong>aequatore</strong></span> <span class='ocrx_word' id='word_1_515' title='bbox 1940 4912 2422 4990; x_wconf 86' lang='lat' dir='ltr'><strong>declinationem,</strong></span> <span class='ocrx_word' id='word_1_516' title='bbox 2463 4913 2552 5002; x_wconf 76' lang='grc' dir='ltr'><strong>ΙιιιΙ</strong></span> <span class='ocrx_word' id='word_1_517' title='bbox 2587 4929 2857 4975; x_wconf 88' lang='lat' dir='ltr'><strong>normam</strong></span> <span class='ocrx_word' id='word_1_518' title='bbox 2885 4913 3050 4976; x_wconf 86' lang='lat' dir='ltr'><strong>Solis</strong></span> 
     </span>
    </p>
   </div>
   <div class='ocr_carea' id='block_1_8' title="bbox 440 5013 2628 5076">
    <p class='ocr_par' dir='ltr' id='par_1_10' title="bbox 440 5013 2628 5076">
     <span class='ocr_line' id='line_1_52' title="bbox 440 5013 2628 5076; baseline 0.002 -10"><span class='ocrx_word' id='word_1_519' title='bbox 440 5023 621 5076; x_wconf 66' lang='lat' dir='ltr'><strong>topi-21</strong></span> <span class='ocrx_word' id='word_1_520' title='bbox 646 5023 787 5074; x_wconf 67' lang='lat' dir='ltr'><strong>open</strong></span> <span class='ocrx_word' id='word_1_521' title='bbox 811 5021 847 5062; x_wconf 84' lang='grc' dir='ltr'>ι.</span> <span class='ocrx_word' id='word_1_522' title='bbox 2559 5013 2628 5070; x_wconf 80' lang='grc'><strong>17</strong></span> 
     </span>
    </p>
   </div>
  </div>
 </body>
</html>
