3634 5575
581 403 704 470 128
1590 406 1816 472 Hysterii
1854 407 2249 474 Cosmographici
2294 367 2303 378 ὁ

575 563 860 627 cundaria
903 571 1153 644 quatuor
1197 572 1303 627 aut
1345 565 1602 648 quinque
1656 565 1855 647 planis
1909 568 1971 630 in
2032 587 2209 631 uuum
2254 567 2508 631 solidum
2552 569 2931 632 adsciscunt.·
3010 565 3083 644 4)
3129 555 3269 631 Pri-

574 654 763 724 maria
825 653 1041 717 nemini
1107 673 1274 716 suum
1332 655 1554 717 debent
1607 657 1892 736 originem
1950 665 2012 718 et
2064 657 2509 738 proprietates:
2575 658 2929 721 secundaria
2986 659 3271 738 pleraque

573 763 648 806 ex
691 741 1028 822 primariiS,
1098 743 1261 806 facta
1320 744 1816 819 commutatione,
1886 745 2109 826 adepta
2164 755 2339 821 sunt,
2404 756 2469 809 et
2523 747 2695 827 quasi
2756 747 2963 827 genita
3010 767 3085 812 ex
3128 746 3268 810 inis.

573 832 644 904 5)
702 831 992 893 Primaria
1036 849 1151 894 non
1198 833 1422 895 moveri
1478 832 1760 908 concinne
1816 844 2108 914 possunt,
2175 835 2289 898 nisi
2354 845 2497 898 acta
2552 837 2845 898 diametro
2908 854 3017 916 per
3064 844 3272 898 centra

573 921 744 984 unius
774 927 880 982 aut
905 921 1309 1000 oppositorum
1335 921 1684 1002 planorum:
1735 923 2089 986 secundaria
2134 943 2277 987 vero
2326 933 2467 988 acta
2510 943 2619 1005 per
2664 923 2973 1006 oppositos
3022 926 3271 1006 angulos

573 1012 886 1073 diametro.
963 1006 1032 1084 6)
1078 1009 1498 1073 Primariorum
1545 1020 1642 1074 est
1684 1012 1983 1092 proprium
2032 1021 2233 1076 stare:
2282 1015 2762 1077 secundariorum
2790 1015 3067 1094 pendere.
3128 1013 3271 1076 Sive

573 1100 726 1162 enim
771 1100 920 1161 haec
966 1098 1023 1160 in
1071 1099 1244 1161 basin
1291 1100 1648 1179 provolvas,
1717 1101 1844 1163 sive
1899 1103 2007 1163 illa
2054 1103 2115 1164 in
2160 1105 2439 1182 angulum
2486 1103 2723 1183 erigas,
2788 1104 2951 1166 visus
2996 1102 3270 1183 utrinque

573 1189 1016 1251 deformitatem
1065 1197 1346 1268 aspectus
1393 1189 1671 1270 refugiet.
1759 1188 1837 1264 7)
1898 1191 2075 1252 Adde
2124 1192 2412 1272 denique,
2476 1193 2632 1275 quod
2677 1193 2961 1273 primaria
3003 1193 3271 1273 perfecto

571 1297 814 1340 numero
863 1277 982 1338 tria
1027 1285 1205 1339 sunt:
1272 1279 1626 1340 secundaria
1690 1279 2042 1358 imperfecto
2108 1281 2259 1354 duo,
2327 1281 2596 1364 quodque
2656 1283 2761 1345 illa
2819 1300 3023 1343 omnes
3071 1279 3272 1360 anguli

575 1366 806 1447 species
851 1366 1095 1441 habent,
1145 1367 1330 1428 cubus
1375 1377 1620 1443 rectum,
1669 1368 1932 1450 pyramis
1970 1380 2226 1442 acutum,
2277 1371 2714 1433 dodecaedrum
2760 1371 3073 1434 obtusum:
3122 1370 3271 1431 haec

573 1473 714 1518 vero
762 1455 936 1517 ambo
983 1455 1041 1516 in
1093 1455 1291 1518 obtusi
1337 1457 1522 1519 solius
1567 1475 1786 1536 genere
1834 1467 2170 1522 versantur.
2262 1459 2347 1521 Et
2400 1459 2668 1522 octaedri
2726 1459 2962 1540 quidem
3019 1460 3271 1538 angulus

571 1565 680 1627 per
725 1563 928 1605 omnes
978 1551 1104 1605 tres
1151 1545 1383 1624 species
1431 1553 1702 1626 vagatur,
1754 1545 1812 1607 iu
1852 1547 2134 1626 junctura
2182 1549 2433 1610 laterum
2480 1549 2748 1622 obtusus»,
2797 1550 2952 1611 inter
2998 1547 3274 1610 coeuntia

574 1635 686 1696 duo
734 1633 928 1695 latera
974 1651 1050 1693 ex
1095 1632 1372 1712 opposito
1419 1644 1644 1709 rectuS,
1694 1635 1822 1714 ipse
1868 1655 2010 1697 vero
2054 1637 2288 1699 'solidus
2336 1646 2567 1700 acutus.
2648 1635 2798 1699 Cum
2844 1637 3029 1718 igitur
3074 1636 3270 1698 mani-

577 1723 796 1784 festum
842 1729 1006 1783 esset
1051 1721 1366 1784 discrimen
1416 1723 1570 1784 inter
1617 1742 1894 1805 corpora,
1955 1727 2402 1788 convenientius
2450 1726 2573 1791 fieri
2622 1726 2765 1789 nihil
2812 1727 3035 1807 potuit,
3096 1743 3270 1807 quam

577 1822 642 1874 ut
670 1811 874 1873 Tellus
905 1817 1130 1886 nostra,
1181 1811 1368 1874 totius
1416 1812 1616 1874 mundi
1663 1831 1895 1875 summa
1941 1821 2005 1876 et
2042 1816 2449 1895 compendium
2497 1824 2674 1898 atque
2724 1816 2873 1878 adeo
2923 1815 3273 1896 dignissima

577 1900 886 1962 stellarum
934 1899 1250 1976 mobilium,
1302 1900 1442 1962 orbe
1491 1920 1595 1963 suo
1642 1901 1799 1963 inter
1828 1903 2022 1964 dictos
2052 1904 2291 1966 ordines
2320 1904 2731 1984 distingueret,
2784 1905 3091 1985 locumque
3140 1923 3271 1968 eum
3342 1963 3349 1970 .

574 1989 914 2064 sortiretur,
963 2007 1138 2068 quem
1185 1990 1298 2072 ipsi
1343 1991 1612 2071 superius
1661 1989 2063 2056 attribuimus.

1738 2229 2106 2240 —-—-—----

1711 2398 1950 2497 Caput
2002 2397 2126 2490 IV.

827 2559 1046 2637 Quare
1089 2559 1218 2622 tria
1264 2576 1529 2640 corpora
1581 2557 1851 2620 Terram
1894 2559 2202 2631 arabiam,
2246 2559 2371 2622 duo
2416 2557 2671 2642 reliqua
2713 2559 2983 2623 induant
2998 2560 3030 2622 ,9
3098 2599 3107 2611 ·

752 2701 972 2763 Patere
1021 2721 1205 2776 nunc,
1255 2701 1445 2762 lector
1490 2700 1873 2780 aequanime,
1922 2707 1991 2761 ut
2036 2700 2234 2761 ludam
2284 2701 2715 2782 aliquantisper
2761 2701 2815 2762 in
2864 2721 2927 2762 re
2974 2700 3161 2775 seria,
3211 2709 3273 2760 et

490 2814 498 2829 ·
578 2790 839 2853 nonnihil
885 2790 1189 2869 allegoriis
1239 2789 1598 2869 indulgeam.
1691 2787 1935 2851 Etenim
1990 2787 2263 2853 existimo
2326 2810 2399 2853 ex
2454 2812 2653 2855 amore
2700 2791 2814 2852 Dei
2873 2790 2931 2853 in
2980 2790 3273 2855 homiuem

578 2900 796 2943 causas
851 2899 1046 2941 rerum
1101 2880 1160 2940 in
1216 2879 1434 2941 mundo
1492 2878 1778 2956 plurimas
1841 2877 2050 2940 deduci
2106 2897 2304 2959 posse.
2400 2880 2582 2943 Certe
2629 2880 2897 2963 equidem
2945 2899 3115 2941 nemo
3160 2886 3279 2941 ne-'

576 2969 772 3050 gabit‚
829 2968 887 3029 in
944 2966 1244 3030 domicilio
1299 2968 1502 3029 mundi
1557 2966 1898 3029 exornando
1942 2966 2139 3029 Deum
2185 2970 2262 3029 ad
2318 2969 2570 3031 incolam
2631 2973 2887 3033 futurum
2950 2969 3270 3031 identidem

575 3056 938 3136 respexisse.
1029 3057 1198 3119 Finis
1247 3056 1401 3117 enim
1448 3063 1513 3117 et
1565 3056 1764 3117 mundi
1818 3064 1881 3117 et
1936 3056 2126 3117 omnis
2182 3059 2501 3120 creationis
2562 3060 2763 3121 homo
2819 3067 2933 3121 est.
3024 3059 3270 3119 Terram

577 3146 787 3227 igitur,
836 3164 990 3228 quae
1035 3145 1350 3225 genuinam
1399 3142 1710 3207 Creatoris
1755 3145 2075 3223 imaginem
2121 3146 2337 3208 datura
2380 3156 2445 3209 et
2490 3148 2709 3210 alitura
2752 3156 2944 3222 esset,
2994 3146 3271 3209 existimo

576 3234 819 3313 dignam
865 3255 902 3295 a
936 3234 1067 3295 Deo
1115 3235 1423 3309 censitam,
1475 3252 1624 3315 quae
1672 3233 2013 3296 circumiret
2056 3234 2214 3297 inter
2253 3236 2482 3298 medios
2527 3238 2807 3317 planetas
2855 3237 2961 3312 sic,
3010 3244 3077 3297 ut
3122 3236 3273 3298 toti-

577 3324 715 3385 dem
759 3324 868 3385 illa
911 3321 1162 3385 haberet
1208 3323 1369 3385 intra
1415 3322 1574 3385 orbis
1621 3322 1713 3385 sui
1761 3324 2149 3403 complexum,
2198 3334 2343 3405 quot
2387 3333 2561 3388 extra
2606 3326 2886 3388 habitura
2932 3334 3117 3387 esset.
3188 3325 3275 3387 Ut

479 3452 486 3458 ,
576 3412 687 3475 hoc
733 3412 900 3473 Deus
947 3411 1280 3487 obtineret,
1343 3411 1548 3474 Solem
1595 3410 1841 3493 reliquis
1890 3412 2141 3493 quinque
2190 3414 2385 3476 stellis
2448 3415 2780 3490 accensuit,
2845 3414 3117 3496 quamvis
3160 3413 3272 3499 rille

578 3510 709 3565 toto
754 3521 992 3582 genere.
1019 3501 1406 3583 discreparet.
1474 3502 1660 3583 quue
1707 3521 1778 3563 eo
1826 3500 2018 3581 magis
2057 3521 2385 3565 consonum
2408 3504 2660 3580 videtur,
2712 3505 2867 3585 quod
2915 3523 3047 3565 cum
3094 3521 3275 3582 supra

577 3590 686 3655 Sol
731 3590 846 3653 Dei
887 3592 1082 3671 patris
1129 3590 1325 3673 imago
1382 3591 1597 3667 fuerit,
1665 3591 1947 3653 credibile
2013 3599 2145 3665 est,
2210 3593 2324 3653 hac
2384 3592 2786 3655 associatione
2843 3610 2974 3654 cum
3031 3592 3273 3673 reliquis

575 3680 772 3743 stellis
819 3688 1172 3761 argumenta
1216 3689 1466 3743 venturo
1515 3682 1722 3743 colono
1769 3680 2057 3759 praebere
2103 3680 2380 3743 debuisse
2428 3684 2875 3764 φιλαγθρωπιας
2930 3689 2993 3743 et
3040 3680 3273 3761 ἀνθρω-

578 3773 935 3845 ποπαθειας,
986 3790 1162 3851 quam
1205 3769 1371 3831 Deus
1418 3776 1810 3848 usurpaturus
1838 3767 1991 3829 *erat
2040 3787 2184 3849 erga
2219 3770 2505 3847 homines,
2556 3772 2631 3833 ad
2670 3771 3056 3834 domesticam
3094 3770 3272 3831 fami-

579 3859 905 3922 liaritatem
953 3877 1138 3939 usque
1186 3877 1320 3919 sese
1368 3857 1712 3918 demittens.
1805 3857 1962 3917 Nam
2023 3857 2081 3918 in
2140 3860 2331 3923 veteri
2374 3860 2762 3935 Testamento
2824 3860 3164 3939 frequenter
3218 3861 3295 3921 in'

579 3968 886 4011 numerum
933 3947 1231 4009 hominurn
1286 3946 1480 4019 venit,
1541 3953 1606 4005 et
1649 3945 1982 4006 Abrahami
2029 3947 2252 4009 amicus
2310 3948 2514 4011 audire
2572 3950 2787 4024 voluit,
2844 3950 3023 4011 sicuti
3070 3947 3274 4011 Solem
3390 3953 3399 3961 '

583 4039 853 4100 videmus
899 4034 958 4097 in
1005 4053 1309 4097 numerum
1356 4034 1660 4097 mobilium
1705 4034 1929 4096 venire.
2015 4033 2165 4097 Cum
2212 4045 2413 4098 autem
2460 4036 2567 4100 Sol
2616 4061 2653 4101 a
2698 4038 2884 4100 Terra
2930 4037 3270 4111 ambiretur,

583 4125 822 4210 positis,
872 4142 1025 4204 quae
1072 4122 1234 4186 dicta
1279 4132 1449 4198 sunt,
1499 4122 1841 4185 necessario
1890 4124 1990 4185 ille
2037 4124 2181 4186 ordo
2230 4144 2538 4206 corporum
2584 4128 2745 4189 intra
2788 4128 3034 4190 Terram
3078 4126 3272 4189 inclu-

579 4214 809 4278 dendus
856 4212 996 4287 fuit,
1055 4212 1153 4293 qui
1201 4212 1314 4273 duo
1363 4212 1581 4274 saltem
1635 4212 2089 4294 complectitur:
2157 4233 2366 4295 nempe
2413 4225 2480 4278 ut
2524 4216 2771 4279 mobilia
2816 4217 2930 4279 duo
2978 4234 3111 4277 cum
3157 4216 3272 4277 im-

581 4302 781 4367 mobili
829 4299 972 4364 Sole
1020 4302 1268 4365 eundem
1325 4303 1624 4364 efficerent
1679 4321 1979 4364 numerum
2035 4304 2395 4380 ternarium,
2464 4305 2561 4386 qui
2619 4314 2715 4368 est
2764 4306 2824 4367 in
2883 4304 3141 4367 exclusis
3198 4304 3273 4367 ab

579 4392 720 4454 orbe
766 4391 1008 4454 Terrae.
1101 4388 1205 4453 Sic
1265 4390 1482 4471 igitur,
1549 4390 1722 4453 Luna
1781 4392 2139 4473 praesertim
2186 4394 2430 4455 Terram
2493 4396 2807 4457 ambeunte
2829 4443 2846 4471 ,
2914 4394 3275 4457 domicilium

579 4489 845 4543 nostrum
891 4480 1146 4561 optimus
1197 4478 1449 4543 Creator
1494 4480 1554 4542 in
1610 4481 1803 4543 medio
1860 4488 2093 4561 septem
2146 4482 2524 4562 planetarum
2584 4484 2921 4547 collocavit.
3014 4484 3173 4547 Nam
3222 4482 3277 4545 si

581 4570 756 4635 trium
799 4570 1155 4651 reliquorum
1200 4570 1342 4632 ordo
1403 4569 1483 4631 ad
1527 4568 1728 4633 Solem
1790 4570 2188 4648 accessisset,
2257 4572 2517 4635 fuissent
2578 4572 2760 4653 igitur
2820 4572 2978 4635 int'ra
3024 4574 3275 4635 Terram

580 4679 712 4721 cum
757 4657 901 4722 Sole
947 4670 1201 4740 quatuor
1255 4657 1507 4733 stellae,
1578 4660 1730 4721 duae
1785 4678 1927 4721 vero
1984 4667 2221 4722 tantum
2280 4670 2473 4725 extra.
2566 4660 2738 4734 Quae
2785 4663 3013 4724 numeri
3058 4659 3270 4735 ἀταξια

580 4768 712 4811 cum
756 4749 986 4811 ratione
1042 4756 1286 4824 careat,
1350 4748 1577 4810 omissa
1631 4757 1728 4810 est
1772 4768 1810 4809 a
1858 4746 2166 4813 Creatore.
2262 4748 2411 4813 Cum
2456 4752 2603 4813 item
2648 4751 2953 4816 continere
3000 4752 3083 4813 sit
3126 4769 3270 4831 per-

581 4835 866 4913 fectioris,
908 4845 976 4899 ut
1001 4839 1181 4910 actio,
1220 4838 1507 4901 contineri
1546 4845 1614 4899 ut
1651 4837 1855 4918 passio
1902 4839 2375 4919 imperfectioris,
2422 4841 2708 4921 primaria
2734 4860 2875 4904 vero
2910 4841 3271 4923 perfectiora

579 4922 703 4997 sirit
746 4926 980 5005 ceteris,
1027 4928 1323 5005 convenit,
1370 4934 1438 4992 ut
1481 4926 1662 4991 trium
1697 4928 1842 4992 ordo
1872 4928 2205 4992 contineret
2234 4928 2498 5008 Terram,
2547 4931 2779 5013 reliqua
2824 4930 3267 4993 continerentur
