3634 5575
2338 237 2391 272 ο

541 319 671 384 346
1385 321 1586 370 Literae
1627 320 1829 384 Kepleri
1866 319 2169 384 aliorumque
2204 327 2409 371 mutuae

537 483 687 538 vaiet,
725 487 780 531 et
811 496 892 530 res
928 480 995 530 ad
1019 479 1250 544 Opticam
1289 479 1485 545 aliaque
1521 480 1829 543 pertinentes
1838 481 2203 530 eastronomica
2236 480 2501 532 sollicitum
2524 487 2700 532 tenent
2722 481 3021 532 Fabricium.
3082 480 3263 541 Quare

537 554 774 618 prioribus
809 566 976 615 pauca
999 557 1194 602 tantum
1221 552 1542 616 adjungenda
1565 557 1707 607 sunt,
1745 564 1876 614 quae
1900 557 2131 614 spectant
2151 552 2283 602 hanc
2308 566 2509 616 operum
2533 553 2737 616 Kepleri
2764 558 2982 616 partem,
3022 555 3101 602 eui
3124 552 3263 602 haec

539 625 898 688 praemisimus.
971 623 1202 672 Proxima
1236 622 1442 687 Kepleri
1479 622 1718 685 epistola,
1759 621 1881 670 data
1918 622 1965 669 d.
2010 621 2092 670 18.
2119 621 2245 672 Dec.
2274 619 2404 671 1604
2428 659 2441 676 .
2478 624 2625 686 plane
2653 624 2773 673 nihil
2799 624 2969 680 habet,
3005 623 3133 686 quod
3158 622 3263 671 hue

537 695 766 758 pertinet.
855 693 896 742 E
919 695 1146 757 sequenti
1173 689 1245 754 (d.
1278 693 1361 742 11.
1394 692 1506 742 Oct.
1540 688 1701 751 1605)
1729 699 1953 755 apparet,
1990 707 2089 742 non
2107 695 2351 743 remisisse
2375 695 2591 745 Fabricii
2616 696 2858 745 scribendi
2884 695 3114 756 studium,
3142 708 3263 743 cum

538 766 784 829 Keplerus
821 765 888 829 ad
913 763 944 813 6
984 767 1090 827 ejus
1126 764 1296 814 literas
1318 779 1408 828 per
1429 779 1613 814 annum
1643 760 1776 811 1605
1805 764 1873 813 ad
1895 764 2055 826 ipsum
2079 764 2226 814 datas
2250 765 2393 814 simul
2416 765 2735 830 responderit.
2798 765 3053 829 pergimus
3076 765 3263 814 eadem

539 851 640 902 qua
673 841 830 886 autea
863 837 1073 894 ratione,
1121 850 1290 884 omnes
1321 835 1414 884 has
1441 835 1653 884 Fabricii
1678 835 1963 884 omittentes
1988 837 2323 899 quaestiones,
2360 837 2425 886 ad
2448 851 2571 902 quas
2594 853 2695 888 non
2718 837 2969 901 respondit
2992 837 3261 900 Keplerus·

679 907 1016 957 Fabricius
1056 902 1129 968 (4.
1159 901 1292 969 [it]
1312 906 1429 956 Jan.
1461 902 1652 966 1605)2
1693 905 1949 965 Quomodo
1975 906 2147 956 linea
2180 908 2541 958 meridiana
2576 907 2958 972 deprehenditur
2982 909 3073 958 sub
3091 904 3261 971 polis?

721 977 1122 1057 Keplerus:
1189 977 1284 1038 De
1333 976 1665 1038 meridiana
1710 976 1821 1038 sub
1868 978 2007 1057 polo
2056 979 2397 1056 quaerenda
2458 981 2773 1058 scripsisse
2822 999 2918 1041 me
2966 979 3108 1040 olim
3154 987 3263 1040 sat.

541 1066 805 1148 memini.
901 1063 1163 1136 Quaeris
1212 1067 1554 1146 oppositum
1597 1067 1656 1128 iu
1712 1066 1983 1145 adject0‚
2032 1067 2094 1128 id
2140 1085 2381 1147 nempe,
2444 1069 2599 1147 quod
2667 1087 2782 1129 non
2830 1075 2931 1128 est
2986 1067 3103 1128 nisi
3150 1086 3259 1129 re-

541 1164 752 1234 spectu
800 1153 918 1215 loci
965 1155 1218 1234 alicujus
1265 1155 1323 1214 in
1374 1154 1580 1231 Terra,
1633 1162 1699 1216 ut
1741 1155 2169 1234 Nordwegiae,
2218 1155 2597 1228 Moscoviae,
2643 1156 2991 1218 Hiberniae.
3087 1157 3261 1217 Tunc

544 1263 658 1304 nou
708 1243 962 1316 coelum,
1009 1244 1118 1304 sed
1167 1243 1356 1305 Terra
1400 1244 1798 1316 consulenda;
1866 1252 2222 1324 prospectus
2262 1263 2504 1324 nempe,
2556 1241 2665 1307 au't
2708 1245 2761 1306 si
2808 1247 2962 1306 forte
3006 1263 3262 1324 magnes

538 1332 874 1405 intueatur,
943 1332 1017 1393 de
1084 1350 1198 1411 quo
1253 1331 1608 1420 Gilbertus3
1673 1331 1941 1393 declinat
2004 1351 2215 1414 nempe
2282 1353 2321 1394 a
2381 1335 2521 1412 polo
2584 1335 2661 1396 ad
2725 1341 2932 1414 partes
2982 1334 3255 1414 potiores

541 1430 850 1492 terrarum,
901 1421 1272 1482 exstantium
1320 1440 1396 1482 ex
1443 1415 1705 1500 aquis.‘)

683 1510 1045 1559 Fabricius:
1088 1509 1144 1560 Si
1179 1525 1241 1560 ex
1277 1510 1462 1574 aliquot
1498 1507 1806 1570 acronychiis
1840 1508 1899 1569 15,
1950 1508 2097 1573 longo
2134 1513 2353 1572 tempore
2404 1510 2731 1567 distantibus,
2788 1510 2854 1560 ad
2890 1510 3148 1558 minimum
3186 1506 3263 1558 2⁰

540 1583 700 1636 annis.
739 1581 1086 1630 ecceutricitas
1123 1587 1176 1629 et
1210 1594 1487 1646 apogaeum
1522 1580 1697 1645 inquiri
1735 1579 1934 1637 debent,
1973 1581 2241 1643 quaeritur,
2280 1595 2347 1631 an
2382 1597 2481 1632 non
2518 1581 2689 1646 aliqua
2722 1583 2941 1632 varietas
2974 1582 3253 1645 ingeratur,

537 1653 613 1700 ita
650 1657 708 1700 ut
742 1665 907 1700 verum
966 1665 1244 1716 apogaeum
1293 1651 1369 1700 rel
1421 1650 1670 1714 aphelium
1723 1649 1830 1700 dari
1878 1665 1979 1700 non
2029 1652 2185 1714 possit
2202 1685 2217 1708 ,
2270 1666 2383 1701 cum
2434 1653 2655 1702 diversae
2702 1653 3069 1702 observationes
3106 1652 3137 1711 ij
3176 1651 3249 1700 di·

537 1737 682 1772 versa
718 1723 870 1772 etiam
905 1723 1176 1785 respiciant
1213 1719 1480 1786 apogaea?
1555 1721 1620 1770 Et
1655 1721 1896 1786 quomodo
1933 1723 2079 1772 errori
2119 1719 2183 1784 (si
2208 1724 2317 1787 quis
2354 1723 2467 1773 inde
2506 1719 2779 1784 redundet)
2824 1722 3123 1772 obviandum
3156 1723 3257 1772 sit?

713 1793 1126 1871 Keplerus:
1179 1794 1389 1867 Putas,
1437 1792 1598 1854 iutra
1647 1791 1732 1856 30
1779 1812 1969 1854 anuos
2016 1794 2248 1870 reditus
2293 1791 2334 1872 5
2382 1795 2601 1856 mutari
2643 1813 2977 1874 apogaeum
3026 1795 3255 1856 intole-

536 1882 828 1944 rabiliter.
923 1879 1202 1957 Quaeris,
1251 1881 1544 1962 quomodo
1592 1882 1950 1944 medendum
1996 1882 2055 1943 in
2086 1883 2468 1944 restitutione
2518 1883 2685 1962 ejus?
2777 1883 2919 1944 Jam
2948 1883 3060 1944 hoc
3090 1884 3248 1945 Pto-

535 1971 804 2033 lemaeus
849 1969 909 2030 in
957 1970 1134 2031 Luna
1179 1970 1400 2032 docuit.
1495 1970 1797 2033 Utendum
1847 1979 1945 2032 est
1990 1990 2105 2033 non
2154 1971 2410 2034 arcubus
2459 1972 2567 2033 sub
2615 1971 2883 2046 zodiaco,
2934 1972 3046 2033 sed
3092 1990 3250 2032 auo-

535 2060 734 2121 maliis
785 2057 1154 2140 simplicibus
1203 2067 1267 2121 et
1312 2059 1683 2139 coaequatiS,
1735 2059 2007 2140 quamvis
2056 2060 2255 2121 hercle
2303 2061 2691 2141 perexiguum
2738 2060 2851 2122 hoc
2900 2069 3015 2135 est,
3065 2059 3251 2141 quid-

537 2148 674 2228 quid
739 2154 852 2210 est.
947 2147 1170 2209 Martis
1233 2167 1422 2228 aeque
1489 2148 1666 2210 velox
1723 2157 1821 2210 est
1878 2146 2181 2228 aphelium
2240 2169 2418 2228 quam
2463 2151 2767 2229 proxime,
2836 2147 2985 2210 nihil
3048 2157 3257 2210 tamen

537 2236 680 2298 mihi
727 2237 932 2300 nocuit
976 2237 1075 2298 hic
1119 2245 1318 2298 motus
1365 2236 1698 2316 neglectus,
1749 2237 2023 2318 quamvis
2070 2239 2125 2299 ei
2172 2238 2367 2318 maj0r
2413 2237 2855 2299 ecceutricitaS.

679 2325 1054 2382 Fabricius:
1095 2324 1505 2389 compendiosam
1552 2331 1692 2374 tuam
1729 2325 1907 2375 Lunae
1944 2325 2058 2375 loca
2094 2341 2155 2376 ex
2192 2327 2469 2402 canonibus
2506 2326 2800 2388 Tychonicis
2838 2325 3133 2390 supputandi
3170 2337 3259 2374 ra-

535 2397 722 2446 tionem
757 2396 876 2446 mihi
915 2398 1266 2456 communices,
1306 2411 1508 2460 quaeso.

713 2467 1132 2547 Keplerus:
1199 2467 1292 2528 De
1359 2469 1568 2529 Lunae
1626 2468 1978 2547 compendio
2036 2470 2167 2546 jam
2233 2486 2417 2547 saepe
2485 2467 2786 2546 respondi.
2898 2467 3045 2530 Plus
3111 2466 3257 2528 mihi

535 2557 760 2619 laboris
808 2556 1220 2618 insumendum
1267 2555 1326 2619 in
1389 2557 1799 2631 describendo,
1865 2575 2045 2635 quam
2112 2556 2317 2618 decem
2386 2553 2492 2618 alii
2538 2557 2781 2635 capient
2842 2554 3125 2617 utilitatis
3192 2555 3257 2615 in

535 2646 782 2708 utendo.
877 2643 1312 2725 compendium
1357 2652 1454 2707 est
1500 2645 1814 2724 dispendio
1864 2645 2090 2718 simile,
2158 2645 2217 2706 in
2276 2663 2390 2726 quo
2436 2663 2588 2724 pene
2636 2645 2785 2706 nihil
2834 2645 3085 2718 tollitur,
3136 2643 3261 2704 nisi

535 2735 930 2815 triangulum,
998 2733 1156 2814 quod
1213 2752 1329 2795 non
1379 2733 1661 2810 solvitur,
1731 2741 1794 2795 et
1860 2743 2125 2796 motuum
2175 2734 2503 2796 mediorum
2568 2752 2684 2795 uon
2732 2734 2799 2796 fit
2847 2743 2970 2797 tam
3017 2733 3261 2814 prolixa

537 2824 788 2887 additio.
883 2822 952 2885 Si
997 2822 1337 2902 exemplum
1383 2822 1688 2896 haberem,
1737 2824 1917 2901 plane
1968 2842 2079 2883 non
2132 2843 2435 2902 negarem.

677 2914 760 2961 Fa
777 2914 1052 2963 bricius:
1093 2910 1248 2974 Cupio
1286 2926 1348 2961 ex
1371 2918 1424 2961 te
1463 2926 1780 2977 cognoscere,
1819 2926 1886 2962 an
1922 2912 2084 2961 nullus
2123 2926 2185 2962 ex
2219 2913 2439 2976 professo
2476 2913 2727 2976 scripserit
2762 2912 2825 2961 de
2860 2912 3125 2963 collatione
3162 2926 3259 2961 an-

535 2998 708 3033 norum
747 2984 1142 3033 observationum
1179 2984 1396 3032 omnium
1431 2982 1737 3032 Ptolemaei?

712 3072 1119 3156 Keplerus:
1183 3071 1521 3133 Ptolemaei
1567 3072 1897 3145 observata
1957 3072 2245 3152 pleraque
2304 3072 2665 3153 Buntyngns
2732 3071 2791 3131 in
2842 3070 3257 3150 chronologia

537 3162 610 3222 ad
660 3161 948 3222 calculum
1001 3158 1476 3239 Copernicanum
1523 3160 1913 3222 examinavit.
2008 3160 2261 3221 Praeter
2306 3158 2461 3221 hunc
2510 3160 2636 3221 scio
2676 3158 2990 3222 neminem.

677 3268 1037 3317 Fabriciusz
1097 3264 1388 3326 Quaeritur,
1447 3280 1512 3315 an
1549 3268 1756 3316 variatio
1795 3267 2181 3317 ecceutricitatis
2220 3265 2403 3315 Solaris
2454 3280 2629 3316 revera
2672 3267 3001 3316 mutationem
3038 3265 3253 3328 aliquam

535 3342 732 3404 ingerat
767 3344 1039 3389 ceterorum
1075 3336 1324 3386 motibus?
1399 3337 1616 3387 Dubium
1651 3340 1782 3387 euim
1839 3337 1933 3389 hoc
1970 3339 2179 3401 primum
2216 3339 2311 3387 erit
2346 3337 2781 3387 demonstrandum
2796 3372 2812 3393 ,
2868 3352 2983 3386 cum
3020 3337 3253 3387 observa·

533 3411 694 3461 nones
731 3410 1004 3460 Ptolemaei
1049 3410 1150 3458 sint
1185 3408 1288 3458 lato
1324 3408 1468 3458 modo
1508 3416 1765 3473 acceptae,
1814 3423 1911 3459 nec
1947 3423 2115 3459 veram
2152 3410 2576 3459 ecceutricitatem
2632 3409 2699 3458 ad
2734 3408 2863 3459 illius
2899 3414 3123 3472 tempora
3166 3422 3253 3457 ex-

531 3484 702 3533 hibere
738 3488 960 3547 possunt.
1012 3526 1022 3539 ,
2076 3540 2083 3549 .

710 3570 1130 3651 Keplerus:
1176 3568 1622 3631 Eccentricitas
1653 3566 1841 3641 Solis,
1892 3567 1945 3629 si
1990 3567 2134 3628 olim
2182 3568 2297 3629 fuit
2340 3567 2551 3647 major,
2600 3568 2659 3629 in
2690 3577 2740 3638 ο·
2794 3564 2898 3631 16’
2944 3586 2999 3629 c.
3048 3569 3253 3629 varie-

537 3668 726 3721 tatem
781 3666 990 3739 potest
1043 3657 1334 3737 ingerere.
1427 3657 1618 3717 Ecce:
1682 3656 1764 3718 sit
1822 3664 1873 3725 d
1932 3656 1992 3717 in
2050 3656 2369 3733 perihelio,
2442 3654 2523 3733 Q
2582 3658 2639 3717 in
2703 3656 2961 3736 ephe-lio,
3057 3654 3153 3717 Sit
3201 3666 3253 3726 ό

537 3748 832 3811 distantia
879 3768 916 3808 a
965 3744 1044 3824 Q
1095 3742 1378 3819 438300,
1433 3742 1512 3821 Θ
1571 3742 1851 3808 102100.
1946 3746 2015 3805 Iu
2063 3745 2287 3806 tabulis
2334 3746 2484 3806 meis
2529 3745 2734 3825 prodit
2778 3744 2961 3806 index
3014 3741 3249 3809 15058.

539 3838 626 3897 At
669 3836 811 3899 Sole
863 3836 1128 3896 distante
1171 3830 1474 3907 2101800‚
1534 3841 1599 3895 ut
1647 3834 1855 3909 hodie,
1915 3833 2098 3894 index
2156 3842 2253 3895 est-
2306 3831 2540 3897 15202.
2635 3833 2933 3896 Doctrina
2988 3834 3249 3895 indicum

535 3925 782 3988 exhibet
835 3921 937 3988 16¹
985 3920 1137 3987 38¹⁴.
1231 3922 1299 3984 In
1349 3922 1400 3996 Q
1449 3923 1640 4001 major
1687 3929 1893 4001 potest
1938 3922 2304 4001 contingere,
2352 3923 2413 3983 in
2454 3923 2677 3985 ceteris
2724 3924 2937 3984 minor.
3028 3924 3251 3983 Modus

536 4015 684 4075 haec
741 4012 1096 4094 explorandi
1145 4013 1276 4091 jam
1328 4010 1560 4091 pridem
1629 4010 1770 4071 mihi
1835 4010 2175 4072 destinatus
2224 4018 2321 4072 est
2380 4030 2488 4091 per
2530 4030 2711 4073 unam
2760 4010 3249 4072 observationem

535 4102 870 4165 Ptolemaei
919 4102 979 4162 in
1027 4108 1078 4170 (ς
1125 4100 1428 4174 habitam,
1497 4118 1572 4161 ex
1611 4098 1651 4161 5
1701 4100 1758 4160 iu
1809 4099 2181 4161 universum:
2247 4098 2309 4161 iu
2354 4100 2463 4162 illa
2509 4107 2560 4169 d
2608 4100 2721 4161 fuit
2773 4100 3025 4179 junctus
3072 4100 3249 4162 fixae.

535 4190 618 4252 Et
667 4210 910 4270 possem
969 4188 1106 4251 hinc
1153 4188 1330 4251 facile
1375 4190 1632 4269 probare
1691 4188 2163 4250 ecceutricitatis
2214 4184 2293 4265 Q
2344 4190 2457 4264 (ὃ)
2506 4188 2907 4252 variationem
2960 4188 3058 4249 vel
3104 4208 3249 4250 con-

535 4281 847 4348 stantiam,
894 4278 1099 4358 posita
1145 4277 1449 4340 constanti
1497 4276 1959 4339 excentricitate
2007 4286 2089 4353 (ς,
2140 4278 2192 4339 si
2238 4279 2415 4339 modo
2466 4278 2629 4338 locus
2672 4274 2753 4354 Θ
2794 4296 2873 4338 ex
2902 4276 3249 4339 Ptolemaeo

535 4369 647 4429 sub
697 4368 830 4429 fixis
886 4368 1040 4430 bene
1084 4375 1298 4447 posset
1344 4367 1432 4449 ad,
1471 4368 1580 4428 illa
1626 4374 1899 4445 tempora
1948 4366 2303 4445 computari.
2398 4366 2488 4427 At
2550 4378 2780 4439 metuo,
2850 4362 3077 4426 uffhoc
3124 4366 3245 4428 fleri

537 4476 652 4517 non
698 4457 914 4537 possit,
963 4456 1106 4537 quia
1148 4474 1291 4517 usus
1340 4456 1588 4518 orientis
1621 4456 1829 4516 Lunae
1879 4454 2269 4517 occumbente
2302 4453 2445 4516 Sole
2480 4474 2595 4516 non
2626 4464 2807 4516 cavet
2835 4455 3247 4515 retractiones,

677 4562 1042 4613 Fabricius:
1099 4561 1290 4617 Audio.
1344 4568 1396 4609 te
1447 4561 1676 4611 diuturno
1733 4566 1784 4611 et
1822 4560 2007 4611 difficili
2054 4563 2219 4611 morbo
2268 4562 2363 4612 hoc
2404 4575 2535 4611 anno
2575 4563 2855 4611 dii-exutum
2892 4562 3058 4611 fuisse.
3134 4560 3251 4624 Ejus

536 4633 680 4683 initia
715 4632 805 4683 &c-
843 4634 968 4682 scire
1005 4634 1148 4696 cupio
1187 4632 1384 4697 aliaque
1421 4645 1550 4695 quae
1585 4633 1674 4681 tibi
1711 4632 2018 4682 acciderunt.

716 4721 1118 4799 Keplerus:
1185 4720 1280 4782 De
1339 4721 1547 4783 morbo
1606 4740 1737 4783 meo
1801 4720 2081 4800 quaeris?
2172 4720 2382 4783 Febris
2444 4720 2703 4782 erratica
2766 4721 2879 4781 fuit
2925 4729 2989 4781 et
3035 4720 3245 4791 bilosa,

540 4820 818 4891 quartum
863 4808 1156 4885 recidiva,
1207 4829 1340 4873 curu
1383 4810 1636 4872 subinde
1685 4810 1742 4872 in
1791 4810 2001 4871 diaeta
2044 4828 2379 4890 peccarem.
2474 4807 2577 4871 29.
2605 4808 2761 4887 Maji
2806 4816 2886 4871 st.
2937 4829 2995 4875 u.
3045 4808 3251 4889 adegit

571 4939 600 4951 ν
