3634 5575
601 426 735 492 242
1716 425 1959 491 Δμιοιει
1991 422 2240 488 vroh-nis

607 608 709 650 ses
755 586 1223 662 astronomicas,
1289 584 1404 660 ait‘,
1480 602 1616 646 esse
1675 582 1937 647 effictam
1988 581 2453 644 delineationem
2518 578 2911 659 imaginariae
2969 596 3087 639 non
3146 594 3331 639 verae

605 684 673 739 et
715 675 1007 756 genuinae
1063 675 1292 737 formae
1339 672 1690 755 systematis
1737 672 2043 733 mundani.
2136 668 2373 740 Quibus
2440 667 2642 729 verbis
2702 675 2925 746 aperte·
2968 672 3157 743 negat
3208 666 3327 746 hy-

603 764 885 845 pothesin
933 780 1103 831 esse,
1169 782 1324 843 quae
1371 780 1487 823 non
1535 762 1620 823 sit
1665 761 1839 822 falsa.
1932 758 2267 821 Confirmat
2314 759 2467 819 hanc
2514 775 2687 818 snam
2732 754 3099 816 sententiam
3144 754 3329 834 paulo

607 860 774 933 post,
833 850 936 913 ubi
983 842 1096 925 ait,
1155 850 1304 912 nihil
1353 850 1514 911 aliud
1563 868 1700 911 esse
1751 848 2150 929 hypotheseS‚
2220 864 2399 926 quam
2446 852 2787 907 commenta
2834 843 3151 925 quaedam.
3242 840 3333 903 Et

605 940 854 1003 inferius
901 940 1006 1015 ait,
1055 958 1172 1001 non
1222 940 1348 1000 fore
1393 938 1764 1019 hypotheses
1811 938 1863 998 si
1912 955 2091 997 verae
2144 934 2286 997 sint.
2392 935 2575 996 ltem:
2622 932 2929 1012 proprium
2964 948 3103 992 esse
3130 931 3332 1011 hypo-

607 1029 870 1091 thesium
888 1072 904 1099 ‚
963 1047 1042 1089 ex
1088 1028 1244 1090 falso
1293 1046 1502 1089 verum
1549 1026 1871 1088 sciscitari.
1966 1020 2169 1095 Quare
2230 1023 2555 1084 secundum
2604 1022 2758 1083 hanc
2806 1020 3172 1082 sententiam
3218 1036 3347 1079 nee

609 1118 944 1180 movebitur
991 1117 1180 1178 Terra
1243 1134 1354 1178 nec
1403 1115 1692 1200 quiescet.
1784 1113 2120 1192 Utramque
2168 1112 2324 1175 enim
2376 1110 2737 1191 hypothesin
2780 1110 2972 1171 Ursus
3021 1107 3332 1169 fatebitur.

608 1206 694 1268 Et
738 1206 900 1267 mille
946 1205 1118 1267 talia.
1213 1202 1337 1266 Sed
1385 1204 1500 1265 hoc
1545 1210 1881 1265 monstrum
1928 1201 2291 1263 definitionis
2341 1200 2470 1280 jam
2518 1208 2703 1261 antea
2748 1197 2903 1259 satis
2948 1204 3048 1258 est
3093 1197 3335 1258 refuta-

609 1302 734 1357 tum
798 1312 910 1356 nec
955 1292 1160 1355 verbis
1209 1293 1451 1372 dignum
1501 1299 1615 1353 est.
1712 1292 1870 1351 Tota
1915 1291 2106 1352 series
2147 1308 2413 1351 errorum
2460 1297 2555 1350 est
2602 1306 2677 1349 ex
2724 1286 2973 1348 sinistro
3021 1285 3339 1347 intellectu

611 1384 832 1467 etymi:
883 1377 1319 1453 ὑποςοθεσθαι,
1385 1381 1544 1461 quod
1589 1380 1749 1443 Urso
1787 1379 2027 1441 videtur
2082 1378 2241 1440 idem
2288 1397 2423 1439 esse
2473 1377 2627 1457 quod
2678 1376 2920 1455 fingere.
3014 1374 3106 1435 At
3150 1390 3341 1453 supra

611 1472 888 1545 diximus,
939 1470 1074 1551 quis
1121 1471 1250 1551 ejus
1299 1470 1380 1534 sit
1425 1468 1802 1548 significatus
1850 1468 2009 1547 apud
2054 1474 2417 1546 geometras.
3110 1515 3129 1538 ,

786 1558 1022 1621 Deinde
1071 1558 1456 1639 hypotheses,
1499 1558 1605 1629 ait,
1651 1556 1907 1637 confingi
1956 1556 2033 1617 ad
2074 1555 2486 1618 observandos
2524 1560 2719 1613 motus
2750 1551 3069 1613 coelestes.
3162 1550 3338 1611 Haec

611 1648 918 1711 sententia
963 1667 996 1708 e
1029 1647 1324 1708 diametro
1353 1654 1583 1727 pugnat
1627 1658 1759 1706 cum
1825 1644 2104 1707 veritate.
2198 1644 2405 1705 Motus
2470 1642 2767 1705 coelestes
2816 1638 3139 1701 observare
3182 1630 3351 1718 pos?

601 1754 854 1810 sumus,
921 1735 1090 1797 nulla
1149 1734 1330 1813 plane
1395 1734 1605 1796 imbuti
1653 1733 1927 1813 opinione
1990 1731 2167 1794 ullius
2218 1730 2632 1812 dispositionis
2678 1728 2999 1791 coelorum.
3092 1724 3340 1789 Etenim

615 1823 962 1886 observatio
1011 1830 1276 1884 motuum
1323 1820 1674 1884 coelestium
1731 1830 2110 1883 astronomos
2156 1820 2483 1882 manducat
2529 1819 2606 1879 ad
2653 1818 3023 1900 hypotheses
3068 1814 3344 1895 legitime

615 1912 1092 1987 constituendas,
1145 1930 1260 1973 non
1293 1932 1324 1972 e
1355 1908 1676 1973 contrarie.
1771 1908 1950 1980 Quod
1998 1909 2153 1971 enim
2201 1909 2261 1970 in
2308 1908 2465 1970 omni
2496 1906 2838 1986 cognitione
2886 1906 2972 1981 fit,
3020 1913 3092 1967 ut
3136 1904 3217 1965 ab
3262 1902 3345 1965 iis

615 2020 770 2083 quae
816 2002 878 2062 in
925 2019 1140 2061 sensus
1199 1999 1507 2062 incurrunt
1567 1998 1796 2073 exorsi,
1864 2000 2085 2059 mentis
2132 1998 2465 2077 agitatione
2516 1995 2922 2076 provehamur
2966 1994 3047 2056 ad
3085 1992 3341 2066 altiora,

619 2108 772 2171 quae
826 2089 990 2151 nullo
1047 2107 1260 2150 sensus
1327 2088 1598 2150 acumine
1664 2086 2085 2165 comprehendi
2152 2094 2401 2167 queunt,
2469 2085 2627 2146 idem
2692 2091 2757 2146 et
2816 2084 2875 2145 in
2934 2080 3347 2145 astronomico

607 2178 858 2259 negotio
905 2176 1097 2239 locum
1145 2177 1356 2251 habet,
1428 2176 1524 2238 ubi
1569 2176 1823 2255 primum
1879 2174 2079 2237 varios
2142 2175 2526 2253 planetarum
2582 2172 2738 2234 situs
2795 2172 3049 2233 diversis
3094 2180 3344 2250 tempo-

615 2267 780 2329 ribus
828 2266 1014 2329 oculis
1063 2275 1369 2340 notamus,
1431 2263 1644 2345 quibus
1691 2262 2213 2325 observationibus
2259 2262 2644 2325 ratiocinatio
2692 2259 3119 2340 superveniens
3168 2276 3349 2321 men-

607 2362 738 2417 -tem
783 2355 845 2417 in
892 2354 1292 2435 cognitionem
1343 2354 1571 2415 formae
1617 2352 1955 2415 mundanae
2005 2352 2277 2425 deducit,
2334 2352 2505 2430 qu'us
2536 2349 2773 2431 quidem
2820 2350 3051 2413 formae
3076 2348 3347 2410 munda—

615 2463 730 2507 nae
777 2444 864 2505 sic
911 2462 987 2504 ex
1034 2442 1556 2505 observationibus
1602 2441 1922 2503 conclusae
1972 2440 2300 2502 delineatio
2332 2439 2755 2520 hypothesium
2804 2436 3349 2499 astronomicarum

613 2533 999 2614 postmodum
1045 2550 1256 2593 nomen
1306 2530 1682 2610 adipiscitur.
2302 2568 2328 2593 .

789 2621 996 2683 Tertio
1059 2626 1436 2682 astronomos
1502 2617 1562 2680 in
1619 2617 1684 2679 id
1739 2620 1961 2680 saltem
2022 2616 2336 2678 elaborare
2398 2615 2557 2689 vult,
2623 2622 2689 2675 ut
2750 2632 2824 2675 ex
2873 2615 3167 2676 assumtis
3212 2614 3351 2677 suis

616 2708 1054 2794 hypothesibus
1101 2708 1394 2770 rationem
1441 2707 1702 2769 reddant
1747 2712 2015 2768 motuum
2052 2705 2403 2767 coelestium
2450 2704 2856 2784 doceantque,
2918 2704 3129 2783 quales
3172 2704 3350 2765 futu-

617 2801 703 2862 ris
767 2798 1139 2878 temporibus
1205 2798 1537 2876 apparituri
1602 2796 1746 2866 sint.
1858 2795 2071 2874 Neque
2128 2794 2225 2856 hic
2298 2792 2426 2854 sine
2493 2792 2845 2872 exceptione
2902 2811 3107 2854 verum
3172 2794 3350 2855 dicit.

619 2888 782 2952 Nam
829 2887 946 2948 etsi
995 2887 1128 2957 hoc,
1177 2886 1334 2966 quod
1381 2885 1548 2959 dicit,
1599 2884 1931 2946 astronomi
1974 2882 2321 2962 primarium
2371 2889 2467 2944 est
2504 2882 2781 2956 officium,
2830 2899 2949 2942 non
2996 2890 3097 2942 est
3138 2890 3353 2944 tamen

621 2983 1010 3038 astronomus
1059 2993 1091 3034 e
1141 2983 1318 3035 coetu
1364 2971 1853 3053 philosophorum
1872 3019 1887 3045 ,
1948 2971 2045 3051 qui
2094 2971 2169 3032 de
2217 2989 2411 3034 rerum
2474 2977 2692 3032 natura
2738 2977 3064 3048 quaerunt,
3132 2971 3346 3033 exclu-

623 3063 878 3126 dendus.
971 3063 1140 3124 Bene
1187 3062 1456 3142 fungitur
1499 3060 1700 3122 officio
1747 3059 2095 3135 astronomi,
2146 3059 2245 3139 qui
2294 3077 2470 3138 quam
2514 3059 2783 3138 proxime
2830 3065 3031 3120 motus
3079 3068 3144 3121 et
3184 3059 3353 3122 situs

618 3152 936 3215 stellarum
983 3148 1316 3232 praedicit:
1365 3149 1582 3212 melius
1629 3157 1833 3211 tamen
1882 3149 2030 3211 facit
2078 3157 2141 3208 et
2188 3148 2403 3228 majori
2448 3147 2627 3209 laude
2664 3147 2881 3227 dignus
2924 3147 3197 3223 habetur,
3248 3149 3356 3230 qui

623 3249 870 3324 praeter
928 3240 1042 3301 hoc
1102 3239 1288 3301 etiam
1337 3259 1516 3300 veras
1575 3240 1650 3300 de
1709 3237 1913 3300 muudi
1968 3238 2163 3298 forma
2220 3237 2561 3297 sententias
2615 3234 2881 3298 adhibet.
2976 3236 3089 3299 Ille
3134 3255 3355 3317 nempe

625 3347 833 3390 verum
891 3328 1087 3408 quoad
1143 3328 1334 3390 visum
1405 3327 1737 3389 concludit:
1800 3326 1897 3387 hic
1944 3345 2061 3387 non
2120 3333 2359 3386 tantum
2405 3324 2559 3386 visui
2606 3325 2968 3387 concludens
3014 3325 3353 3400 satisfacit,

625 3417 737 3480 sed
783 3417 972 3479 etiam
1021 3422 1276 3478 naturae
1321 3416 1762 3495 penitissimam
1813 3416 2061 3478 formam
2108 3413 2513 3475 concludendo
2570 3413 2991 3492 amplectitur,
3050 3423 3119 3476 ut
3162 3431 3357 3494 supra

627 3507 742 3568 fuit
807 3506 1191 3585 explicatum.
1220 3549 1242 3556 -
1299 3504 1509 3586 Neque
1569 3505 1666 3567 hic
1732 3503 2104 3566 solummodo
2169 3503 2417 3564 ideam
2479 3502 2743 3582 aliquam
2808 3502 2950 3564 boni
3016 3503 3356 3564 astronomi

627 3596 936 3658 describo:
1007 3593 1284 3674 exempla
1339 3602 1682 3674 suppetunt.
1774 3594 1914 3656 Non
1981 3592 2097 3654 fuit
2140 3590 2544 3652 necessarium
2593 3591 2670 3651 ad
2716 3599 2915 3652 motus
2968 3593 3357 3670 planetarum

629 3684 1084 3765 praedicendos,
1135 3691 1204 3743 ut
1250 3683 1638 3744 Ptolemaeus
1689 3682 1763 3742 de
1811 3681 2022 3743 ordine
2076 3679 2467 3761 sphaerarum
2518 3679 2879 3758 disputaret,
2933 3688 3001 3741 et
3037 3680 3099 3742 id
3142 3688 3352 3742 tamen

629 3773 679 3834 is
729 3773 1051 3850 diligenter
1099 3770 1266 3833 fecit.
1357 3771 1494 3833 Non
1545 3772 1660 3832 fuit
1703 3769 2109 3832 necessarium
2158 3769 2236 3830 ad
2286 3776 2486 3830 motus
2532 3769 2910 3847 planetarum
2957 3769 3191 3832 >calculo
3236 3787 3357 3831 ex-

627 3861 988 3940 promendos
1035 3866 1100 3920 et
1143 3859 1613 3939 praedicendos‚
1677 3868 1744 3920 ut
1792 3854 2161 3937 Copernicus
2220 3865 2283 3918 et
2348 3863 2493 3936 post
2538 3857 2705 3918 illum
2749 3857 2827 3918 D.
2878 3857 3083 3939 Tycbo
3130 3877 3357 3920 causas

629 3949 1015 4028 inquirerent,
1067 3966 1170 4008 cur
1219 3948 1500 4026 planetae
1550 3945 1887 4028 ἀκρωυχιοι
1930 3947 2080 4007 fiant
2110 3946 2311 4007 Terris
2356 3945 2633 4024 proximi.
2722 3944 3021 4007 Poterant
3048 3946 3207 4008 enim
3252 3947 3357 4010 vel

629 4037 1006 4100 Ptolemaica
1075 4037 1270 4096 forma
1350 4036 1650 4096 coelorum
1707 4037 1797 4096 usi
1875 4035 2160 4096 correctis
2236 4033 2704 4096 dimensionibus
2782 4035 2944 4096 idem
3007 4045 3351 4114 praestare.

628 4125 751 4187 Sed
791 4125 940 4187 fecit
985 4141 1152 4186 amor
1197 4124 1654 4202 cognoscendae
1701 4131 1977 4198 naturae,
2030 4131 2097 4184 ut
2144 4121 2473 4184 astronomi
2520 4122 2939 4185 astronomicis
2976 4123 3357 4203 argumentis

625 4215 782 4276 hanc
828 4213 1109 4294 physices
1157 4219 1391 4291 partem
1429 4213 1870 4291 explorandam
1920 4222 2241 4284 sumerent,
2292 4229 2401 4272 nec
2449 4209 2669 4289 injuria
2697 4210 3033 4290 gloriantur
3076 4213 3154 4274 de
3200 4233 3357 4275 sua-

621 4321 753 4366 rum
797 4301 1218 4384 hypothesium
1283 4319 1416 4362 cum
1465 4319 1662 4362 rerum
1713 4311 1937 4362 natura
1988 4300 2433 4361 conformitate.
2526 4296 2687 4368 Quid
2738 4299 3155 4380 Copernicus?
3220 4320 3361 4363 cum

623 4392 1135 4453 animadverteret
1198 4389 1257 4450 in
1305 4389 1658 4450 Ptolemaeo
1721 4389 2021 4470 quandam
2078 4388 2576 4468 inaequalitatem
2624 4397 2820 4450 motus
2889 4389 3167 4472 epicycli,
3236 4408 3359 4451 non

625 4479 767 4560 quia
819 4480 878 4540 is
931 4485 1130 4562 motus
1177 4476 1332 4563 visui
1396 4485 1460 4539 et
1517 4477 1929 4554 experientiae
1992 4495 2098 4537 seu
2154 4475 2565 4538 observationi
2630 4477 2973 4553 stellarum,
3038 4478 3151 4540 sed
3215 4477 3361 4560 quia

549 4601 562 4606 -
623 4587 819 4630 rerum
877 4576 1130 4629 naturae
1196 4573 1594 4645 repugnaret,
1661 4566 1796 4628 ideo
1844 4566 1982 4626 hinc
2028 4565 2409 4627 occasionem
2452 4585 2523 4627 se
2568 4565 2852 4644 adeptum
2910 4567 3253 4647 profitetur,
3318 4587 3361 4628 a

627 4655 978 4716 Ptolemaeo
1037 4653 1408 4716 discedendi.
1503 4654 1586 4714 Et
1641 4671 1676 4714 o
1723 4655 2007 4716 miserum
2054 4653 2478 4729 Aristotelem,
2550 4655 2833 4719 miseram
2893 4655 3027 4735 ejus
3080 4655 3359 4736 philoso-

623 4743 854 4822 phiam,
903 4761 1022 4823 qua
1066 4751 1246 4822 parte
1291 4741 1674 4804 divinissima
1719 4751 2034 4818 censetur,
2080 4743 2136 4803 si
2179 4741 2510 4804 astronomi
2556 4751 2684 4804 tam
2731 4743 2929 4806 malae
2974 4744 3113 4806 fidei
3158 4753 3361 4808 testes

623 4829 685 4893 in
733 4830 1162 4909 philosophicis
1221 4830 1649 4892 controversiis
1697 4831 1865 4893 fiunt.
1961 4833 2020 4892 ls
2068 4832 2245 4904 enim,
2296 4849 2427 4892 cum
2476 4850 2547 4892 eo
2597 4832 2963 4907 devenisset,
3012 4842 3080 4896 ut
3124 4842 3360 4896 certum

623 4918 1159 5002 intelligentiarum
1235 4920 1590 4983 coelestium
1647 4937 1951 4982 numerum
2018 4929 2083 4981 et
2138 4919 2408 4982 ordinem
2466 4921 2799 5000 exprimere
2862 4941 3114 4986 neeesse
3170 4933 3359 5004 esset,
