3634 5575
1367 361 1374 372 ,
1458 317 1521 370 de
1556 318 1702 370 robu-
1739 318 2064 388 astrologicis.
2992 317 3119 386 313

397 474 596 538 Rheni
641 480 877 538 tractus
921 475 1309 539 contremuit:
1373 475 1579 558 itaque
1623 476 1754 558 jam
1803 497 1919 540 non
1970 479 2127 558 apud
2174 497 2285 540 vos
2332 477 2557 552 solum,
2623 479 2733 544 sed
2778 487 2845 544 et
2885 480 2949 544 in
2999 479 3121 542 Al-

403 563 588 640 satia,
637 563 1122 644 Luxemburgia,
1171 566 1549 644 Burgundia,
1603 564 1841 640 Gallia,
1894 567 2180 629 Helvetia
2235 567 2391 630 varii
2435 575 2671 645 motus,
2722 570 2861 632 dum
2908 569 3121 648 religio

399 654 498 715 vel
543 652 984 734 suspicionibus
1045 654 1144 716 vel
1187 675 1254 717 re
1300 657 1436 736 ipsa
1493 655 1712 734 agitur.
1807 653 1971 726 Quid
2018 657 2307 720 faciemus
2366 675 2477 718 nos
2538 657 2625 719 illi
2682 658 2954 734 Palladi,
3022 677 3117 732 ne,

401 743 542 806 dum
605 743 847 804 hastam
909 743 1138 816 vibrat,
1209 745 1438 806 coelum
1503 745 1869 823 perturbet?
1962 743 2212 808 Scilicet
2277 744 2355 807 ad
2400 745 2595 808 Deum
2654 747 3121 826 confugiendum

399 831 613 907 unice,
681 837 744 894 et
807 849 883 892 ex
947 831 1042 894 his
1087 834 1442 913 promiscuis
1488 834 1651 895 vitae
1713 832 1957 896 casibus
2019 834 2393 896 dediscenda
2450 835 2585 896 vita
2610 837 2805 916 ipsa,
2873 844 2941 898 ut
2988 855 3119 898 eam

402 927 576 983 tanto
623 920 890 1002 aequiori
937 921 1134 984 animo
1181 940 1490 1004 ponamus,
1541 942 1674 984 cum
1720 942 1989 984 summus
2032 924 2137 992 ille
2174 922 2433 1004 jusserit
2460 922 2812 1004 imperator.
2894 922 3123 988 Cetera

403 1028 478 1071 ex
524 1017 620 1072 te.
698 1028 814 1090 quo
861 1010 1018 1072 enim
1064 1011 1177 1072 tibi
1223 1011 1498 1092 exemplo
1547 1011 1907 1074 documenta
1976 1013 2119 1074 dare
2165 1030 2442 1092 possem,
2509 1013 2572 1076 id
2618 1015 2748 1094 jam
2818 1020 2882 1076 et
2937 1014 2995 1075 in
3059 1020 3120 1076 te

401 1099 553 1179 proh
601 1099 774 1160 dolor
820 1099 1129 1178 expeririS,
1179 1108 1244 1162 et
1288 1102 1500 1181 cuique
1548 1117 1664 1161 non
1712 1101 1970 1162 alienum
2002 1101 2356 1180 exemplum,
2406 1102 2513 1163 sed
2562 1121 2704 1165 suus
2752 1121 2931 1166 casus
2973 1121 3119 1181 gra-

403 1187 706 1250 vissimus.
799 1185 934 1266 Ego
983 1186 1056 1250 de
1103 1195 1193 1265 te,
1261 1189 1343 1252 mi
1399 1188 1682 1260 Fabrici,
1747 1189 1823 1251 ob
1880 1190 2175 1254 Uraniam
2240 1199 2511 1253 nostram
2567 1192 2871 1274 privatam
2936 1192 3121 1253 etiam

405 1278 502 1339 alo
551 1274 1034 1348 sollicitudinem,
1081 1297 1256 1358 quam
1305 1285 1478 1340 tanto
1527 1276 1720 1357 magis
1769 1279 2106 1354 confirmas,
2160 1287 2383 1359 quanto
2430 1287 2493 1341 te
2540 1281 2719 1343 video
2769 1279 3123 1360 diligentio-

404 1383 530 1428 rem
573 1365 636 1426 in
686 1364 1140 1446 quaestionibus
1189 1367 1618 1448 proponendis.

583 1452 708 1516 Sed
755 1453 833 1514 ad
878 1473 1028 1518 rem.
1124 1455 1370 1518 Literas
1419 1475 1618 1531 meae,
1661 1474 1792 1536 sup.
1846 1413 2101 1519 Octobri
2149 1457 2442 1536 scriptas,
2508 1475 2618 1538 per
2664 1455 3003 1518 ministrum
3052 1455 3121 1518 L.

403 1543 477 1604 B.
527 1563 565 1603 a
609 1541 1040 1606 Dietrickstein
1090 1545 1286 1624 (cujus
1335 1565 1468 1607 cum
1514 1543 1654 1620 filio,
1703 1565 1893 1626 nuper
1940 1546 1997 1606 in
2044 1546 2318 1624 Ungaria
2364 1544 2727 1607 variolorum
2784 1552 2849 1606 et
2894 1545 3121 1626 dysen-

405 1631 598 1693 teriae
643 1629 822 1692 malis
868 1633 1158 1708 extincto,
1209 1632 1304 1695 hic
1353 1633 1412 1695 in
1462 1633 1823 1713 colloquium
1870 1633 2123 1706 venisti)
2183 1633 2261 1696 ad
2307 1653 2523 1695 manus
2572 1631 2933 1696 Cancellarii
2982 1632 3121 1694 Ffi-

405 1721 533 1783 saei
582 1720 702 1793 (sic
748 1719 962 1782 habuit
1003 1721 1346 1803 inscriptio)
1393 1721 1821 1800 transmissas,
1880 1722 1993 1785 tibi
2038 1741 2181 1784 vero
2226 1722 2587 1802 inscriptas,
2636 1729 2783 1801 puto
2830 1729 2892 1784 te
2940 1739 3123 1782 acce-

404 1810 568 1891 pisse
582 1828 600 1884 3
677 1809 952 1890 quamvis
1002 1809 1416 1874 cancellarius
1475 1811 1622 1873 mihi
1667 1811 2073 1887 recensuerit,
2142 1830 2212 1872 eo
2260 1811 2394 1892 ipso
2442 1817 2712 1890 tempore
2761 1829 2827 1872 se
2875 1809 3121 1884 abiisse,

407 1918 521 1979 quo
568 1899 670 1961 ille
720 1898 1070 1974 advenerat,
1119 1919 1232 1962 nec
1277 1901 1506 1963 vidisse
1552 1902 1666 1964 has
1715 1901 1947 1965 literaS.
2040 1900 2305 1980 Require
2354 1900 2539 1980 igitur
2585 1901 2663 1962 ab
2693 1900 2821 1981 ejus
2869 1897 3121 1961 familia.

405 1989 518 2050 His
565 1987 759 2051 literis
808 1988 883 2049 ad
933 1997 1168 2068 partem
1215 1996 1476 2059 tuarum,
1527 2009 1675 2071 quas
1723 2011 1800 2053 ex
1834 1989 2290 2070 Archiepiscopi
2330 1992 2505 2052 domo
2543 1989 2768 2068 accepi,
2818 1986 3122 2068 respondi.

405 2077 501 2138 Ex
559 2095 628 2138 eo
691 2084 962 2157 tempore
1027 2077 1202 2142 binas
1269 2079 1424 2141 alias
1491 2079 1699 2159 accepi
1763 2081 1975 2142 eodem
2040 2087 2310 2160 tempore
2377 2100 2415 2140 a
2458 2079 2676 2140 Franc.
2729 2075 3124 2156 Tengn'aglio,

407 2184 654 2246 quarum
701 2165 760 2228 in
806 2167 1230 2245 praesentibus
1277 2167 1638 2230 mentionem
1693 2169 1871 2232 faeiS.
1963 2168 2098 2246 Ego
2147 2167 2205 2228 in
2268 2167 2389 2230 illis
2438 2166 2559 2229 tuis
2606 2165 3122 2244 Archiepiscopa-

409 2256 563 2318 libus
627 2273 877 2335 pergam
941 2257 1144 2332 initio,
1207 2265 1384 2338 post,
1454 2257 1506 2320 si
1577 2258 1717 2338 quid
1783 2257 1920 2321 novi
1994 2255 2293 2337 scripsisti
2350 2257 2411 2318 in
2476 2254 2867 2336 sequentibus
2915 2253 3125 2316 itidem

407 2344 732 2406 ruminabo.

549 2451 918 2502 Fabricius}
993 2449 1286 2510 Quaeritur,
1343 2462 1410 2502 an
1455 2455 1643 2518 signa
1691 2451 2039 2508 coelestia,
2102 2449 2180 2500 vel
2214 2449 2507 2516 magnitudo
2546 2447 2613 2498 12
2650 2451 2901 2516 signorum
2938 2451 3126 2500 cousti-

409 2521 598 2572 tuenda
647 2523 714 2570 sit
759 2523 926 2585 potius
974 2528 1204 2585 respectu
1255 2521 1418 2574 motus
1467 2525 1616 2574 medii
1669 2524 1746 2574 vel
1793 2521 1935 2574 veri?
2010 2522 2081 2572 Ut
2115 2535 2277 2572 annus
2313 2525 2447 2571 totns
2490 2524 2543 2570 in
2581 2518 2647 2569 12
2686 2521 2923 2585 aequales
2958 2527 3127 2585 partes

411 2592 655 2650 dividitur,
691 2593 768 2642 ita
803 2601 857 2642 et
890 2593 1084 2644 coelum
1121 2594 1434 2644 dividendum
1472 2600 1608 2645 esset
1641 2597 1692 2644 in
1736 2593 1798 2642 ¹2
1824 2601 2011 2658 partes,
2050 2607 2179 2658 quae
2216 2594 2361 2658 signa
2378 2599 2635 2642 vocantur.
2710 2592 2762 2643 Si
2799 2593 2851 2642 in
2888 2593 3125 2657 aequales

412 2671 578 2728 partes
617 2663 808 2714 coelum
846 2664 1104 2722 dividitur,
1143 2671 1264 2716 tnnc
1299 2681 1508 2717 necesse
1545 2673 1638 2723 eat,
1675 2666 1798 2716 illud
1834 2665 1940 2715 fieri
1979 2664 2159 2716 debere
2195 2665 2389 2714 ratione
2426 2663 2575 2713 medii
2609 2669 2772 2714 motus
2811 2669 2863 2712 et
2896 2677 2998 2712 non
3036 2677 3125 2727 ap-

409 2737 629 2801 parentis
644 2770 659 2793 ,
718 2737 802 2800 qui
837 2735 1082 2786 interdum
1121 2735 1317 2801 aequali
1352 2739 1586 2802 temporis
1622 2739 1784 2801 spatio
1819 2737 2034 2795 tardior,
2092 2741 2147 2786 et
2181 2736 2253 2784 sic
2302 2735 2527 2801 longiora
2570 2736 2717 2801 signa
2752 2736 2969 2793 facerem
3034 2734 3122 2784 ali-

412 2807 609 2872 quando
649 2806 868 2865 celerior,
907 2813 962 2857 et
993 2809 1066 2858 sic
1101 2808 1326 2860 breviora
1359 2810 1522 2875 signa.
1595 2809 1744 2860 Hanc
1780 2810 2123 2873 quaestionem
2161 2822 2265 2857 non
2301 2820 2480 2858 vanam
2516 2812 2709 2871 putato.

587 2878 994 2958 Keplerus:
1071 2880 1164 2941 De
1213 2882 1636 2943 distributione
1684 2882 1991 2961 signorum
2048 2879 2402 2941 coelestium
2450 2898 2567 2939 non
2616 2897 2773 2940 vana
2816 2878 3017 2958 inquis
3063 2885 3127 2938 te

413 2985 720 3049 quaerere.
816 2966 1282 3031 Consideremus
1329 2989 1495 3031 usus.
1589 2968 1655 3031 Si
1705 2970 1780 3031 ob
1830 2968 2334 3043 numerationem,
2402 2967 2463 3029 in
2526 2973 2765 3049 promtu
2840 2986 2941 3029 res
3008 2974 3123 3039 est,

414 3076 549 3119 eam
597 3057 914 3135 aequalem
973 3076 1108 3119 esse
1171 3058 1418 3132 debere,
1488 3068 1550 3123 et
1595 3058 2006 3139 pulchrorum,
2074 3057 2557 3134 articulatornm,
2626 3063 2808 3136 captu
2863 3055 3129 3117 facilium

413 3163 808 3221 numerorum,
861 3146 989 3207 sine
1037 3146 1158 3209 ull-o
1209 3156 1408 3209 motus
1455 3154 1754 3227 respectu,
1801 3147 1911 3209 sed
1957 3164 2098 3208 vere
2146 3145 2511 3221 distributio,
2560 3153 2847 3226 tanquam
2894 3144 3131 3207 itineris

415 3234 474 3296 in
520 3242 740 3295 metas.
835 3233 905 3297 Si
952 3235 1030 3296 ob
1078 3236 1342 3299 dominia
1387 3256 1462 3297 ea
1509 3244 1571 3297 et
1631 3236 1857 3298 limites
1907 3235 2393 3314 jurisdictionum
2438 3233 2949 3315 planetariarnm,
3018 3253 3129 3313 age

417 3330 484 3386 ut
531 3322 812 3397 libuerit;
879 3342 992 3400 ego
1037 3331 1233 3384 toturn
1280 3324 1586 3404 negotium
1630 3319 1851 3386 'vanum
1897 3331 2075 3406 puto,
2144 3324 2256 3386 nisi
2316 3331 2611 3402 quatenus
2673 3343 2711 3383 a
2761 3322 2895 3385 fixis
2944 3331 3007 3384 et
3054 3322 3129 3385 ab

418 3410 739 3474 altitudine
807 3412 1033 3475 orbium
1082 3412 1305 3493 aliquid
1372 3412 1717 3476 ratiocinari
1781 3412 2105 3493 possimus.
2199 3409 2359 3482 Quid
2406 3412 2608 3474 enim?
2700 3410 2809 3473 Sol
2866 3419 3129 3491 quotan-

417 3501 510 3563 nis
572 3518 762 3563 novas
827 3501 1092 3581 planetis
1158 3501 1433 3578 tabulas,
1499 3521 1689 3563 novos
1757 3501 1981 3563 limites
2044 3498 2455 3562 describeret?
2546 3500 2646 3561 An
2692 3518 2811 3560 non
2857 3500 3016 3562 idem
3064 3506 3128 3560 et

415 3590 591 3653 Luna
637 3590 911 3651 faceret?
1002 3590 1169 3651 Idem
1217 3599 1282 3653 et
1341 3591 1526 3654 ceteri
1572 3590 1911 3672 planetae?
2002 3588 2071 3651 Si
2119 3588 2195 3649 ob
2245 3595 2565 3668 aspectus,
2633 3606 2871 3650 rursum
2916 3586 3129 3650 distri-

311 3740 322 3749 ,
417 3677 724 3742 butionem
769 3685 1014 3758 oportet
1059 3698 1196 3741 esse
1244 3680 1585 3760 aequalem,
1651 3686 1758 3743 aut
1800 3680 1861 3741 in
1911 3677 2328 3759 inaequalibus
2376 3676 2448 3738 iis
2498 3675 2899 3798 inaequaliter
2946 3677 3131 3739 etiarn

417 3766 801 3843 numerandi,
852 3787 962 3829 nec
1009 3790 1047 3830 a
1093 3763 1298 3842 21οΠ
1343 3769 1402 3831 in
1452 3767 1644 3846 21οῼ
1691 3767 1931 3833 sextilis
1980 3768 2115 3842 erit,
2164 3766 2273 3829 sed
2322 3786 2361 3828 a
2407 3763 2533 3829 210
2549 3771 2615 3839 Π
2659 3766 2717 3828 in
2760 3762 2951 3842 22⁰2
3000 3766 3128 3827 for-

419 3866 606 3917 tasse.
704 3854 774 3917 Si
819 3856 1073 3937 denique
1121 3858 1196 3919 ob
1244 3858 1628 3939 directiones,
1689 3857 1786 3921 bic
1834 3877 1981 3919 sane
2028 3866 2227 3919 tecum
2288 3873 2403 3935 ego
2449 3856 2646 3917 sentio
2692 3855 2753 3917 in
2800 3872 2933 3916 meo
2982 3854 3129 3916 diri-

417 3937 598 4025 gendi
645 3946 843 4007 modo.
936 3947 1095 4007 Nam
1142 3965 1318 4009 arcus
1365 3948 1714 4027 eclipticas,
1781 3968 1821 4008 a
1867 3944 2373 4027 significatoribus
2421 3943 2721 4017 inchoati,
2788 3944 3134 4006 dividuntur

419 4033 478 4094 in
526 4032 734 4113 spatia
799 4034 1078 4113 aequalia
1133 4035 1360 4097 diurnis
1414 4036 1676 4099 motibus
1744 4034 1909 4099 Solis
1966 4036 2092 4116 eJus
2146 4033 2401 4109 mensis,
2457 4033 2517 4095 in
2568 4051 2681 4113 quo
2729 4041 2827 4095 est
2872 4030 3133 4112 genesis

421 4122 488 4183 In
546 4123 913 4185 ascendente
977 4141 1120 4184 vero
1187 4130 1252 4185 et
1311 4125 1508 4187 medio
1574 4124 1725 4187 coeli
1791 4144 1969 4186 arcus
2031 4122 2379 4203 aequatoris
2436 4122 2782 4185 dividuntur
2826 4121 2886 4183 in
2933 4120 3137 4200 spatia

422 4212 697 4291 aequalia
757 4212 1210 4275 ascensionibus
1270 4214 1454 4275 rectis
1514 4214 1855 4277 diurnorum
1914 4210 2100 4275 Solis.
2196 4210 2320 4273 Sed
2378 4210 2750 4285 memineris,
2818 4210 2931 4274 hoc
2998 4230 3133 4273 esse

389 4300 699 4381 dirigere,
747 4309 814 4363 et
857 4320 976 4363 non
1023 4302 1380 4364 distribuere
1427 4302 1777 4365 zodiacum:
1830 4302 1995 4363 illam
2040 4302 2339 4363 rationem
2365 4300 2742 4374 variabilem,
2790 4298 2945 4361 hanc
2988 4318 3135 4379 per-

420 4395 662 4469 petuam
709 4408 846 4451 esse
893 4391 1192 4453 convenit.

599 4479 694 4540 De
742 4478 1174 4559 astrologia
1221 4498 1372 4560 quae
1403 4478 1618 4558 scripsi
1666 4478 1742 4539 ad
1791 4484 1874 4553 te,
1926 4476 2087 4539 seria
2133 4477 2370 4557 accipe;
2418 4495 2555 4539 nam
2602 4476 2656 4539 si
2693 4476 2846 4539 bene
2874 4476 3133 4553 memini,

425 4586 456 4628 e
505 4566 892 4648 dogmatibus
941 4576 1004 4629 et
1049 4568 1342 4647 exemplis
1387 4567 1662 4639 ostendi,
1725 4586 1819 4629 me
1878 4584 1994 4627 non
2052 4572 2245 4629 totam
2303 4564 2665 4629 convellere.
2758 4565 2850 4629 Tu
2896 4568 2949 4630 si
2996 4566 3136 4647 quid

425 4656 521 4719 hic
565 4655 973 4738 praestiteris,
1019 4655 1261 4718 laudem
1307 4663 1480 4718 tanto
1527 4656 1840 4735 majorem,
1891 4674 2066 4735 quam
2118 4673 2249 4734 ego,
2299 4654 2672 4734 reportabis,
2724 4665 2947 4736 quanto
2993 4675 3137 4738 pro-

424 4746 560 4824 pius
606 4746 940 4823 astrologia
986 4745 1063 4806 ad
1110 4764 1256 4806 usus
1303 4746 1594 4807 humanos
1643 4745 1899 4819 accedit,
1950 4751 2175 4824 quanto
2223 4744 2373 4807 haec
2420 4741 2699 4805 subtilior
2744 4746 3136 4809 astronomia.

425 4834 654 4899 Verum
729 4834 914 4911 scito,
979 4834 1250 4914 primum·
1302 4842 1484 4916 atque
1540 4841 1606 4897 tu
1653 4840 1851 4897 metas
1908 4832 2211 4914 ἀκριβειας
2256 4839 2323 4894 et
2366 4830 2579 4895 virium
2625 4832 2867 4898 humani
2916 4834 3137 4916 ingenii
