3634 5575
29 1979 37 2521 -,-.-..-.,,...-...-
29 550 47 1881 -ο--ν-ι-σ-ψ--ὌΠΠΠΙ--Π

1471 382 1792 434 ωσι-ιω.
2210 346 2215 349 ’
2890 378 2979 447 59

283 542 674 605 mimicum
723 558 790 595 ea
833 544 1002 593 omnia
1050 542 1130 593 vel
1181 542 1398 609 aliquam
1446 547 1638 607 partam
1673 542 1923 593 inlunem
1954 556 2237 607 promovere
2271 540 2433 593 vellet.
2505 538 2733 607 Namque
2766 540 2987 605 profecto

283 616 556 669 muentur,
591 618 648 665 ut
682 614 885 663 tandem
922 628 984 663 ex
1017 613 1248 670 tenebris,
1284 614 1458 678 quibus
1493 615 1616 663 satis
1653 613 1735 663 diu
1771 610 1968 676 sepulta
1996 614 2284 675 jacuerunt,
2322 613 2412 663 sub
2449 612 2737 677 adspectum
2774 612 2987 663 omnium

281 682 588 733 eruditorum
621 684 948 735 adducantur.
1019 684 1187 749 quue
1233 686 1394 750 magis
1441 684 1508 735 ad
1557 683 1837 735 editionem‘
1866 684 2211 733 maturandam
2246 684 2417 733 horum
2454 698 2654 747 operum
2687 682 2979 747 propendeo.

281 769 386 818 quo
419 757 579 820 magis
615 756 748 807 clare
783 755 1021 820 perspicio
1038 791 1052 813 ,
1103 755 1234 820 quod
1265 754 1405 807 Deus
1444 754 1506 807 Ο.
1541 756 1611 805 Μ.
1647 757 1754 819 ipse
1791 770 1855 807 ea
1901 761 2135 820 tanquam
2178 755 2369 819 publico
2425 754 2677 805 commodo
2736 754 2989 805 destinata

281 839 580 876 conservare
615 826 992 877 clementissime
1025 826 1247 877 voluerit.
1323 825 1468 886 Quod
1518 828 1695 877 exinde
1743 827 2063 877 manifestum
2106 833 2209 883 est,
2259 826 2388 891 quod
2434 838 2498 875 ea
2532 839 2726 889 prorsus
2774 841 2801 874 o
2814 842 2865 874 m
2879 841 2911 873 n
2927 825 2944 874 i
2958 840 2991 875 a

283 910 362 945 ex
405 898 700 948 nefandis
743 898 882 949 illis
924 898 1178 963 ignibus
1216 894 1436 959 (1679).
1487 900 1568 963 qui
1611 899 1831 962 pretiosa
1875 911 1993 947 mea
2038 898 2228 954 omnia,
2280 898 2544 947 maximam
2578 902 2771 961 partem
2819 895 2987 946 biblio·

283 966 470 1019 thecae
505 982 648 1019 meae
681 970 814 1019 libris
868 968 1228 1020 mathematicis
1283 970 1691 1021 instructissimae
1741 983 1804 1019 ac
1850 970 2315 1033 manuscriptorum,
2360 983 2459 1018 nec
2492 982 2591 1018 non
2625 970 2679 1017 in
2712 968 2988 1019 universum

282 1041 458 1090 omnia
493 1041 789 1104 exemplaria
825 1054 1024 1105 operum
1060 1054 1280 1090 meorum
1317 1043 1534 1091 omnium
1566 1040 1666 1091 huc
1700 1055 1856 1104 usque
1902 1040 2141 1091 editorum
2155 1074 2170 1099 ‚
2224 1054 2421 1104 quorum
2466 1040 2676 1103 pretium
2725 1039 2791 1089 ad
2834 1038 2989 1089 multa

281 1109 447 1160 millia
469 1112 694 1195 exeun-it,
729 1118 787 1161 ut
807 1112 888 1161 vix
921 1113 1122 1161 unicum
1159 1118 1246 1161 aut
1283 1112 1492 1163 alterum
1527 1111 1773 1176 exemplar
1807 1114 2054 1177 integ-rum
2088 1110 2205 1159 mihi
2241 1111 2476 1175 reliquum
2512 1111 2745 1167 extiterit,
2786 1110 2987 1175 redege-

281 1187 404 1231 runt
437 1183 489 1231 in
535 1184 752 1243 cineres,
809 1196 921 1233 cum
957 1184 1168 1249 exigua,
1224 1196 1352 1247 quae
1401 1184 1688 1233 conrasari
1703 1184 1897 1247 potuit,
1952 1192 2092 1247 parte
2128 1197 2287 1231 rerum
2320 1196 2540 1233 mearum
2576 1181 2993 1231 mirabiliter

282 1253 464 1315 eripi
501 1266 576 1303 ac
611 1255 868 1305 salvari
901 1254 1124 1311 voluerit,
1163 1258 1219 1303 ut
1252 1268 1318 1302 ne
1351 1253 1482 1303 furto
1517 1254 1713 1319 quidem
1737 1253 1816 1303 rel
1840 1256 2044 1303 minima
2072 1254 2317 1317 particula
2337 1253 2529 1302 illorum
2550 1254 2991 1316 manuscriptorum

285 1318 448 1384 (sicut
479 1325 600 1375 mihi
633 1326 830 1390 quidem
863 1326 916 1375 in
951 1326 1096 1375 rebus
1131 1325 1348 1388 plurimis
1383 1326 1772 1389 pretiosissimis,
1809 1324 1965 1375 eheu!
2006 1322 2217 1385 accidit)
2254 1325 2425 1375 ablata
2456 1324 2619 1374 fuerit.

429 1395 620 1447 Herelii
655 1398 784 1447 haec
817 1402 936 1447 vota
967 1412 1068 1446 nou
1103 1402 1390 1457 evenerunt,
1428 1411 1583 1461 eoque
1617 1403 1807 1445 mortuo
1836 1392 2036 1457 (1687)
2072 1397 2409 1460 manuscripta
2444 1395 2576 1459 apud
2610 1393 2851 1447 haeredes
2886 1392 2989 1444 He-

282 1465 508 1516 velianos
542 1468 626 1517 diu
661 1468 976 1526 delituerunt,
1014 1473 1163 1531 atque
1200 1482 1242 1517 c.
1272 1468 1464 1516 initium
1488 1483 1588 1518 sec.
1615 1464 1695 1515 18.
1735 1466 2038 1518 Michaeli
2072 1465 2393 1517 Hanschio
2418 1467 2732 1517 Dantiscano
2768 1461 2991 1528 (Lipsiae

281 1536 501 1587 mathesi
537 1544 589 1588 et
621 1538 768 1588 theol.
809 1552 1008 1603 operam
1042 1539 1195 1589 dabat
1223 1538 1366 1587 annis
1394 1535 1530 1587 1702
1557 1554 1680 1603 sqq„
1717 1539 1879 1602 ibique
1902 1538 2146 1589 mathesin
2172 1538 2491 1601 profitebatur
2516 1538 2657 1587 annis
2686 1532 2919 1585 1710--1
2930 1530 2987 1596 2)

283 1609 526 1675 contigit.
574 1615 634 1659 ut
665 1609 756 1659 illa
790 1623 823 1659 a
857 1610 901 1659 L
918 1624 998 1659 an
1013 1610 1151 1674 gio,
1203 1608 1397 1659 Herelii
1443 1624 1626 1674 genero
1677 1606 1857 1673 (pretio
1902 1608 1999 1658 100
2036 1606 2112 1671 fl.)
2150 1616 2349 1659 emeret.
2422 1608 2473 1658 Is
2510 1609 2563 1658 in
2600 1606 2749 1658 alium
2787 1608 2995 1657 redacta

282 1678 510 1729 ordinem
548 1680 848 1740 „fascicula“
885 1682 1326 1745 manuscriptorum
1361 1680 1501 1731 XXH
1535 1680 1646 1730 Vol.
1685 1681 2047 1745 compingenda
2081 1682 2285 1738 curavit,
2320 1680 2530 1745 singulis
2560 1679 2881 1731 voluminibus
2915 1678 2991 1725 his

283 1750 536 1815 inscriptis
570 1752 725 1802 literis

595 1848 2680 1901 maniosaxnl’PLERI

603 1920 645 1970 Ι.
750 1918 816 1971 11.
891 1918 1434 1971 111.1v.v.vl.
1561 1918 2729 1972 vn.VI1L11.x.xl.x11.x]11.xlv.

1024 2014 1077 2060 et
1217 2010 1261 2059 A
1375 2008 1420 2059 L
1533 2008 1560 2059 1
1692 2008 1735 2059 Ο
1843 2010 1892 2059 R.
2008 2009 2057 2060 U
2168 2009 2241 2059 M.

1004 2078 2279 2133 xv.XV1xvnxvmxlxxxxx1xx[1

426 2156 766 2229 Voluminibus
799 2176 1016 2231 VI—XI
1048 2179 1218 2229 insum
1254 2178 1508 2241 epistolae.
1582 2177 1692 2227 Vol.
1730 2178 1757 2229 1
1803 2194 1891 2235 ea
1941 2194 2068 2247 quae
2106 2180 2346 2245 Keplerus
2396 2180 2689 2243 conscripsit
2734 2179 2795 2229 de
2837 2178 2991 2243 ‚.·Hip

278 2238 500 2312 parcho
538 2264 652 2309 suo,
691 2248 1177 2307 continet3vol.11,
1217 2247 1324 2309 XV,
1362 2247 1495 2306 XXI,
1533 2246 1672 2298 XXII
1707 2251 1937 2306 tabulas.
1977 2254 2367 2315 computationes
2406 2252 2660 2315 eclipsium
2698 2256 2750 2300 et
2785 2250 2992 2300 astrolo-

279 2320 432 2387 gitta,
467 2319 560 2369 vol.
597 2318 674 2371 111
709 2320 926 2371 calculos
961 2320 1028 2370 ad
1063 2320 1258 2371 stellam
1295 2320 1414 2369 anni
1452 2316 1590 2368 1604
1624 2322 1961 2383 pertinentes;
2000 2322 2093 2371 vol.
2120 2322 2193 2371 IV
2219 2321 2525 2372 Harmonica
2546 2320 2820 2373 Ptolemaei
2856 2336 2989 2372 com-

280 2393 676 2456 mentariumque
699 2392 932 2456 Kepleri·
969 2391 1060 2440 vol.
1089 2391 1138 2439 V
1175 2390 1486 2441 arithmetica
1520 2392 1783 2456 quaedam.
1822 2394 2211 2444 stereometriam
2248 2400 2301 2444 et
2334 2393 2549 2443 libellum
2589 2400 2762 2445 contra
2797 2391 2991 2443 Ursum.
3052 2386 3055 2393 ’

284 2460 628 2513 Voluminibus
662 2462 774 2523 XII,
811 2462 948 2519 XIV,
985 2462 1074 2513 XX
1107 2463 1277 2513 insunt
1311 2462 1623 2527 autographa
1650 2462 2035 2524 „Harmoniae“‚
2076 2464 2349 2515 Comment-
2384 2465 2437 2515 in
2461 2464 2703 2514 theoriam
2726 2462 2905 2513 Martis
2940 2470 2994 2513 et

286 2532 589 2584 Tabularum
635 2534 1088 2598 Rudolphinarum3
1145 2533 1236 2583 vol.
1283 2532 1404 2583 XIII
1453 2534 1788 2597 inquisitiones
1833 2542 2055 2586 motuum
2102 2536 2331 2586 Mercurii
2345 2571 2359 2593 ,
2410 2534 2617 2586 Veneris
2672 2542 2723 2584 et
2758 2534 2991 2590 Saturni3

284 2604 382 2653 vol.
421 2603 728 2655 XVI—XIX
765 2605 1114 2670 chronologica
1162 2612 1215 2654 et
1250 2604 1560 2669 astrologica.
1635 2604 1809 2655 Hans
1825 2606 2031 2662 chius,
2088 2608 2169 2670 qui
2219 2606 2364 2657 edere
2412 2607 2506 2656 has
2544 2605 2747 2669 Kepleri
2796 2620 2995 2669 operum

285 2676 522 2741 reliquias
559 2690 728 2727 omnes
766 2682 1040 2737 statuerat,
1097 2676 1242 2725 annis
1285 2672 1421 2724 1708
1476 2681 1527 2724 et
1579 2673 1712 2724 1713
1760 2676 1967 2740 publicis
2013 2678 2165 2729 literis¹
2204 2686 2507 2728 astronomos
2545 2678 2843 2727 admonebat
2900 2676 2997 2734 „ad

285 2746 671 2814 promovendam
706 2762 908 2812 operum
943 2748 1149 2812 Kepleri
1185 2747 1504 2804 editionem‘·‚
1543 2752 1595 2797 et
1617 2746 1869 2800 Viennam
1904 2751 2153 2802 concessit
2188 2745 2377 2812 (1714)
2416 2750 2685 2800 editionem
2718 2748 2851 2800 hanc
2885 2761 2991 2798 ma-

283 2825 558 2872 tutatum.
616 2821 760 2870 Anno
797 2826 1032 2885 sequente
1069 2819 1214 2869 rediit
1249 2819 1488 2882 Lipsiam,
1525 2825 1579 2868 et
1615 2819 1769 2870 edidit
1806 2836 1938 2871 anno
1978 2819 2260 2870 1717-18
2294 2821 2620 2876 Francofurti‚
2658 2821 2995 2870 liberalissime

289 2892 352 2942 ab
389 2893 683 2954 imperatore
714 2889 890 2940 Carolo
917 2891 1016 2941 VII
1053 2891 1250 2952 adJutus
1287 2888 1531 2954 (acceptis
1557 2887 1698 2938 4000
1723 2889 1798 2953 11.)
1837 2892 1957 2942 illud
1993 2893 2233 2950 volumen,
2273 2892 2587 2956 compilatum
2626 2907 2653 2942 e
2690 2893 2993 2954 manuscrip-

287 2968 451 3012 torum
480 2962 801 3012 voluminibus
825 2961 916 3025 VI,
951 2961 1070 3019 VII,
1109 2961 1234 3011 VIII
1271 2967 1323 3010 et
1348 2961 1430 3021 IX,
1472 2962 1535 3011 ab
1573 2962 1812 3020 omnibus,
1851 2965 1933 3029 qui
1958 2965 2229 3027 Keplerum
2266 2965 2709 3027 astronomiamque
2748 2963 2993 3018 colebant,

286 3039 382 3085 aut
415 3033 726 3084 historiarum
763 3034 966 3084 studiosi
1003 3039 1147 3084 erant
1182 3047 1349 3082 eorum
1386 3038 1676 3096 temporum,
1712 3049 1841 3099 quae
1877 3034 2057 3085 bellum
2094 3035 2299 3101 triginta
2324 3049 2565 3086 annorum
2600 3035 2814 3097 proxime
2855 3039 2993 3084 ante-

287 3111 562 3162 cesserunt,
601 3107 1020 3168 exoptatissimum
1055 3105 1197 3169 quasi
1225 3118 1402 3154 munus
1451 3111 1726 3168 acceptum.
1797 3105 1942 3166 Quae
1987 3107 2193 3156 diximus
2241 3108 2683 3170 manuscriptorum
2725 3105 2988 3161 volmnina.

285 3176 473 3228 literis:
538 3175 606 3237 Ο,
663 3175 745 3236 K,
801 3177 843 3226 E
905 3177 1107 3241 signata
1125 3211 1139 3232 ,
1216 3181 1566 3225 conservantur
1627 3177 1680 3226 in
1740 3177 2039 3228 bibliotheca
2098 3191 2338 3229 caesarea
2396 3176 2685 3227 Viennensi.
2783 3176 3000 3242 Reliqua

284 3248 538 3298 volumina
571 3263 659 3312 per
692 3249 854 3297 varios
889 3261 1036 3297 casus
1071 3247 1276 3297 tandem
1311 3245 1594 3309 Petropolin
1651 3248 1897 3298 translata
1932 3257 2061 3298 sunt.
2134 3249 2415 3300 Hanschius
2470 3250 2601 3298 enim
2622 3284 2637 3304 ‚
2692 3248 2777 3314 qui
2828 3250 2994 3311 incep-

287 3325 398 3368 tum
433 3333 581 3383 opus,
619 3318 800 3370 edendi
837 3319 1042 3369 omnia
1076 3317 1279 3382 Kepleri
1314 3319 1678 3381 manuscripta,
1716 3321 1942 3383 persequi
1978 3325 2226 3370 statuerat
2239 3356 2253 3378 ,
2293 3321 2499 3371 adversa
2534 3320 2747 3369 afflictus
2782 3319 2997 3376 fortuna,

285 3392 580 3454 praesertim
617 3389 958 3440 deficientibus
999 3388 1306 3453 imperatoris
1342 3387 1586 3447 subsidiis,
1625 3403 1755 3439 anno
1798 3389 1929 3439 1721
1964 3387 2034 3453 (ἲ)
2071 3391 2201 3441 haec
2224 3393 2562 3455 manuscripta
2584 3391 2895 3441 Franeofurti
2931 3390 2997 3440 ad

287 3461 527 3514 Moenum
562 3477 648 3525 pro
674 3458 780 3511 828
803 3461 1000 3512 florenis
1024 3462 1215 3526 pignori
1241 3459 1394 3512 dedit.
1427 3460 1590 3523 ibique
1624 3460 1835 3525 reliquit,
1875 3477 1987 3512 cum
2022 3477 2121 3512 non
2148 3463 2370 3520 haberet,
2410 3478 2503 3527 quo
2540 3462 2777 3512 redimere
2812 3469 2996 3526 posset,

149 3582 163 3597 ,
231 3527 240 3536 ‘
289 3534 410 3584 dum
444 3534 641 3584 virebat
679 3529 895 3589 (motans
934 3537 1012 3583 est
1046 3532 1275 3582 Viennae
1314 3543 1444 3578 anno
1484 3527 1662 3589 1749).

434 3605 580 3654 Διιιιο
619 3604 812 3655 demum
852 3599 988 3652 1769
1025 3605 1099 3652 vir
1131 3603 1355 3652 literatus
1381 3600 1548 3652 Μαι-ι·
1570 3601 2012 3669 Norimbergensis‚
2048 3606 2254 3668 primum
2288 3605 2341 3652 in
2376 3603 2539 3653 libello
2586 3603 2995 3670 „Bemerkungen

289 3675 417 3727 iiber
451 3673 688 3742 Lessings
726 3674 993 3726 Laokoon⁸⁸
1035 3675 1336 3724 mentionem
1373 3673 1492 3723 fecit
1529 3683 1710 3732 eorum,
1743 3689 1875 3738 quae
1908 3675 2217 3726 Francofurti
2254 3675 2495 3726 oblivione
2534 3676 2709 3724 obruta
2740 3675 2995 3737 jacebant,

293 3753 346 3796 et
381 3747 498 3798 inde
535 3748 598 3797 ab
636 3761 695 3796 eo
731 3753 949 3810 tempore
985 3753 1170 3811 quanto
1205 3745 1367 3809 potuit
1401 3744 1561 3794 studio
1597 3747 1782 3808 passim
1817 3761 1986 3796 omnes
2022 3747 2125 3796 fere
2162 3747 2484 3804 Germaniae,
2524 3746 2743 3806 Galliae,
2784 3744 2995 3810 Angliae

293 3825 345 3868 et
375 3817 594 3868 Russiae
617 3818 839 3868 homines
859 3817 1082 3867 literatos
1108 3823 1162 3867 et
1185 3815 1472 3868 academias
1498 3830 1610 3865 cum
1632 3818 1835 3880 privatis
1870 3818 2022 3868 literis
2057 3825 2163 3868 tum
2198 3817 2404 3882 publicis
2442 3817 2582 3868 adiit.
2622 3823 2677 3865 nt
2712 3816 2995 3866 thesaurum

290 3889 428 3940 ilium
463 3889 762 3939 redimerent
795 3895 851 3939 et
887 3889 951 3938 ab
985 3890 1186 3938 interitu
1222 3893 1493 3937 servarent.
1567 3888 1712 3938 Anno
1751 3886 1916 3946 1774,
1954 3888 2129 3938 Eulero
2163 3890 2427 3954 praecipue
2468 3887 2637 3938 Murrii
2672 3887 2997 3937 tentaminum

293 3962 540 4025 adjutore,
572 3964 714 4024 jussu
739 3959 1042 4010 Catharinae
1070 3959 1120 4008 11
1156 3958 1427 4009 Russorum
1463 3959 1804 4022 imperatricis,
1840 3961 2181 4025 manuscripta
2218 3975 2251 4010 a
2275 3959 2424 4010 vidua
2457 3959 2670 4024 quadam
2706 3959 2998 4009 Francofur·

293 4033 462 4090 tensi,
513 4034 712 4082 nomine
748 4031 1058 4082 Triimmeria
1077 4066 1091 4083 .
1129 4043 1258 4096 quae
1295 4044 1360 4080 ea
1394 4029 1704 4080 haereditate
1742 4039 2007 4097 acceperat
2025 4067 2040 4090 ,
2081 4039 2215 4082 emta
2250 4036 2366 4082 sunt
2400 4029 2581 4096 (pretio
2618 4029 2757 4080 2000
2791 4027 2908 4092 It).
2948 4036 3001 4080 et

293 4103 485 4155 tradita
519 4103 848 4154 bibliothecae
885 4103 1177 4154 academiae
1212 4101 1630 4164 Petropolitanae.

435 4174 560 4226 Inde
597 4175 659 4225 ab
695 4189 754 4225 eo
789 4180 1008 4238 tempore
1043 4175 1220 4224 intacti
1252 4172 1493 4236 jacebant
1527 4172 1578 4222 hi
1617 4171 1953 4237 Keplerianae
1991 4173 2275 4224 eruditionis
2312 4174 2533 4224 thesauri
2568 4172 2811 4237 Petropoli
2824 4208 2839 4229 ‚
2887 4186 2997 4222 cum

295 4247 461 4313 primis
495 4247 692 4311 quidem
731 4245 1027 4310 temporibus
1073 4245 1192 4295 socii
1241 4243 1532 4294 academiae
1566 4244 1718 4296 Kraft
1755 4251 1804 4295 et
1839 4245 2008 4296 Lexell
2025 4281 2039 4307 ,
2096 4259 2181 4306 ea,
2229 4259 2357 4310 quae
2406 4247 2524 4308 ipsis
2574 4245 2728 4310 digna
2773 4244 2995 4295 videren-

295 4327 376 4369 tur
395 4352 410 4374 ,
465 4323 522 4368 ut
573 4319 704 4382 typis
754 4317 1110 4367 mandarentur
1128 4351 1143 4375 ‚
1201 4315 1417 4381 deligere
1466 4317 1590 4378 jussi
1613 4349 1628 4371 ‚
1681 4331 1784 4366 rem
1840 4317 2130 4368 omisissent.
2211 4315 2315 4366 Nos
2372 4322 2537 4367 autem
2594 4321 2739 4379 capto
2795 4315 2999 4365 consilio

295 4389 500 4454 Kepleri
537 4404 687 4454 opera
721 4391 886 4439 omnia
923 4387 1101 4439 edendi
1135 4387 1465 4438 necessarium
1502 4387 1741 4445 duximus,
1777 4387 1907 4438 haec
1941 4387 2145 4451 Kepleri
2182 4387 2542 4451 manuscripta,
2594 4389 2636 4436 si
2670 4386 2775 4437 fieri
2812 4391 2995 4450 posset,

297 4461 554 4525 inspicere.
593 4467 646 4511 et
681 4459 863 4511 addere
898 4466 1098 4510 nostrae
1135 4459 1337 4508 editioni
1375 4471 1454 4514 ea,
1492 4471 1620 4522 qnae
1655 4473 1760 4508 rem
1799 4461 2083 4509 attinerent.
2154 4459 2305 4522 Cujus
2339 4460 2440 4508 voti
2474 4465 2533 4516 ut
2568 4463 2818 4521 compotes
2853 4455 2993 4508 fiere·

297 4547 433 4590 mus,
471 4532 588 4598 quid
623 4546 683 4583 ex
719 4531 959 4582 decennio
995 4531 1345 4580 tentaverimus
1361 4565 1376 4585 ,
1424 4529 1624 4594 longum
1661 4536 1741 4579 est
1777 4543 2024 4580 enarrare.
2102 4530 2529 4582 celeberrimorum
2564 4528 2995 4578 nobilissimorum-

300 4618 395 4668 que
427 4605 636 4654 virorum
680 4603 859 4654 auxilio
911 4609 965 4654 et
1003 4601 1428 4652 commendatione
1467 4601 1626 4662 adjuti
1659 4601 1864 4650 tandem
1900 4615 2031 4651 anno
2070 4599 2207 4650 1847
2244 4603 2403 4665 prima
2437 4602 2716 4664 accepimus
2750 4599 2996 4650 volumina

300 4676 768 4739 manuscriptorum,
817 4687 943 4738 quae
981 4673 1066 4724 diu
1101 4673 1283 4722 frustra
1319 4673 1708 4735 exspectavimus
1723 4706 1738 4728 ,
1791 4677 1843 4722 et
1875 4672 2131 4736 hucusque
2166 4673 2411 4723 volumina
2447 4670 2615 4728 1——v,
2654 4669 2885 4720 lx--xv
2918 4673 2995 4720 in-

303 4747 549 4810 speximus
586 4760 744 4810 eaque
779 4758 905 4810 quae
941 4749 1119 4795 notatu
1156 4743 1380 4808 digniora
1413 4744 1521 4794 visa
1555 4749 1696 4800 sunt,
1731 4745 2007 4794 notavimus
2044 4749 2097 4794 et
2130 4749 2318 4809 quanta
2350 4743 2595 4806 potuimus
2631 4743 2885 4807 diligentia
2917 4743 2997 4793 rel

302 4819 643 4881 descripsimus
664 4817 743 4867 rel
767 4816 1092 4868 describenda
1113 4815 1402 4865 curavimus.
1458 4813 1538 4863 Ad
1570 4814 1622 4864 id
1644 4813 1861 4864 locorum
1890 4829 2055 4880 pauca
2078 4820 2274 4866 tantum
2300 4820 2518 4865 nostrum
2546 4815 2597 4864 in
2632 4827 2771 4863 usum
2807 4821 2995 4864 vertere

301 4889 542 4954 potuimus
558 4925 573 4945 ‚
627 4904 736 4939 cum
785 4888 950 4940 omnia
985 4901 1112 4954 quae
1145 4887 1316 4940 insunt
1349 4885 1425 4938 his
1461 4884 1785 4952 voluminibus
1799 4922 1810 4937 .
1860 4887 2129 4950 posteriora
2164 4889 2411 4948 attineant
2444 4891 2696 4968 temporaz
2748 4885 2812 4936 ad
2848 4899 2995 4948 opera
