3634 5575
1617 336 1784 390 nosse
1822 339 2051 388 naam.
3070 338 3181 401 191

470 492 698 545 cudat·
745 492 810 543 sb
859 493 1030 557 elapso
1077 496 1184 545 flere
1227 497 1406 546 niente
1441 496 1730 545 Novembris
1769 510 1816 545 a.
1864 492 1999 545 1577
2046 510 2203 561 nsque
2250 498 2305 545 in
2338 496 2489 547 finem
2524 496 2753 547 Ianuarii
2788 498 2909 547 anni
2944 502 3192 561 sequentis

473 571 760 627 conspecta-
816 562 1020 615 Uranib.
1067 565 1218 617 1588.
1293 566 1534 631 Magnum
1573 568 1845 632 collegerat
1882 568 2275 617 observationum
2314 568 2623 622 thesaurum.
2672 582 2815 631 quem
2867 583 2999 619 anno
3062 567 3191 618 1597

469 637 692 688 Euenus
725 634 972 687 decedens
1007 640 1216 701 primum
1239 638 1496 695 narniam,
1536 639 1650 687 dein
1687 641 1737 687 in
1771 638 2055 689 Holsatiam
2098 638 2353 687 transtulit
2388 639 2452 689 ad
2486 638 2759 690 Henricum
2784 638 3193 702 Ranzovium,

473 709 554 771 qui
591 707 750 770 ipsum
785 716 1101 767 peramanter
1138 710 1203 758 ad
1237 725 1292 759 se
1331 724 1590 773 arcemque
1631 724 1772 759 suam
1792 708 2221 773 Wandesburgum
2254 711 2563 759 invitaverat.
2620 708 2903 759 Ranzovius
2938 711 3091 759 literis
3129 712 3195 760 ad

472 782 818 843 imperatorem
843 777 1250 843 Rudolphum
1290 780 1420 829 datis
1445 780 1728 841 Tychonem
1758 779 1975 841 ejusdem
2015 780 2166 827 favori
2204 780 2583 837 commendavit,
2623 788 2673 829 et
2709 780 2854 844 paulo
2891 789 3002 844 post
3026 780 3193 843 Tycho

475 850 690 913 Pragam
727 850 1020 907 arcessitus,
1063 866 1192 901 anno
1222 848 1356 899 1599
1382 866 1568 915 magna
1593 852 1907 899 humanitate
1948 866 1979 899 a
2014 852 2231 914 principe
2270 860 2502 913 exceptus
2542 858 2645 907 est;
2685 853 2917 900 salarium
2954 852 3045 915 ipsi
3083 868 3191 915 pro-

473 922 674 969 missum
711 930 932 968 annuum
971 917 1116 969 3000
1143 936 1428 978 aureorum,
1468 936 1560 971 uec
1599 938 1697 969 non
1734 922 1935 970 feudum
1973 922 2165 985 insigne
2204 928 2255 969 et
2292 922 2461 970 domus
2498 923 2629 971 iutra
2666 924 2849 970 urbem.
2924 922 3021 973 Hic
3058 938 3190 972 com·

473 998 692 1039 meratus
731 989 968 1040 alacriter
1001 995 1054 1041 in
1092 994 1394 1041 observando
1433 994 1713 1055 perstabat,
1753 994 1869 1040 inde
1908 993 1971 1039 ab
2008 990 2207 1041 Octobri
2247 995 2365 1040 anni
2412 989 2545 1040 1600
2583 994 2781 1055 adjutus
2823 1006 2855 1041 a
2892 992 3190 1057 Keplero.

471 1076 616 1125 quem
653 1062 838 1111 Gratiis
875 1062 941 1111 ad
977 1077 1034 1113 se
1069 1070 1360 1113 arcesserat.
1439 1062 1823 1112 Observationes
1858 1076 1977 1112 suas
2020 1064 2071 1111 in
2120 1064 2339 1111 ordinem
2392 1065 2621 1127 redigens
2670 1066 2895 1127 typisque
2947 1080 3005 1113 ex
3052 1074 3195 1127 parte

471 1133 720 1183 mandans
755 1132 886 1183 diem
921 1148 1206 1197 supremum
1241 1136 1362 1184 obiit
1400 1132 1482 1183 26.
1523 1134 1632 1183 Oct.
1679 1130 1808 1183 1601
1862 1136 2125 1196 repentina
2168 1144 2325 1183 morte
2362 1134 2611 1197 abreptus.
2686 1135 2927 1199 Magnam
2964 1136 3191 1185 observa·-

471 1207 660 1255 tionum
697 1204 1140 1255 astronomicarum
1175 1212 1368 1269 partem
1407 1212 1728 1268 congesserat
1763 1206 1814 1254 in
1854 1220 1999 1267 opere
2033 1206 2111 1254 de
2148 1220 2315 1253 nova
2360 1206 2571 1255 stella
2608 1206 2726 1255 anni
2768 1204 2933 1261 1572,
2987 1208 3193 1269 primum

473 1290 605 1325 auno
646 1272 781 1321 1582
822 1274 1124 1341 Uraniburgi
1157 1278 1368 1341 imprimi
1405 1284 1612 1339 coepto;
1659 1276 1746 1325 sed
1785 1277 1975 1327 editum
2012 1284 2089 1325 est
2125 1277 2319 1325 demum
2354 1276 2648 1327 haeredibus
2682 1276 2978 1337 Tychonicis
3016 1291 3191 1326 curan-

473 1347 634 1401 tibus,
677 1345 946 1407 adjuvante
981 1350 1246 1411 praecipue
1282 1348 1530 1409 Keplero‚
1579 1346 1774 1411 Pragae
1823 1345 1985 1404 1602ς
2038 1362 2161 1395 novo
2202 1347 2343 1395 titulo
2380 1348 2671 1395 instructum
2710 1354 2785 1397 est
2823 1362 2855 1395 a
2890 1346 3193 1413 Tegnagelio

475 1430 604 1465 anno
643 1413 810 1474 1610,
864 1418 1045 1467 additis
1085 1419 1303 1483 epistolis
1341 1426 1393 1467 et
1429 1432 1575 1482 opere
1616 1418 1675 1467 de
1715 1417 1925 1467 Cometa
1974 1419 2089 1467 anni
2132 1416 2298 1473 1577;
2357 1417 2565 1482 denique
2616 1433 2837 1467 recusum
2885 1432 3016 1467 anno
3058 1416 3194 1467 16⁴8

473 1486 780 1536 Franeofurti
829 1502 940 1537 cum
989 1490 1241 1552 posteriori
1298 1505 1459 1551 opere.
1559 1489 1849 1553 lnscriptum
1904 1498 2009 1537 est:
2084 1490 2533 1537 Astronomiae
2587 1490 2997 1537 instauratae
3049 1489 3189 1538 Pro-

473 1566 960 1623 gymnasmata,
1017 1576 1218 1625 quorum
1273 1560 1398 1609 haec
1444 1562 1601 1622 prima
1647 1574 1760 1622 pars
1797 1561 2157 1609 restitutionem
2194 1564 2412 1607 motuum
2452 1559 2579 1608 Solis
2618 1566 2668 1606 et
2705 1558 2878 1607 Lunae
2916 1560 3194 1609 stellarum-

474 1643 568 1693 que
603 1630 711 1678 iuer
737 1630 930 1679 antium
967 1638 1170 1681 tractat.
1231 1632 1297 1681 Et
1331 1638 1594 1694 praeterea
1630 1631 1690 1679 de
1730 1631 2023 1680 admiranda
2059 1644 2189 1679 nova
2212 1630 2358 1677 stella
2384 1644 2513 1679 anno
2542 1626 2678 1676 1572
2718 1636 2887 1679 exorta
2922 1630 3196 1680 luculenter

471 1700 594 1763 agit.
671 1700 744 1748 Ex
781 1702 998 1763 epistolis
1035 1700 1184 1766 (quas
1220 1700 1582 1751 Hanschius
1631 1699 1808 1760 edidit)
1849 1702 2361 1766 Longomontani
2408 1702 2482 1749 ad
2520 1701 2851 1763 Keplerum
2904 1708 2955 1749 et
2988 1702 3193 1765 Kepleri

471 1771 538 1821 ad
575 1770 738 1827 illum.
789 1787 886 1821 nec
931 1788 1030 1822 non
1067 1790 1096 1823 e
1130 1773 1704 1835 Manuscriptorum
1749 1772 2011 1835 Kepleri
2058 1771 2378 1835 Petropoli
2432 1778 2825 1821 conservatorum
2862 1772 3107 1821 volumine
3145 1770 3195 1821 11

472 1841 652 1899 elucet,
689 1841 962 1905 Keplerum
987 1844 1240 1903 ,theoriam
1269 1844 1462 1901 Lunae.
1502 1838 1629 1906 quae
1668 1844 1796 1891 inter
1833 1846 2041 1907 paginas
2082 1842 2181 1896 412
2222 1852 2273 1891 et
2320 1840 2415 1889 114
2454 1841 2557 1902 (ed.
2598 1843 2717 1891 anni
2762 1838 2921 1903 1602)
2960 1844 3195 1907 peculiari

471 1911 1052 1977 signatura(01-029)
1089 1915 1394 1979 intersparsa
1426 1924 1518 1971 est,
1558 1915 1868 1969 emendasse,
1908 1930 2001 1963 nec
2038 1931 2137 1963 non
2174 1914 2499 1977 appendicem
2538 1922 2588 1962 et
2614 1914 2829 1963 indicem
2866 1911 2937 1979 (p.
2965 1912 3068 1962 817
3096 1910 3194 1978 sq.)

474 1982 738 2039 addidisse,
779 1992 830 2033 et
868 1986 1265 2037 emendationem
1303 1986 1582 2035 tabularum
1623 1984 2016 2047 Tychonicarum
2056 1992 2291 2035 tentasse.
2360 1985 2418 2033 In
2455 1984 2599 2033 modo
2638 1984 2769 2033 dicto
2798 1986 3049 2045 *volumine
3088 1998 3192 2034 ma·

473 2054 829 2116 nuscriptorum
867 2056 1070 2119 Kepleri
1120 2056 1182 2104 ad
1234 2058 1430 2105 verbum
1480 2057 1654 2105 eadem
1713 2055 2154 2118 deprehendimus,
2212 2070 2338 2119 quae
2394 2054 2626 2119 leguntur
2678 2070 2792 2121 pag.
2840 2052 3085 2103 01—029
3144 2062 3197 2105 et

481 2122 756 2172 112—136
793 2126 1306 2193 Progymnasmatum.
1383 2126 1598 2189 Reliqua
1634 2126 1880 2188 Tychonis
1919 2128 2255 2189 manuscripta
2292 2126 2566 2187 Keplero
2604 2127 2791 2174 tradita
2828 2134 2973 2183 sunt,
3021 2134 3079 2177 nt
3115 2140 3195 2183 ea,

473 2208 602 2259 quae
639 2197 732 2258 ipsi
769 2197 1052 2247 viderentur
1087 2199 1418 2261 publicatione
1456 2199 1640 2263 digna,
1679 2198 1879 2253 ederet;
1932 2212 2049 2245 usus
2096 2204 2173 2246 est
2209 2198 2268 2245 iis
2306 2210 2419 2244 cum
2454 2197 2629 2245 studiis
2670 2198 3010 2245 astronomicis
3029 2232 3040 2249 .
3090 2204 3196 2245 tum

471 2266 522 2315 in
561 2267 879 2317 conficiendis
934 2270 1230 2327 „Tabulis
1275 2268 1748 2331 Rudolphinis“.
1826 2268 2017 2317 Publici
2049 2269 2170 2330 juris
2206 2268 2293 2315 illa
2340 2268 2459 2315 fecit
2510 2281 2641 2316 anno
2666 2267 2877 2317 ,demum
2920 2264 3054 2315 1672
3094 2268 3193 2317 Al·

473 2337 686 2386 bertus
726 2337 1009 2395 Curtius,
1061 2339 1256 2405 collegii
1302 2354 1400 2390 soc.
1439 2339 1560 2389 Jesu
1599 2338 1966 2403 Neoburgensis
2005 2348 2193 2399 rector,
2242 2340 2291 2385 in
2348 2338 2568 2399 ampliori
2603 2338 2877 2389 volumine.
2932 2340 3192 2401 inscripto:

471 2406 787 2459 Historia
833 2410 1198 2460 coelestis.
1273 2410 1546 2473 Keplerum
1582 2424 1696 2459 vero
1734 2412 1855 2457 item
1893 2410 1953 2458 de
2002 2410 2213 2458 editione
2262 2409 2490 2457 librorum
2529 2415 2580 2456 et
2614 2410 3056 2473 manuscriptorum
3094 2410 3192 2473 Ty-

470 2476 639 2527 chonis
676 2483 951 2546 cogitasse,
1007 2488 1214 2543 apparet
1250 2481 1472 2545 inspecto
1511 2480 1603 2529 vol.
1647 2478 1707 2527 V.
1747 2478 2223 2543 Petropolitanorum
2260 2478 2722 2543 Mannscriptorum.
2798 2479 2871 2527 Ibi
2924 2478 3192 2543 depreben-

470 2549 628 2599 dimus
661 2552 902 2612 judicium
937 2552 1142 2615 Kepleri
1180 2552 1242 2599 de
1279 2552 1526 2613 Tychonis
1563 2552 1694 2600 libris
1735 2552 1879 2599 editis
1916 2550 2212 2615 ineditisque
2248 2550 2430 2598 hocce:

582 2623 636 2687 l)
678 2623 1148 2695 Epistularum
1191 2632 1359 2678 astr.
1405 2625 1581 2677 liber
1620 2624 1791 2693 ljam
1824 2625 2113 2677 absolutus
2144 2632 2247 2687 est,
2278 2623 2421 2676 liber
2449 2622 2497 2676 11
2528 2623 2831 2677 inchoatus.
2890 2623 3195 2678 Dubitatur

682 2721 754 2757 an
785 2703 858 2758 sit
885 2705 1303 2759 continuanduS.
1352 2705 1482 2767 Quis
1514 2705 1656 2759 enim
1685 2711 1813 2772 post
1842 2712 2071 2757 mortem
2101 2702 2376 2773 Tychonis
2408 2703 2644 2757 libenter
2673 2704 2907 2771 aliorum
2936 2704 3196 2775 vulgabit

681 2784 988 2857 epistolas?
1043 2785 1102 2838 Si
1133 2795 1316 2840 tamen
1347 2786 1534 2854 placet
1559 2784 1909 2846 haeredibus,
1952 2795 2188 2854 possunt
2214 2782 2463 2854 pervolvi
2492 2784 2783 2854 epistolae,
2825 2802 3073 2856 quaeque
3104 2803 3193 2838 oc-

681 2875 910 2920 currunt
949 2866 1320 2920 astronomica
1354 2883 1470 2919 cum
1511 2865 1960 2933 responsionibus
1992 2867 2267 2935 Tychonis
2310 2865 2553 2932 excerpi.
2608 2865 2697 2918 Sic
2722 2882 2833 2918 non
2860 2866 3071 2920 frustra
3096 2865 3193 2921 im—

623 2943 632 2946 ’
680 2961 909 3014 pressae
937 2952 1102 3000 erunt
1131 2945 1340 3013 priores
1369 2946 1612 3015 paginae
1641 2953 1700 3000 et
1727 2945 1857 2998 moli
1884 2946 2011 3000 libri
2042 2947 2382 2998 consuletur.
2437 2945 2801 3015 Cogitaverat
2828 2945 3037 3015 Tych0‚
3065 2945 3195 3000 huie

679 3026 1039 3094 epistolarum
1079 3025 1342 3078 volumini
1387 3025 1590 3094 aliquid
1635 3027 1951 3078 tabularum
1991 3026 2317 3096 adjungere,
2362 3041 2467 3093 quo
2496 3024 2825 3078 vendibilior
2852 3026 2993 3078 liber
3020 3033 3188 3079 esset.

683 3105 741 3157 ld
769 3105 1007 3176 diligens
1035 3105 1266 3158 relectio
1293 3105 1654 3174 epistolarum
1683 3106 1806 3173 ipsa
1834 3105 2095 3160 monebit.
2163 3107 2249 3158 Ad
2279 3106 2423 3158 hanc
2462 3121 2578 3156 rem
2623 3105 2852 3157 alendus
2894 3121 3191 3158 amanuen-

679 3185 772 3250 si8‚
804 3187 896 3256 qui
917 3185 1184 3254 judicium
1214 3185 1468 3238 habeat
1453 3203 1510 3237 ιιι
1537 3185 1623 3237 his
1654 3185 1837 3238 rebus.

575 3259 640 3331 2)
681 3265 1126 3320 Astronomia
1163 3265 1558 3320 Mechanica
1602 3265 1833 3335 imprimi
1882 3266 2080 3318 iterum
2118 3270 2335 3334 potest,
2378 3280 2497 3316 cum
2537 3263 2721 3317 adsint
2766 3265 2992 3318 formae.
3064 3263 3194 3317 Dis-

679 3347 937 3400 trahetur
967 3345 1267 3399 celerrime.
1324 3345 1563 3398 Levinus
1593 3345 1822 3398 Hulsius
1864 3362 1937 3398 an
1978 3351 2319 3412 potestatem
2361 3343 2572 3396 habeat
2608 3359 2645 3396 a
2671 3343 2931 3415 Tychone
2962 3361 3084 3398 eam
3110 3361 3195 3398 re-

681 3427 908 3480 cudendi
940 3431 998 3478 et
1026 3441 1100 3480 an
1127 3443 1238 3480 non
1268 3433 1542 3486 teneatur,
1573 3441 1673 3492 pro
1703 3442 1774 3478 ea
1799 3423 2121 3493 persolvere
2152 3424 2361 3494 aliquid
2386 3423 2689 3476 mercedis?

577 3499 642 3574 3)
682 3507 1590 3576 ProgymnasmatumAstr.
1630 3511 1758 3558 tom.
1789 3506 1831 3566 1,
1879 3506 1945 3556 de
1992 3505 2163 3558 stella
2190 3503 2544 3556 anni-1572·
2586 3503 2777 3564 Quoad
2810 3504 3193 3566 astronomica,

679 3603 789 3641 non
815 3587 956 3640 vidit
979 3587 1210 3638 mundus
1251 3585 1542 3654 quicquam
1587 3585 1641 3638 in
1687 3585 1790 3638 hoc
1833 3599 2043 3653 genere
2079 3582 2401 3650 perfectius.
2478 3583 2847 3636 Desideratur
2890 3583 3195 3644 dedicatio;

681 3681 823 3736 quae
855 3665 1061 3718 alicubi
1091 3665 1286 3718 latitat
1313 3665 1366 3717 in
1397 3664 1624 3716 scriniis.
1673 3663 2153 3724 Considerandum,
2187 3663 2317 3731 quia
2346 3662 2487 3714 liber
2514 3671 2644 3730 post
2670 3669 2899 3716 mortem
2921 3663 3196 3731 Tychouis

678 3745 889 3816 prodit,
939 3761 1011 3796 an
1051 3745 1125 3798 sit
1181 3747 1432 3797 addenda
1479 3743 1712 3814 antiqua
1758 3743 2057 3804 dedicatio,
2109 3743 2153 3794 si
2202 3742 2537 3804 inveniatur,
2590 3758 2660 3794 an
2698 3758 2843 3794 nova
2888 3743 3195 3805 scribenda,

681 3843 858 3896 eaque
887 3825 978 3877 vel
1005 3825 1138 3878 ficta
1167 3825 1268 3877 sub
1297 3823 1572 3893 Tychonis
1615 3823 1856 3884 nomine,
1903 3830 1962 3876 et
2005 3829 2268 3892 quantum
2306 3822 2423 3874 fieri
2464 3822 2695 3890 poterit,
2744 3823 2891 3892 stylo
2934 3821 3037 3890 ipsi
3070 3837 3195 3874 con-

678 3913 853 3968 sueto,
887 3921 959 3960 an
985 3921 1117 3957 vero
1147 3905 1247 3956 sub
1277 3905 1575 3956 haeredum
1607 3903 1861 3956 nomine?
1908 3903 2305 3965 Quaerendum,
2340 3919 2409 3955 an
2440 3909 2497 3954 et
2528 3903 2703 3971 qualis
2730 3901 2999 3954 dedicatio
3028 3917 3193 3970 prae-

677 3989 796 4040 fixa
822 3987 896 4038 sit
923 3983 988 4038 iis
1017 3985 1458 4053 exemplaribuS‚
1499 3999 1639 4054 quae
1672 3984 1907 4044 Caesar,
1942 3983 2291 4046 coradueius,
2323 3982 2639 4046 Barwitiu8‚
2682 3979 3014 4040 Herwartus
3040 3997 3197 4058 acce-

681 4072 915 4136 perunt3
959 4063 1056 4118 ubi
1085 4065 1267 4118 lateat
1298 4063 1612 4118 conclusio?

827 4147 888 4200 ln
917 4152 1056 4214 typo
1085 4145 1468 4198 desiderantur
1495 4143 1756 4214 paginae,
1789 4159 1934 4212 quae
1952 4150 2161 4198 motum
2180 4143 2372 4194 Lunae
2400 4143 2856 4212 complectuntur.
2900 4141 3199 4196 Schemata

670 4225 792 4294 ,iam
821 4225 878 4278 in
905 4225 1062 4296 ligno
1091 4224 1370 4292 insculpta
1397 4230 1542 4276 sunt.
1601 4223 2011 4292 Typog'rapbus
2042 4222 2531 4292 Wittebergensis,
2566 4231 2629 4275 ut
2656 4223 2837 4285 audio,
2873 4221 2995 4289 jam
3022 4221 3199 4274 habet

677 4305 985 4376 pecuniam,
1031 4311 1098 4356 ut
1139 4321 1210 4356 ea
1237 4305 1530 4372 imprimat.
1591 4303 1814 4374 Pagina
1842 4303 2019 4371 prima
2060 4302 2243 4370 operis
2288 4301 2344 4354 in
2384 4303 2639 4371 pluribus
2668 4301 3079 4370 exemplaribus
3106 4307 3198 4352 est

683 4386 884 4440 attrita
911 4391 972 4437 et
997 4385 1201 4446 lacera,
1233 4383 1544 4438 recudenda
1573 4382 1682 4434 erit
1707 4383 1899 4434 iisdem
1931 4382 2096 4451 typis,
2130 4399 2199 4433 ne
2230 4382 2299 4433 ob
2330 4381 2475 4434 hunc
2502 4383 2777 4434 defectum
2804 4381 2930 4434 libri
2958 4381 3196 4448 pretium

678 4465 1041 4519 deminuatur.
1099 4469 1189 4516 An
1219 4463 1464 4517 Lunaria
1489 4461 1887 4532 Wittebergae
1918 4463 2028 4514 sint
2058 4463 2413 4530 imprimenda
2452 4469 2513 4515 et
2548 4479 2654 4514 non
2695 4461 2879 4531 potius
2920 4461 3023 4522 hic,
3068 4477 3194 4514 con-

681 4546 1048 4606 siderandum,
1097 4563 1166 4598 ne
1218 4544 1402 4613 operis
1445 4551 1680 4612 patrono
1721 4542 1951 4595 Caesari
2000 4557 2141 4594 ansa
2184 4543 2528 4611 praebeatur
2574 4541 2925 4595 succensendi
2974 4541 3043 4593 ob
3087 4556 3196 4593 non

680 4631 904 4695 gratum
931 4624 1153 4678 locum
1141 4621 1528 4693 impressionis.

575 4701 640 4772 4)
682 4705 1422 4774 Progymnasmatum
1463 4705 1614 4756 Astr.
1661 4701 1899 4756 tom.11.
1948 4703 2016 4754 de
2056 4703 2285 4756 Cometa
2322 4717 2373 4754 a.
2420 4699 2587 4754 1577.
2669 4701 2835 4753 Liber
2880 4715 2991 4769 qua
3034 4704 3195 4767 parte

683 4784 986 4845 confectus,
1029 4785 1198 4838 etiam
1239 4785 1535 4852 impressus
1565 4789 1673 4836 est.
1735 4781 1975 4850 Reliqua
2002 4797 2133 4850 pars
2162 4781 2291 4834 libri
2320 4779 2598 4834 desiderat
2625 4780 2963 4872 diligentem·
2976 4778 3191 4842 ordina-

681 4873 873 4920 torem.
939 4863 1127 4937 'I'ycho
1169 4863 1226 4918 in
1261 4863 1598 4918 Mechanicis
1645 4863 1943 4916 secundum
1988 4869 2049 4916 et
2092 4862 2317 4916 tertium
2364 4869 2565 4916 tomum
2612 4860 2905 4931 distinguit
2950 4859 3003 4912 in
3049 4859 3195 4912 hunc
