3634 5575
1422 378 1484 425 de
1524 377 1670 428 rebus
1703 377 2027 442 astrologicis.
2962 376 3081 444 351

383 535 518 598 aliis
563 533 756 596 literis
801 535 892 611 (p.
944 528 1127 612 339).
1222 533 1486 596 Videtur
1537 553 1610 594 ea
1667 533 1804 613 ipsa
1858 551 1997 595 esse
2044 533 2245 612 regio,
2312 534 2471 596 unde
2534 535 2613 598 ad
2658 555 2777 596 nos.
2820 537 3099 614 pervenit

380 629 594 684 ventus
627 621 996 696 „Nordost,“
1047 621 1146 700 qui
1194 641 1434 702 semper
1481 621 1758 702 frigiduS.
1852 622 2015 704 Ergo
2064 621 2282 702 aliquis
2330 621 2411 684 ibi
2453 624 2623 686 culus
2672 625 2893 696 mundi,
2940 625 3093 686 unde

379 721 506 772 tam
552 709 756 790 frigidi
801 709 986 771 venti.
1081 710 1217 771 Non
1267 710 1453 790 liquet
1499 729 1607 771 nec
1655 710 1806 772 libet
1852 711 1909 771 in
1960 730 2086 772 rem
2132 719 2513 789 praesentem
2560 713 2785 774 venire.

517 797 885 849 Fabricius·
926 797 978 848 Si
1017 798 1182 848 cauda
1218 805 1520 850 cometarum
1558 813 1592 848 a
1627 797 1742 849 Sole
1782 804 2045 856 causatur.
2096 814 2184 850 cur
2216 813 2317 849 non
2356 805 2409 850 et
2444 800 2593 851 Luna
2628 800 2840 852 caudam
2878 801 3089 865 projicit,

377 885 489 920 cum
523 885 623 918 non
661 869 861 919 dubium
897 871 976 926 sit,
1015 875 1320 920 cometarum
1355 884 1560 934 corpora
1595 885 1692 920 non
1729 872 1892 920 minus
1928 871 2085 920 densa
2120 885 2249 930 esse,
2290 885 2439 936 quam
2478 869 2694 922 Lunae?

555 941 973 1020 Keplerus:
1040 941 1133 1002 De
1183 941 1276 1003 his
1336 960 1451 1003 non
1497 943 1676 1022 plura
1723 943 1923 1004 dicere
1980 961 2257 1022 possum,
2328 961 2502 1022 quam
2566 943 2623 1004 in
2676 927 2931 1023 Opticis.
3027 940 3095 1003 Si

377 1049 572 1110 opaca
617 1039 825 1092 essent
869 1048 1140 1108 corpora,
1193 1037 1260 1091 ut
1303 1029 1496 1104 Luna,
1547 1049 1666 1091 non
1714 1030 2077 1110 projicerent
2124 1032 2400 1093 caudam.

519 1135 713 1186 Deinde
747 1137 909 1200 pergit
934 1134 1266 1198 Keplerus‚
1307 1117 1373 1185 ad
1410 1135 1535 1185 alias
1559 1135 1776 1186 Fabricii
1799 1137 2118 1201 quaestiones
2145 1137 2468 1202 respondens,
2507 1151 2635 1201 quae
2666 1152 2725 1187 ex
2748 1137 2865 1201 ipsis
2890 1149 3091 1200 respou-

377 1207 593 1258 sionibus
627 1207 832 1270 Kepleri
868 1207 1141 1269 patebunt:

551 1295 645 1358 De
693 1295 930 1358 arcanis
969 1294 1509 1375 experimentisque
1557 1295 1816 1374 propriis
1873 1295 2260 1358 commendas
2321 1297 2465 1359 mihi
2515 1296 2847 1359 Ptolemaei
2896 1296 3087 1376 apho-

377 1386 622 1460 rismum
667 1387 726 1447 in
776 1383 1236 1462 Quadripartito
1293 1384 1370 1444 de
1415 1383 1879 1462 coangulatione
1928 1384 2215 1446 siderum.
2308 1384 2445 1446 Non
2494 1386 2673 1446 credo
2730 1385 2852 1447 tuis
2901 1403 3089 1464 gene-

379 1474 606 1535 ralibus
655 1473 1010 1547 affirmatis3
1057 1489 1304 1534 recense
1353 1472 1767 1551 experimenta
1811 1491 1923 1552 per
1966 1483 2195 1551 partes,
2245 1474 2525 1552 opinione
2569 1474 2857 1554 pauciora
2897 1481 3087 1535 erunt.

380 1564 687 1642 Aspectus
744 1563 1126 1641 planetarum
1183 1561 1260 1622 ad
1310 1562 1524 1622 stellas
1577 1568 1869 1640 perpetuo
1926 1560 2141 1623 infiniti
2189 1569 2359 1634 sunt,
2427 1581 2543 1624 non
2601 1561 2789 1640 igitur
2832 1561 2965 1642 apti
3011 1563 3089 1622 ad

359 1651 740 1730 objectivam
789 1649 1260 1712 admonitionem
1307 1650 1404 1712 vel
1453 1649 1913 1712 commotionem
1962 1650 2323 1712 facultatum
2373 1651 2759 1712 naturalium.

557 1738 678 1802 Cur
723 1740 882 1800 inter
927 1747 1214 1818 aspectus
1269 1738 1326 1800 in
1375 1738 1537 1800 nullo
1571 1757 1755 1800 censu
1802 1738 1925 1799 sint
1972 1739 2034 1813 0‘
2064 1741 2137 1812 8,
2189 1743 2253 1800 et
2299 1738 2372 1813 Ι]
2404 1740 2455 1810 D
2510 1745 2575 1800 et
2620 1735 2701 1816 Q
2768 1738 2891 1799 dixi
2938 1758 3085 1799 can-

379 1846 509 1888 sam
555 1829 612 1889 in
661 1828 1111 1888 FundamentiS.
1207 1827 1296 1887 Tu
1342 1845 1485 1887 vero
1539 1827 1801 1929 paginas
1850 1826 2061 1888 studes
2120 1826 2367 1906 implere
2424 1849 2761 1908 περιεργοις.
2855 1825 3089 1888 Eadem

377 1925 580 1978 teneto
631 1917 703 1978 de
753 1915 1001 1977 heliacis
1051 1915 1376 1977 exortibus,
1471 1915 1696 1977 Eorum
1745 1915 1837 1976 vis
1886 1915 2179 1977 naturalis
2224 1916 2469 1996 propria
2500 1917 2685 1978 nulla.
2780 1913 2981 1978 Sunt
2964 1933 3140 2018 1g1-.‚

377 2015 472 2067 tur
519 2005 692 2084 signa
738 2013 844 2066 aut
891 2013 1072 2067 notae
1119 2013 1452 2084 temporum
1500 2023 1576 2066 ex
1623 2003 1875 2065 arbitrio
1922 2004 2251 2079 hominum,
2317 2005 2459 2084 quia
2502 2005 2639 2066 aliis
2689 2004 2897 2079 citius,
2947 2003 3085 2065 aliis

376 2094 606 2156 tardius
673 2094 969 2167 oriuntur,
1036 2102 1214 2177 prout
1257 2091 1391 2153 visu
1439 2092 1648 2154 valent
1709 2092 2000 2153 homines.
2095 2091 2227 2154 Nec
2285 2093 2556 2173 sequitur
2614 2111 2813 2154 rerum
2869 2099 3088 2154 natura

377 2188 646 2242 nostram
691 2181 858 2242 visus
905 2181 1402 2242 imbecillitatem.
1498 2179 1618 2241 Sed
1670 2181 1744 2242 de
1790 2181 1905 2242 hoc
1950 2181 2009 2240 in
2058 2179 2511 2242 Fundamentis.

559 2269 752 2330 Venio
801 2269 876 2330 ad
929 2269 1138 2330 literas
1186 2265 1246 2332 6.
1281 2265 1450 2340 (16.)
1481 2268 1694 2343 Febr.‚
1746 2289 1897 2348 quas
1944 2267 2199 2348 geminis
2248 2269 2605 2349 expressisti
2642 2266 3086 2346 exemplaribus

378 2361 600 2437 (comp.
652 2358 753 2419 lib.
803 2357 877 2418 de
927 2355 1126 2418 Stella
1169 2357 1408 2431 Nova),
1470 2375 1716 2436 quorum
1767 2358 2020 2419 alterum
2072 2358 2145 2418 de
2194 2357 2412 2420 Schele
2460 2357 2675 2420 nudius
2722 2357 2961 2418 demum
3008 2356 3086 2416 ad

377 2467 470 2510 me
516 2446 698 2520 misit,
751 2447 1008 2508 alterum
1043 2444 1378 2524 exemplum
1423 2462 1532 2506 suo
1579 2453 1849 2524 tempore
1896 2453 1997 2506 est
2040 2446 2358 2508 redditum.

553 2535 686 2614 Ego
750 2533 1041 2612 impedior
1090 2533 1198 2608 (ab
1263 2533 1847 2609 obseriationibus);
1912 2533 2230 2596 catarrhus
2288 2553 2380 2595 me
2438 2533 2665 2594 bilosus
2730 2533 2827 2593 his
2872 2530 3084 2592 diebus

376 2645 414 2684 a
464 2622 516 2686 1.
548 2621 687 2686 Jun.
739 2630 927 2685 tenet.
1021 2620 1125 2684 Sic
1173 2642 1212 2682 a
1264 2617 1362 2686 12.
1412 2622 1473 2683 in
1522 2618 1626 2684 22.
1675 2623 1853 2684 Febr.
1904 2621 2019 2684 fuit
2065 2613 2335 2685 defluxus
2382 2620 2885 2701 interscapilium,
2937 2620 3079 2682 bra-

374 2713 640 2774 chiorum
688 2719 913 2774 motum
961 2711 1326 2791 i1npediens3
1387 2711 1663 2792 utrinque
1711 2707 1750 2789 15
1799 2711 1861 2773 in
1908 2729 2129 2774 occasu
2191 2729 2343 2772 meo.
2438 2711 2531 2772 Tu
2574 2711 2624 2772 si
2674 2710 2909 2773 videres
2955 2708 3079 2769 fleri

375 2806 428 2875 8
464 2799 542 2879 Q
594 2807 657 2862 et
700 2798 771 2879 15,
843 2803 902 2877 0‘
933 2798 1012 2877 Q
1063 2809 1128 2862 et
1173 2808 1251 2875 d,
1323 2804 1375 2873 8
1409 2796 1450 2877 15
1500 2808 1564 2861 et
1609 2809 1659 2870 ο·
1705 2801 1764 2862 in
1803 2809 1909 2862 tuo
1948 2809 2160 2863 exortu
2217 2808 2281 2863 et
2340 2818 2588 2873 occasu,
2653 2807 2815 2862 metu
2864 2805 3077 2859 conta-

377 2891 673 2952 besceres.
769 2890 966 2951 Video
997 2908 1110 2968 ego
1144 2888 1424 2953 effectum
1471 2895 1536 2951 et
1580 2889 1903 2969 praescivi,
1952 2897 2019 2951 at
2058 2908 2175 2951 non
2206 2890 2413 2965 metui,
2462 2889 2603 2971 qnia
2648 2887 2795 2950 nihil
2840 2894 3084 2967 praeter

371 2988 621 3041 naturae
667 2979 943 3052 modum,
990 2979 1108 3039 nisi
1156 2997 1250 3039 me
1297 2978 1431 3058 ipso
1479 2998 1719 3041 manum
1767 2980 2159 3052 admovente,
2224 2980 2369 3040 mihi
2416 2978 2657 3040 evenire
2702 2994 2883 3056 posse
2932 2976 3078 3038 scio.

377 3068 567 3147 Igitur
629 3075 692 3129 et
756 3086 942 3132 caveo
999 3076 1064 3129 et
1124 3075 1396 3146 tempero
1463 3088 1500 3129 a
1562 3068 1921 3147 periculosis
1986 3068 2349 3143 actionibus,
2419 3067 2701 3129 libertate
2768 3065 3079 3139 sermonis,

379 3156 682 3235 suspectis
748 3154 1176 3234 scriptionibus
1233 3156 1308 3217 de
1353 3156 1532 3217 rebus
1585 3156 1951 3236 principum,
2016 3158 2207 3219 donec
2263 3156 2579 3219 transierit
2623 3156 2721 3217 hic
2767 3154 3079 3216 transitus.

373 3240 482 3307 Sin
520 3251 722 3306 autem
767 3262 844 3305 ex
887 3243 1002 3304 hoc
1047 3242 1338 3322 principio
1383 3246 1724 3322 pulmonum
1754 3246 1947 3307 crasis
1978 3253 2041 3307 et
2068 3245 2307 3327 phtysis
2338 3276 2422 3287 --
2469 3254 2539 3307 at
2564 3243 2823 3307 materia
2850 3250 2991 3305 ante
3020 3242 3078 3303 in

375 3351 622 3412 corpore
672 3332 804 3405 fuit,
854 3350 972 3393 non
1017 3350 1126 3411 per
1173 3330 1282 3391 hos
1329 3340 1614 3410 aspectus
1663 3333 1776 3394 fuit
1803 3333 2168 3408 introducta,
2218 3334 2326 3396 sed
2374 3342 2611 3396 tantum
2643 3332 2863 3407 excita,
2912 3331 3079 3411 potui

379 3422 562 3501 igitur
607 3420 836 3483 meliori
885 3420 1091 3481 diaeta
1117 3437 1504 3497 praecavere.
1595 3421 1839 3483 Excuso
1868 3429 2069 3495 astra3
2118 3422 2265 3490 scio,
2314 3440 2424 3483 nos
2464 3440 2811 3502 quocunque
2841 3419 3079 3483 vivendi

373 3528 594 3589 genere
643 3508 792 3570 nihil
837 3508 1000 3570 aliud
1049 3526 1228 3587 qnam
1275 3507 1444 3569 mori.

514 3614 841 3663 Fabricius
879 3610 949 3674 (d.
989 3609 1071 3662 16.
1111 3609 1288 3673 Feb.):
1343 3612 1491 3661 Mitto
1541 3612 1748 3676 genesin
1785 3611 1871 3661 filii
1907 3612 2251 3676 primogeniti,
2306 3612 2389 3676 qui
2432 3610 2589 3661 literis
2637 3624 2772 3661 nunc
2818 3610 3074 3661 incumbit.

373 3684 478 3736 Tuo
509 3685 696 3749 judicio
743 3684 850 3747 plus
886 3680 1062 3742 tribuo,
1100 3698 1248 3749 quam
1284 3698 1394 3733 meo
1436 3708 1502 3719 —-
1539 3682 1598 3731 In
1622 3682 1792 3740 literis,
1832 3697 1961 3747 quae
1984 3682 2076 3731 has
2102 3683 2399 3733 subsecutae
2436 3688 2551 3731 sunt
2587 3682 2633 3732 d.
2669 3682 2747 3731 12.
2774 3684 2921 3747 Apr„
2958 3697 3077 3731 ean·

374 3756 485 3806 dem
520 3757 809 3820 petitionem
845 3756 916 3804 sic
953 3755 1158 3818 repetit:
1213 3754 1426 3820 Egregie
1451 3767 1628 3802 meam
1664 3756 1871 3818 genesin
1910 3754 2207 3817 descripsisti
2246 3768 2428 3817 nuper,
2467 3767 2527 3803 ac
2566 3754 2608 3803 si
2643 3752 2762 3802 mihi
2800 3755 2889 3816 ipsi
2926 3752 3082 3816 pictor

371 3828 585 3877 fuissem.
659 3826 735 3875 Tu
771 3828 822 3877 in
859 3826 957 3875 filio
995 3827 1126 3875 idern
1162 3840 1347 3889 quaeso
1385 3830 1626 3889 praestes,
1663 3824 1825 3874 facies
1861 3832 2058 3889 gratum
2098 3825 2329 3874 officium.
2404 3825 2511 3889 Ego
2560 3825 2681 3873 mihi
2726 3826 2779 3873 iu
2812 3826 2873 3873 iis
2910 3824 3082 3873 studiis

369 3912 543 3962 parum
578 3898 756 3956 tribuo,
797 3904 851 3947 et
885 3911 1018 3947 nnnc
1054 3899 1194 3961 quasi
1229 3894 1393 3946 nullus
1431 3910 1554 3945 sum.

545 3986 958 4066 Keplerus:
1027 3986 1165 4047 Filii
1211 3984 1299 4046 tui
1344 3984 1594 4065 genesin
1644 4004 1749 4057 cm·
1793 3992 2085 4058 tractem,
2134 3990 2273 4049 cuin
2306 3992 2369 4045 tu
2408 3985 2537 4064 jam
2586 4004 2623 4045 a
2668 3984 2861 4045 tribus
2906 3982 3081 4043 annis

371 4076 566 4139 induci
613 4095 730 4137 non
779 4075 1000 4155 possis,
1053 4080 1118 4135 ut
1165 4072 1238 4135 de
1287 4092 1424 4134 mea
1467 4073 1831 4135 transmissa
1876 4072 2086 4153 genesi
2115 4072 2403 4152 judicium
2442 4074 2620 4148 feras,
2670 4081 2943 4134 metuens
2992 4092 3077 4133 sc.

371 4165 462 4241 id,
531 4165 686 4245 quod
736 4184 832 4227 res
880 4172 1006 4236 est,
1075 4182 1147 4223 ne
1195 4161 1462 4224 irretiam
1521 4166 1584 4223 te
1639 4162 1702 4229 in
1761 4160 2141 4241 dogmatibus
2208 4162 2611 4241 astrologicis.
2707 4160 2829 4223 Sed
2878 4170 3077 4222 tamen

371 4253 768 4334 obsequamur
813 4249 1100 4325 nonnihil,
1141 4250 1316 4331 quasi
1361 4258 1680 4328 praeterea
1727 4250 1875 4311 nihil
1924 4250 2023 4325 sit,
2075 4251 2231 4330 qnod
2260 4254 2608 4312 tractemus,
2704 4247 2786 4327 Θ
2828 4250 2883 4310 in
2914 4250 2987 4322 C]
3014 4246 3077 4327 15,

367 4342 420 4415 D
473 4342 530 4403 in
577 4344 650 4415 Ε]
677 4344 758 4419 Q,
808 4341 870 4416 ‘24
915 4342 974 4401 in
1021 4344 1092 4409 Δ
1126 4339 1176 4413 Q
1223 4348 1288 4401 et
1333 4340 1451 4400 imo
1501 4339 1670 4414 coeli,
1721 4346 1863 4400 sunt
1910 4347 2193 4418 aspectus
2226 4338 2428 4414 validi,
2478 4346 2547 4400 ut
2592 4357 2707 4400 non
2749 4340 2905 4400 male
2935 4358 3078 4419 spe-

369 4450 528 4505 rem3
577 4432 678 4493 ille
725 4429 1101 4505 industriam,
1149 4428 1266 4490 iste
1313 4426 1635 4508 ingenium,
1687 4429 1795 4490 sed
1842 4446 2080 4507 vagum,
2130 4428 2226 4490 hic
2274 4429 2530 4507 gratiam
2568 4427 2906 4508 pollicetur.
2990 4428 3081 4491 At

371 4538 512 4581 vero
559 4516 598 4597 15
645 4538 754 4599 per
801 4518 1178 4581 latitudinem
1227 4524 1414 4579 austr.
1465 4536 1747 4620 magnam
1794 4517 1853 4578 in
1901 4516 2071 4596 signo
2132 4516 2613 4579 brevissimarum
2663 4518 3077 4579 ascensionum

371 4616 432 4670 et
487 4628 706 4711 magna
759 4608 882 4687 poli
926 4606 1316 4669 inclinatione
1365 4605 1545 4667 valde
1592 4606 1823 4667 vicinus
1872 4612 1969 4666 est
2017 4604 2259 4678 orienti,
2310 4612 2377 4666 et
2434 4612 2615 4685 puto,
2674 4604 2855 4685 plane
2902 4605 3075 4669 infra.

369 4698 454 4758 Tu
503 4697 708 4790 itaque
757 4696 963 4777 cogita
1010 4697 1084 4757 de
1132 4694 1465 4756 directione
1516 4694 1644 4773 ejus
1692 4695 1770 4756 ad
1818 4692 2131 4756 orientem.
2222 4694 2400 4757 Facit
2454 4694 2551 4755 hic
2598 4693 2749 4755 situs
2798 4694 3079 4775 frigidum

369 4788 424 4849 in
476 4776 674 4868 legum
721 4784 1144 4847 observatione
1192 4792 1256 4845 et
1301 4800 1500 4845 amore
1547 4782 2041 4863 propinquorum;
2110 4798 2380 4844 erronem
2427 4782 2647 4857 habes,
2706 4802 2823 4844 non
2870 4785 3073 4847 infeli-

367 4894 516 4941 cem.
609 4877 679 4941 In
743 4874 1194 4961 comparatione
1256 4890 1392 4935 cum
1455 4880 1564 4935 tua
1619 4872 1828 4953 genesi
1886 4890 2001 4933 non
2058 4871 2379 4935 admodum
2434 4872 2519 4935 fui
2575 4872 2941 4991 delectatus,
3007 4881 3077 4937 ut
