3634 5575
1449 372 1764 440 astrologiae
1807 374 2114 425 censorum.
2998 374 3129 444 435

413 529 694 595 frumenti
715 579 731 607 ,
779 530 902 601 vini
924 580 941 608 ,
991 530 1143 607 olei,
1193 529 1380 594 tritici
1428 538 1543 597 etc.
1585 534 1730 599 item
1775 531 1951 596 Jovis
2004 532 2067 594 in
2120 534 2314 615 figura
2358 534 2651 597 cardinali
2700 534 3128 614 dispositiones

411 620 744 683 vanissima
787 620 1022 683 somnia
1067 626 1224 683 sunt.
1283 618 1544 692 Quaeris
1590 642 1694 684 cur
1735 622 1941 685 vinum
1988 622 2101 685 hoc
2148 642 2304 685 anno
2350 643 2467 685 non
2514 622 2857 703 provenerit
2874 624 2905 685 ‘2
2968 622 3130 695 Quia

411 708 666 788 frigidus
727 718 792 771 et
852 710 1128 773 humidus
1185 728 1378 771 annus
1425 710 1556 775 fuit.
1650 709 1770 782 Qui
1817 712 1931 773 hoc
1975 711 2315 791 praevidit,
2378 732 2455 775 ex
2518 713 2630 775 hoc
2686 712 2816 773 solo
2872 720 2937 774 et
2978 712 3129 775 illud

409 797 640 859 habuit.
736 796 861 861 Cur
905 818 1146 861 annona
1191 798 1422 879 reliqua
1467 799 1638 861 dives
1686 800 1833 862 alibi
1879 798 2012 872 fuit,
2060 800 2206 863 alibi
2250 801 2449 863 tenuis
2468 802 2499 863 ’ἶ
2572 798 2735 871 Quia
2779 819 2855 862 ex
2890 800 3128 865 interna

408 886 629 967 aliqua,
677 886 768 949 uti
815 906 996 967 supra
1041 887 1365 967 disputavi,
1415 896 1480 951 et
1523 889 1717 951 adhuc
1763 888 2005 951 occulta
2048 889 2273 952 Terrae
2318 888 2711 969 dispositione
2754 896 2965 969 partes
3008 889 3127 952 ali-

405 992 562 1057 quae
609 975 928 1037 Terrarum
973 975 1254 1039 humidae
1309 977 1474 1039 fuere
1494 1025 1511 1053 ,
1571 985 1636 1039 et
1691 984 1899 1039 aestas
1964 985 2250 1059 quantum
2298 980 2463 1045 ,satis
2520 978 2633 1040 fuit
2678 996 2923 1053 serena3
2982 977 3125 1041 alibi

403 1082 550 1126 vero
597 1064 844 1127 siccitas
893 1065 1024 1140 fuit,
1053 1065 1300 1127 inimica
1330 1064 1638 1145 frugibus3
1685 1084 1867 1147 quam
1894 1072 1960 1128 et
1984 1073 2187 1129 terrae
2216 1075 2413 1130 motus
2454 1075 2695 1129 secutus
2728 1073 2845 1129 est.
2922 1066 3123 1128 Inter-

409 1153 548 1215 dum
591 1154 744 1215 bene
793 1153 1030 1234 quidem
1077 1154 1267 1216 habet
1311 1174 1530 1230 annus,
1591 1154 1703 1217 sed
1767 1155 1969 1217 subito
2034 1164 2099 1217 et
2156 1175 2277 1217 una
2332 1156 2427 1217 die
2474 1156 2689 1237 pruina
2748 1154 2847 1217 vel
2892 1154 3121 1235 grando

407 1242 722 1317 montosis,
788 1251 896 1305 aut
941 1242 1268 1319 ,inundatio
1333 1244 1610 1323 partibus
1674 1250 1859 1305 nocet
1917 1244 2274 1319 humilibus3
2348 1263 2539 1325 eaque
2611 1262 2793 1306 unum
2864 1244 3123 1325 aliquem

405 1336 686 1407 tractum,
737 1350 854 1413 quo
897 1339 1118 1394 ventus
1166 1333 1374 1407 fertur,
1425 1340 1700 1413 occupat.
1777 1330 2297 1403 Quemadmodum
2340 1340 2407 1397 et
2448 1334 2513 1396 in
2556 1340 2874 1396 ventorum
2904 1340 3125 1395 natura

405 1438 630 1500 magna
692 1428 994 1483 momenta
1053 1428 1228 1489 sunt,
1291 1439 1536 1501 qnorum
1597 1422 1818 1502 plagae
1872 1421 1966 1483 his
2020 1421 2245 1483 nostris
2290 1421 2633 1502 regionibus
2678 1420 3121 1484 inconstantis-

407 1508 594 1571 simae
669 1516 812 1571 sunt
883 1517 954 1571 ut
1011 1509 1345 1589 plurimum.
1457 1506 1897 1573 Stultissimum
1960 1509 2171 1590 igitur,
2238 1510 2447 1573 borum
2511 1516 2831 1573 eventuum
2903 1528 3121 1571 causas

408 1597 562 1661 alias
619 1614 906 1679 quaerere
961 1598 1024 1661 in
1079 1598 1284 1679 figuris
1331 1598 1766 1671 cardinalibus,
1831 1616 1969 1660 cum
2012 1598 2370 1661 manifestas
2415 1618 2635 1663 causas
2680 1616 2995 1661 cernamus
3042 1597 3119 1659 ob

407 1686 632 1750 oculos.
725 1687 822 1748 Ac
866 1704 942 1749 ne
987 1704 1178 1749 novus
1225 1686 1402 1750 homo
1449 1695 1642 1750 artem
1687 1686 2027 1750 convellere
2070 1686 2300 1764 videar,
2350 1688 2429 1751 ad
2460 1686 2729 1752 Cardani
2774 1694 2840 1747 et
2874 1686 3119 1773 Tycho-

405 1775 499 1836 nis
545 1776 972 1838 auctoritatem
1015 1792 1300 1858 provoco.
3077 1806 3082 1811 ·

1485 1862 1754 1927 Thesis
1799 1862 2031 1928 LXVI.

581 1950 847 2015 Causam
911 1970 1090 2015 unam
1150 1971 1263 2033 ego
1329 1951 1743 2029 considerabo,
1809 1958 2239 2033 tempestates3
2296 1970 2431 2014 cum
2476 1952 2551 2014 de
2598 1952 2818 2015 ceteris
2858 1950 3119 2013 nondum

403 2046 658 2104 constet.
751 2040 886 2104 Ver
941 2049 1244 2103 maturum
1297 2040 1359 2104 in
1405 2040 1901 2103 meridionalibus
1956 2041 2106 2103 locis
2154 2060 2425 2121 gemmas
2470 2041 2753 2105 arborum
2805 2039 3122 2119 protrudet

405 2137 546 2193 ante
589 2138 851 2207 tempus,
899 2130 1110 2211 quibus
1158 2129 1354 2191 adhuc
1401 2128 1630 2191 teneris
1675 2128 2106 2210 superveniens
2150 2130 2589 2209 intemperatus
2624 2128 2896 2191 Martius
2942 2128 3119 2190 dam-

403 2236 545 2280 num
589 2215 830 2281 inferet.
921 2219 990 2280 In
1057 2226 1264 2279 nostro
1329 2217 1570 2279 climate
1637 2236 1708 2279 eo
1773 2226 2045 2297 tempore
2103 2218 2177 2279 ob
2239 2218 2426 2297 frigus
2474 2217 2719 2280 solitum
2766 2225 2829 2280 et
2872 2217 3123 2279 boream

401 2305 666 2368 nondum
732 2305 1048 2388 quicquam
1113 2314 1322 2368 extare
1389 2306 1567 2370 solet.
1676 2307 1806 2369 Ver
1866 2305 2239 2369 commodum
2294 2306 2594 2386 frugibus,
2665 2306 2783 2369 sed·
2843 2302 2945 2371 10.
3022 2305 3119 2369 11.

409 2392 508 2457 12.
557 2393 712 2473 Maji
757 2395 817 2455 in
863 2395 1132 2475 periculo
1189 2401 1313 2470 est,
1377 2402 1447 2457 ut
1509 2414 1692 2475 supra
1747 2395 1992 2457 dictum.
2083 2394 2299 2457 Junius
2364 2395 2604 2458 florenti
2666 2395 2776 2458 viti
2840 2395 3121 2466 minatur,

403 2500 544 2544 nam
605 2491 668 2545 et
731 2482 828 2545 hic
887 2492 950 2546 et
1015 2484 1116 2565 qui
1176 2482 1445 2565 sequitur
1487 2483 1686 2546 Julius
1735 2490 1843 2546 aut
1886 2482 2069 2545 nimio
2114 2482 2359 2545 humore
2406 2492 2513 2545 aut
2556 2483 2846 2565 grandine
2888 2484 3123 2563 passim

405 2572 627 2633 damna
671 2570 920 2635 dabunt.
1012 2575 1349 2653 Augustus,
1399 2570 1779 2653 September,
1830 2570 2099 2634 October
2141 2571 2283 2633 vino
2328 2570 2605 2635 videntur
2652 2574 2878 2647 favere,
2927 2590 3119 2653 quan—

400 2668 528 2722 tum
573 2666 772 2728 restat
813 2660 874 2722 in
921 2662 1172 2743 palmite
1195 2685 1238 2736 ,·
1269 2660 1570 2743 etiamque
1617 2662 1939 2725 frumento.
2030 2658 2157 2723 Sed
2213 2668 2417 2723 tamen
2475 2669 2541 2724 et
2587 2658 2695 2727 20.
2744 2659 3123 2743 Septembris

402 2748 463 2812 in
507 2748 732 2813 vicinia
775 2766 887 2812 sua
929 2751 1262 2833 periculum
1305 2749 1508 2814 habet.

1478 2839 1742 2902 Thesis
1787 2839 2047 2901 LXVII.
2396 2887 2401 2890 .

579 2923 759 2999 Quod
802 2927 1044 2990 morbos
1091 2928 1347 3005 attinet,
1393 2927 1544 2990 illud
1591 2927 2013 2990 universaliter
2063 2946 2271 2991 verum
2330 2927 2531 2990 sciunt
2573 2927 2831 3002 medici,
2874 2929 3121 2992 turbato

389 3021 545 3084 ,aere
591 3033 846 3095 corpora
889 3015 1076 3078 etiam
1120 3025 1330 3080 nostra
1375 3015 1626 3080 turbari.
1717 3017 1933 3098 Itaque
1989 3035 2123 3079 cum
2167 3016 2379 3100 hyems
2424 3015 2759 3098 inaequalis
2814 3018 3121 3097 significe-

403 3112 521 3180 tur,
567 3103 742 3167 multi
787 3104 972 3168 etiam
1016 3105 1208 3168 morbi
1245 3115 1420 3168 erunt
1439 3155 1455 3182 ‚
1503 3106 1825 3187 praecipue
1878 3105 1941 3168 in
1986 3104 2278 3186 principio
2325 3105 2534 3168 Martii
2588 3113 2655 3170 et
2696 3107 2868 3187 Maji.
2964 3105 3120 3174 Cum

407 3201 607 3254 autem
656 3200 720 3254 et
765 3200 973 3256 aestas
1020 3202 1314 3276 appareat
1355 3193 1618 3267 turbida,
1666 3202 1985 3258 autumnus
2033 3213 2291 3275 sequens
2338 3193 2416 3256 ob
2454 3211 2845 3276 congressum
2872 3195 3121 3260 Saturni

405 3291 472 3344 et
531 3280 754 3343 Martis
817 3281 1136 3344 admodum
1201 3280 1319 3344 erit
1361 3281 1666 3364 putriduS,
1715 3283 1887 3345 multi
1942 3283 2133 3346 morbi
2180 3284 2590 3361 autumnales,
2640 3283 2859 3356 alicubi
2904 3288 3118 3366 pestiS,

407 3389 522 3452 quo
567 3377 788 3433 ventus
834 3369 1048 3432 noxius
1094 3370 1283 3446 feret3
1337 3370 1700 3451 praesertim
1755 3369 1809 3432 si
1866 3371 1998 3452 quis
2054 3371 2311 3452 eclipses
2358 3390 2431 3434 eo
2476 3391 2592 3453 quo
2640 3373 2899 3438 diximus
2944 3376 3121 3438 modo

407 3458 767 3524 consideret.
862 3460 930 3521 In
977 3477 1216 3540 genere,
1283 3477 1694 3544 quoscunque
1711 3458 1844 3520 dies
1900 3459 2107 3522 notavi
2154 3459 2503 3540 aspectibus
2568 3461 2794 3524 crebris
2840 3461 3117 3539 infestoS,

408 3549 456 3611 ii
500 3555 566 3610 et
608 3548 848 3610 morbos
895 3547 1058 3610 cient
1101 3548 1161 3609 in
1208 3546 1502 3628 subjectis
1546 3547 1799 3624 idoneis,
1832 3555 1896 3610 et
1913 3547 2047 3629 jam
2083 3547 2539 3629 aegrotantibus
2570 3549 2937 3613 difficiliores
2966 3561 3122 3615 sunt.

411 3635 566 3701 Cum
612 3645 816 3700 autem
862 3637 1040 3700 homo
1087 3637 1306 3718 aliquis
1346 3636 1480 3716 jam
1527 3627 1862 3713 decumbit,
1913 3643 2020 3700 aut
2065 3657 2201 3702 cum
2246 3637 2527 3700 humores
2574 3638 2779 3702 vitiosi
2808 3639 2941 3719 jam
2968 3643 3120 3702 fluc-

406 3733 586 3788 tuant
628 3725 690 3788 in
737 3744 1014 3807 corpore.
1063 3732 1204 3789 tunc
1251 3745 1398 3788 sane
1445 3745 1564 3789 non
1611 3725 1886 3806 ampliuS,
1938 3733 2006 3789 ut
2049 3727 2343 3791 hactenus
2392 3745 2505 3807 ego
2552 3727 2687 3803 feci,
2736 3728 2964 3809 negligi
3007 3731 3119 3792 de-

404 3814 552 3876 bent
597 3814 1098 3896 configurationes
1145 3814 1356 3878 Lunae
1383 3868 1390 3874 .
1417 3834 1550 3878 cum
1595 3815 1892 3896 planetis,
1960 3815 2281 3897 praecipue
2330 3835 2467 3878 cum
2510 3815 2677 3879 Sole.
2769 3817 2929 3880 Nam
2975 3837 3120 3900 par-

363 3929 368 3936 ·
407 3903 718 3966 ticularius
765 3904 1091 3986 disponunt
1112 3951 1130 3978 ,
1190 3911 1255 3966 et
1297 3912 1544 3966 movent
1587 3905 1868 3968 humores
1933 3905 2121 3986 (quod
2174 3905 2444 3969 testatur
2486 3923 2767 3986 magnum
2812 3907 2957 3970 illud
3004 3909 3121 3970 hu-

407 4011 638 4056 morum
686 3993 874 4056 chaos
920 3996 1213 4068 oceanus)
1258 4012 1371 4056 nec
1417 3993 1710 4074 negarim,
1752 3994 1814 4056 in
1844 3994 2142 4056 medicina
2170 3994 2447 4057 facienda
2476 3995 2704 4057 utiliter
2732 3996 3119 4060 considerari.

405 4081 633 4145 Pareat
679 4099 862 4163 aegro
908 4081 1175 4145 medicus
1231 4082 1618 4145 vehementer
1672 4083 2027 4158 debilitato,
2097 4082 2151 4145 si
2212 4090 2451 4163 potest,
2514 4084 2691 4145 Luna
2749 4083 2809 4146 in
2870 4094 3123 4166 aspectu

409 4171 553 4233 forti
597 4178 903 4236 versante.
933 4185 948 4194 ·
995 4171 1156 4234 Nam
1203 4171 1453 4253 quilibet
1499 4179 1785 4252 aspectus
1838 4187 1949 4252 per
2004 4191 2070 4234 se
2118 4179 2371 4234 naturae
2416 4172 2698 4252 purgatio
2746 4181 2859 4236 est.
2932 4176 3025 4238 At
3068 4173 3121 4236 si

410 4259 628 4323 validis
689 4259 1148 4341 purgationibus
1213 4277 1362 4340 opus
1428 4268 1562 4332 est,
1625 4260 1818 4340 eligat
1872 4259 2140 4323 vicissim
2184 4260 2374 4324 fortes
2420 4263 2945 4341 configurationes.
3036 4262 3123 4325 Et

409 4364 556 4410 sane
603 4355 798 4412 totum
841 4349 1085 4412 crisium
1129 4347 1436 4429 negotium
1481 4369 1520 4412 a
1567 4349 1773 4412 Lunae
1821 4349 2019 4412 reditu
2062 4358 2129 4412 et
2172 4350 2640 4432 configuratione
2688 4369 2821 4416 cum
2854 4352 3119 4435 planetis

409 4437 730 4520 dependet,
777 4437 1116 4520 frustraque
1165 4436 1310 4502 alibi
1355 4437 1678 4520 quaeritur.

1457 4524 1721 4589 Thesis
1767 4525 2065 4590 LXVIII.

585 4613 657 4678 In
705 4613 884 4679 rebus
931 4614 1195 4698 politicis
1243 4621 1308 4678 et
1348 4613 1586 4678 bellicis
1633 4617 1977 4696 astrologus
2024 4631 2171 4676 sane
2215 4620 2425 4678 votum
2470 4605 2713 4698 aliquod
2753 4615 2961 4694 habet,
3000 4638 3116 4702 po-

349 4711 353 4716 '
411 4702 544 4766 sitis
589 4703 690 4774 iis,
738 4722 890 4785 quae
936 4723 1120 4788 supra
1166 4704 1540 4768 fundamenti
1604 4704 1737 4767 loco
1785 4703 1911 4766 dixi
1956 4702 2029 4764 de
2078 4703 2409 4766 animorum
2456 4723 2751 4769 consensu
2796 4725 2928 4772 cum
2964 4727 3114 4772 con-

407 4791 862 4874 figurationibus
890 4793 1278 4858 coelestibus.
1357 4791 1726 4873 vigentibus
1754 4793 1913 4856 enim
1938 4791 2158 4856 validis
2187 4793 2549 4873 aspectibus,
2584 4811 2757 4858 omne
2786 4797 3116 4862 animorum

407 4899 617 4963 genus,
687 4881 1000 4967 quodlibet
1061 4883 1122 4947 in
1187 4902 1296 4947 suo
1359 4899 1542 4963 opere
1587 4881 1947 4946 naturaliter
1989 4889 2273 4962 vegetum
2318 4889 2417 4946 est
2461 4891 2525 4946 et
2567 4886 2795 4964 alacre,
2852 4887 3115 4951 maxime

2566 4989 2636 5044 28
2654 4993 2689 5024 θ
