3634 5575
551 350 685 417 336
1398 353 1597 405 Literae
1631 352 1840 419 Kopion-i
1875 353 2176 419 aliorumque
2213 362 2416 405 mutuae

550 514 719 573 Haec
765 510 967 572 omnia
1003 520 1334 591 sequuntur
1380 530 1453 573 ex
1501 512 1613 572 boc
1660 512 1956 593 principio
1977 561 1994 588 ,
2061 512 2218 593 quod
2274 521 2342 575 tu
2387 513 2650 575 nondum
2695 513 3020 577 refutasti:
3087 536 3124 575 a
3169 514 3280 575 die

550 598 875 679 significari
926 618 1175 675 annum,
1245 620 1282 661 a
1328 599 1591 661 motibus
1648 600 1883 663 scilicet
1931 601 2194 663 natalitii
2243 602 2392 663 coeli
2451 619 2560 682 per
2607 602 2766 666 diem
2821 621 3000 665 unum
3045 619 3282 683 perque

552 690 685 750 loca
731 688 1019 749 thematis
1066 687 1475 749 characteritii
1524 697 1587 750 et
1634 689 1920 751 natalitii.

726 776 865 837 Jam
912 776 989 838 ad
1039 784 1144 837 tua
1190 786 1567 857 argumenta.
1660 778 1856 855 NegO,
1902 776 2202 856 respicere
2230 777 2512 855 planetas
2559 778 2820 841 orbitam
2849 777 3032 841 Solis.
3107 777 3278 839 Nam

551 884 655 943 per
703 864 983 925 accidens
1033 866 1115 937 fit,
1166 874 1231 925 ut
1280 864 1553 926 dividant
1598 882 1705 945 per
1752 866 2036 928 circuitus
2087 883 2226 926 suos
2277 864 2550 927 bifariam
2578 874 2816 945 partem
2847 867 2980 939 huc,
3029 874 3276 946 partem

552 954 691 1016 illuc
740 974 775 1013 a
824 952 987 1014 Solis
1034 952 1271 1013 semita.
1366 954 1497 1014 Hoc
1547 955 1738 1015 solum
1771 955 2078 1027 affectant,
2130 962 2197 1014 ut
2233 952 2394 1014 circa
2440 962 2708 1015 centrum
2753 955 2950 1017 mundi
2985 962 3278 1016 maneant

550 1042 607 1103 in
660 1041 871 1102 eodem
918 1041 1099 1120 plano
1150 1043 1253 1113 (ne
1302 1050 1361 1102 te
1413 1040 1782 1121 Copernicus
1832 1042 2159 1115 offendat);
2209 1041 2365 1103 idem
2411 1042 2518 1104 Sol
2566 1043 2732 1117 facit,
2785 1045 2940 1105 alter
2987 1043 3114 1104 sine
3163 1062 3272 1103 re-

550 1139 761 1209 spectu
809 1129 1077 1190 alterius,
1170 1130 1301 1191 Hoc
1354 1149 1493 1191 vero
1546 1132 1839 1191 facientes
1891 1140 2169 1212 uterque,
2221 1149 2470 1191 necesse
2520 1140 2617 1192 est
2663 1131 2894 1193 orbitas
2942 1140 3049 1192 aut
3093 1130 3268 1191 coin-

550 1220 782 1291 cidere,
855 1227 958 1278 aut
1006 1218 1198 1279 secari
1264 1219 1493 1279 duobus
1542 1219 1779 1299 punctis
1829 1218 2124 1299 oppositis
2183 1226 2245 1279 et
2289 1218 2590 1282 bifariam.
2687 1219 3078 1283 Astronomia
3123 1236 3270 1279 vero

550 1306 943 1369 disertissime
1008 1307 1308 1381 affirmat,
1376 1308 1537 1369 nullo
1601 1315 1782 1387 pacto
1835 1307 2173 1387 dispensari
2239 1316 2436 1368 motus
2500 1309 2877 1387 planetarum
2945 1308 3021 1369 ab
3069 1307 3274 1369 orbita

548 1394 730 1470 Solis,
782 1414 912 1455 cum
962 1395 1127 1473 leges
1178 1394 1430 1457 realium
1480 1405 1744 1457 motuum
1792 1397 1954 1457 nullo
2002 1403 2182 1474 pacto
2221 1397 2530 1474 pendeant
2577 1417 2614 1458 a
2660 1395 2823 1458 Solis
2870 1396 3266 1459 revolutione.

548 1486 704 1547 Nam
754 1502 906 1563 quae
955 1484 1028 1543 de
1076 1483 1345 1565 epicyclo
1394 1484 1560 1545 dicta
1606 1492 1746 1545 sunt
1792 1506 1830 1545 a
1876 1485 2206 1558 veteribuS,
2276 1484 2566 1546 tolluntur
2614 1505 2650 1545 a
2696 1485 2976 1567 Tychone
3026 1493 3088 1546 et
3137 1482 3267 1546 Co-

551 1572 790 1653 pernico
838 1571 1175 1633 rationibus
1223 1572 1459 1651 opticis.
1556 1572 1832 1635 Secundo
1881 1572 2114 1651 allegas
2163 1572 2617 1651 experientiam.
2711 1574 2907 1653 Nego,
2957 1582 3019 1634 te
3057 1572 3263 1634 since-

552 1680 681 1723 ram
746 1678 925 1741 posse
991 1677 1244 1740 capere,
1314 1661 1540 1723 lubrica
1586 1669 1717 1732 est,
1786 1661 1943 1743 quod
2009 1659 2156 1733 tibi,
2213 1678 2320 1739 per
2366 1670 2572 1742 partes
2617 1662 2977 1742 proponenti
3023 1661 3268 1742 experi-

552 1759 794 1822 menta,
861 1748 1193 1827 probarem.
1290 1750 1494 1811 Tertio
1560 1750 1834 1829 confugis
1901 1750 1979 1811 ad
2043 1748 2483 1829 profectiones,
2549 1780 2629 1792 -
2697 1750 3012 1813 ficulneum
3077 1768 3264 1829 argu-

550 1847 834 1899 mentum.
927 1836 1115 1898 Nihili
1164 1846 1258 1898 est
1302 1838 1627 1916 profectio,
1697 1846 1761 1899 et
1807 1838 1858 1899 si
1927 1836 2064 1918 quid
2114 1845 2311 1910 esset,
2371 1838 2503 1917 jam
2552 1839 2715 1915 dixi,
2782 1846 2844 1901 te
2893 1838 3024 1899 falli
3071 1857 3266 1918 expe-

550 1926 778 1989 riundo.
871 1924 1142 2005 Denique
1192 1927 1433 1998 nescio,
1484 1928 1621 2007 quid
1673 1936 1731 1988 te
1780 1927 1919 2006 polo
1970 1926 2264 1987 attulerit.
2357 1926 2619 1989 Primum
2667 1946 2783 1989 nou
2833 1935 2976 1988 sunt
3022 1927 3179 1987 vires
3230 1946 3270 1986 a

548 2015 727 2095 polis,
822 2013 1055 2073 Deinde
1104 2012 1384 2092 ecliptica
1432 2034 1545 2075 nou
1596 2024 1692 2076 est
1738 2015 1937 2076 media
1969 2016 2122 2076 inter
2153 2015 2325 2092 polos
2356 2016 2753 2094 planetarum,
2806 2034 2995 2096 aeque
3026 2014 3268 2076 distans

551 2104 627 2164 ab
676 2102 829 2175 inis,
881 2103 987 2163 sed
1036 2100 1244 2182 cuique
1291 2103 1575 2181 planetae
1624 2124 1766 2165 suus
1812 2103 2005 2183 polus,
2099 2102 2306 2163 Tertio
2353 2123 2462 2166 nec
2495 2104 2779 2183 ecliptica
2833 2123 3020 2184 aeque
3070 2104 3270 2166 distat

551 2208 788 2271 semper
835 2190 911 2251 ab
959 2188 1170 2251 iisdem
1244 2193 1487 2271 punctis
1534 2192 1821 2265 fixarum3
1881 2190 2023 2252 olim
2071 2191 2227 2251 euim
2274 2191 2532 2271 majores
2586 2194 2748 2253 fuere
2799 2191 3172 2255 latitudines.

693 2279 1058 2327 Fabricius:
1120 2277 1245 2328 Mire
1283 2280 1514 2343 placent,
1564 2294 1693 2344 quae
1730 2281 2036 2345 geometrica
2071 2284 2124 2329 et
2158 2280 2349 2329 musica
2386 2280 2532 2330 affers
2569 2280 2632 2330 de
2670 2281 2982 2345 aspectibus,
3039 2294 3134 2330 nec
3172 2286 3268 2337 est,

550 2350 681 2414 quod
716 2350 813 2397 illis
849 2349 1189 2399 contradicam
1225 2347 1315 2399 dcc.

728 2419 1129 2500 Keplerus:
1204 2420 1629 2483 Harmonicam
1660 2422 2015 2483 ‘doctrinam
2061 2422 2315 2501 recipis,
2377 2422 2500 2483 vim
2545 2421 2684 2483 inde
2731 2422 3082 2503 aspectibus
3123 2440 3268 2483 esse

551 2508 793 2589 probas,
890 2506 1182 2581 Gaudeo,
1254 2516 1315 2571 te
1360 2510 1637 2572 hausisse
1686 2511 1797 2571 hoc
1845 2509 2268 2589 pharmacum:
2353 2511 2530 2573 crede
2578 2509 2759 2585 mihi,
2827 2510 2886 2573 in
2935 2518 3264 2590 posterum,

552 2598 665 2659 nisi
711 2616 819 2678 per
864 2598 1153 2659 vomitum
1200 2599 1535 2660 reddideris
1558 2646 1573 2672 ,
1642 2598 1741 2661 ubi
1792 2598 2157 2661 ventriculus
2206 2598 2268 2660 id
2316 2599 2696 2674 concoxerit,
2767 2599 3110 2679 aperientur
3155 2598 3268 2659 tibi

552 2689 609 2749 in
658 2686 1093 2765 meteorologia
1139 2686 1357 2747 mentis
1408 2686 1601 2762 oculi,
1669 2688 1848 2767 inque
1917 2687 2387 2761 „Fundamentis
2431 2688 2889 2769 Astrologiae“.
2983 2686 3053 2749 Si
3099 2687 3268 2766 prius

553 2775 822 2850 fecisseS,
875 2783 1037 2854 puto,
1088 2776 1281 2836 multa
1330 2776 1549 2838 fuisses
1596 2776 1691 2838 hic
1737 2776 2293 2856 praetermissurum

693 2865 1053 2914 Fabricius:
1117 2864 1190 2912 Ex
1227 2864 1394 2914 divina
1430 2865 1737 2914 ordinatione
1774 2873 1915 2914 certa
1950 2865 2194 2928 quaedam
2229 2864 2345 2914 loca
2375 2863 2608 2928 aphetica
2629 2869 2747 2914 sunt
2781 2864 2834 2913 in
2868 2862 3090 2914 themate
3116 2863 3264 2920 bona.

552 2942 605 2986 et
640 2935 888 3000 quaedam
924 2933 1071 2982 mala.
1150 2933 1250 2983 Sed
1286 2935 1526 2998 quomodo
1565 2934 1776 2984 discerni
1813 2936 2056 2991 debeant,
2095 2951 2194 2984 non
2230 2937 2386 2984 video.
2461 2933 2733 2984 Multarum
2771 2935 3027 2998 genesium
3064 2947 3262 2997 compa·

552 3009 743 3057 ratione
780 3004 900 3054 illud
935 3005 1275 3067 inquirendum
1314 3012 1365 3056 et
1401 3005 1765 3055 decernendum
1804 3013 1941 3070 puto,
1997 3013 2054 3055 ut
2091 3021 2150 3054 ex
2187 3006 2450 3068 apheticae
2485 3007 2678 3054 virtutis
2717 3005 2931 3054 naturali
2967 3006 3176 3054 termino
3213 3006 3264 3054 in

552 3077 715 3142 figura
780 3089 1011 3124 numerus
1077 3080 1130 3124 et
1187 3077 1507 3126 interstitium
1561 3091 1726 3126 verum
1782 3077 2032 3126 domorum
2099 3077 2373 3140 inquiratur
2433 3074 2730 3139 (Keplerus:
2803 3075 2902 3125 Hic
2965 3082 3023 3124 tu
3089 3076 3263 3139 incipis

553 3151 663 3198 sine
698 3147 917 3202 ratione.
976 3145 1178 3195 credens
1214 3148 1459 3197 conclusis
1493 3153 1714 3196 veterum
1762 3149 1869 3198 sine
1914 3147 2108 3197 ratione
2157 3148 2397 3202 collectis.
2453 3161 2553 3196 non
2592 3147 2822 3196 divinitus
2857 3143 3159 3210 inspiratis),
3211 3147 3266 3194 in

555 3235 650 3284 quo
686 3219 831 3268 valde
866 3216 1051 3274 laboro,
1093 3225 1145 3266 et
1178 3224 1237 3267 ut
1271 3226 1326 3267 tu
1361 3233 1551 3283 quoque
1587 3219 1781 3268 labores
1818 3234 1952 3284 rogo.
2027 3217 2340 3268 Potissimam
2376 3218 2475 3268 vim
2507 3218 2639 3268 inter
2672 3218 2845 3269 domus
2890 3218 3050 3272 tribuo
3079 3217 3262 3280 angulo

553 3290 702 3340 medii
738 3289 889 3345 coeli,
941 3290 1059 3351 quia
1092 3289 1175 3339 ille
1210 3289 1347 3338 locus
1384 3304 1601 3338 summus
1640 3297 1715 3339 est
1752 3291 1802 3339 in
1838 3290 2092 3340 horizonte
2130 3288 2318 3353 aliquo,
2367 3289 2656 3339 nobilitatus
2694 3303 2727 3338 a
2763 3288 2890 3338 Solis
2925 3288 3139 3338 maximo
3177 3301 3260 3337 ca·

550 3361 667 3423 lore,
708 3367 761 3410 et
796 3359 1087 3423 conspicuus
1126 3367 1203 3410 est
1235 3361 1467 3411 maxime.
1548 3365 1555 3370 '

728 3433 1129 3510 Keplerus:
1208 3430 1500 3510 Proponis
1548 3430 1693 3504 tibi,
1743 3429 2073 3492 interstitia
2120 3431 2394 3494 domuum
2443 3438 2506 3492 et
2552 3429 2686 3492 loca
2731 3429 3020 3493 thematis
3069 3429 3261 3508 aphe-

552 3521 675 3585 tica
720 3522 891 3583 novis
940 3520 1231 3601 exemplis
1278 3521 1597 3599 inquirere.
1691 3518 1955 3594 Invitas,
2027 3529 2095 3582 ut
2159 3527 2218 3582 te
2276 3520 2503 3599 juvem.
2595 3519 2732 3582 Non
2801 3519 3056 3592 faciam,
3125 3519 3265 3599 quia

549 3631 665 3673 non
716 3611 916 3682 credo,
967 3609 1123 3688 quod
1172 3617 1236 3670 tu
1286 3609 1657 3669 fundamenti
1707 3609 1840 3669 loco
1878 3609 2097 3684 credis,
2147 3628 2281 3668 esse
2331 3609 2547 3688 aliqua.
2643 3608 2732 3668 Tu
2777 3607 2829 3669 si
2877 3609 3262 3670 harmonicen

553 3699 921 3771 concoxeris,
974 3715 1156 3759 exues
1204 3698 1359 3758 hanc
1406 3697 1846 3757 credulitatem.
1942 3697 2032 3757 Tu
2080 3697 2268 3772 enim,
2319 3695 2616 3760 conclusis
2662 3704 2933 3757 veterum
2980 3697 3108 3757 sine
3157 3715 3261 3756 ra-

550 3787 712 3850 tione
779 3785 1052 3848 collectis
1115 3787 1370 3865 ideoque
1426 3803 1542 3845 non
1601 3784 1892 3846 divinitus
1938 3785 2286 3865 inspiratiS,
2355 3795 2559 3847 tamen
2605 3784 2829 3864 primus
2876 3785 2970 3845 vis
3017 3785 3261 3847 credere

550 3876 679 3938 sine
725 3875 996 3948 ratione,
1056 3875 1196 3954 quia
1242 3873 1392 3935 dicis
1438 3873 1685 3946 „divina
1733 3873 2070 3934 relatione“
2136 3874 2296 3936 haud
2344 3875 2518 3935 dubie
2567 3873 2712 3934 fieri.
2805 3872 3105 3936 Rationes
3151 3893 3262 3934 ve-

548 3975 742 4026 terum
790 3964 929 4025 vide
977 3963 1035 4024 in
1083 3963 1433 4024 Ptolemaeo
1482 3972 1545 4023 et
1592 3962 1748 4037 aliis,
1798 3971 1864 4024 et
1909 3981 2044 4024 cum
2091 3962 2452 4024 harmonicis
2499 3963 2745 4035 confer;
2797 3964 2941 4035 scio,
2994 3965 3259 4024 deseres.

550 4053 818 4116 Medium
864 4052 1015 4113 coeli
1060 4052 1118 4112 in
1165 4069 1369 4130 regem
1416 4050 1611 4130 eligiS,
1660 4051 1814 4130 quod
1865 4052 2031 4112 calor
2068 4050 2229 4112 Solis
2277 4050 2361 4111 ibi
2407 4049 2724 4112 maximus.
2820 4049 3112 4114 Crassum
3159 4069 3261 4113 ar-

549 4149 934 4224 gumentum3
1002 4140 1118 4200 imo
1176 4139 1325 4200 hora
1380 4141 1645 4201 secunda
1700 4141 1866 4202 calor
1927 4139 2138 4218 major.
2231 4139 2570 4200 Incidentia
2617 4137 2854 4218 quidem
2901 4139 3258 4202 rectissima.

549 4235 641 4293 At
688 4239 751 4292 et
797 4230 909 4290 hoc
960 4247 1248 4290 crassum.
1340 4228 1703 4290 Harmonice
1750 4229 1879 4290 sic:
1939 4237 2108 4291 ortus
2147 4228 2398 4307 jacenti,
2449 4227 2535 4289 M.
2571 4226 2640 4290 C.
2691 4226 2882 4290 stanti
2929 4229 3154 4291 homini
3199 4235 3264 4290 et

549 4318 879 4382 ambulanti
926 4325 990 4378 et
1034 4316 1237 4396 agenti
1287 4316 1497 4379 simile.

688 4405 1067 4457 Fabricius:
1129 4403 1283 4469 Cupio
1335 4418 1661 4469 cognoscere,
1697 4417 1763 4453 au
1800 4409 2023 4461 statuas.
2063 4404 2362 4468 imaginaria
2409 4405 2500 4454 illa
2531 4410 2721 4467 puncta
2757 4405 2971 4455 autiscia
3003 4403 3075 4454 M.
3117 4403 3173 4453 C.
3211 4411 3263 4453 et

548 4478 866 4528 ascendentis
886 4511 900 4532 ,
953 4491 1039 4540 per
1088 4489 1143 4526 se
1196 4476 1264 4525 ad
1300 4473 1371 4524 M.
1412 4475 1467 4524 C.
1508 4482 1559 4525 et
1596 4475 1874 4526 ascendens
1911 4475 2101 4524 directa
2150 4477 2244 4523 vim
2281 4474 2531 4538 quandam
2565 4474 2749 4524 habere
2768 4511 2783 4534 ,
2838 4477 3032 4525 etiamsi
3069 4477 3120 4524 in
3157 4477 3262 4524 istis

547 4549 865 4600 autisciornm
898 4547 1018 4596 locis
1054 4547 1175 4596 nulli
1210 4547 1445 4610 planetae
1484 4548 1715 4602 existant,
1756 4545 1831 4594 vel
1869 4559 1933 4594 an
1969 4546 2204 4609 planetae
2238 4545 2338 4596 illic
2376 4547 2644 4596 existentes
2679 4547 2879 4608 majoris
2916 4547 3108 4596 virtutis
3144 4547 3261 4605 sint,

552 4633 665 4670 cum
700 4620 842 4685 qussi
878 4619 931 4668 in
966 4619 1083 4682 ipsis
1122 4618 1315 4684 angulis
1352 4631 1462 4668 esse
1499 4617 1843 4668 existimantur
1887 4618 1940 4665 in
1977 4616 2282 4667 directione?
2355 4613 2479 4678 (K.:
2531 4615 2648 4666 Nou
2682 4617 2754 4666 sic
2789 4618 2856 4666 rui
2891 4615 3071 4668 homo!
3145 4617 3260 4667 Pla-

546 4697 699 4742 netae
736 4691 1001 4741 autiscium
1034 4705 1135 4740 non
1172 4695 1403 4754 operatur
1436 4689 1533 4737 nisi
1568 4687 1635 4737 ad
1670 4689 1898 4738 cardines
1933 4686 2144 4750 mundi.)

725 4761 1123 4840 Keplerus:
1188 4761 1281 4822 De
1339 4759 1613 4821 antisciis
1668 4777 1762 4822 me
1825 4779 1942 4822 non
1999 4759 2352 4840 percepisti,
2412 4759 2606 4820 dicam
2662 4759 2906 4820 clarius.
2982 4759 3260 4822 Antiscia

542 4850 695 4918 nihil
748 4849 1109 4934 promittunt
1165 4849 1293 4914 Soli
1348 4849 1445 4910 vel
1506 4847 1751 4924 Lunae,
1816 4850 1928 4913 sed
1991 4858 2222 4912 tantum
2282 4847 2633 4912 ascendenti
2689 4856 2753 4911 ct
2803 4849 2894 4912 Μ.
2945 4845 3018 4912 C.
3067 4846 3256 4929 signi-
