3634 5575
1426 380 1665 460 estissss
1702 381 2001 474 eolesam:
2948 377 2975 476 l
2986 379 3071 478 ἀεὶ

346 560 808 630 restaurationis
875 554 1280 630 astronomiae
1338 559 1646 648 (coeptam
1711 561 1750 630 a
1805 557 2087 649 T'ychdne
2134 559 2335 632 B'rahd
2396 586 2428 634 e
2476 561 2789 632 nobilitate
2836 549 3079 652 Daiiica'

347 655 834 719 celebratissimo
883 659 1258 727 astronomo)
1328 659 1518 718 facem
1567 677 1684 718 non
1733 675 1909 718 unam
1964 658 2417 737 praetulerunt:
2485 657 2737 738 denique
2788 653 3072 742 quidquid

349 746 474 807 fere
541 744 826 806 librorum
891 743 1427 806 astronomicornm
1493 765 1567 806 ex
1615 747 1726 807 illo
1793 754 2063 828 tempore
2124 745 2311 821 edidi,
2361 747 2423 808 id
2479 747 2555 809 ad
2604 765 2783 816 unum
2830 743 3069 828 aliquod

345 831 802 915 praecipuorum
875 826 1139 913 capitum
1217 833 1330 894 hoc
1411 833 1613 896 libello
1668 835 2109 915 propositorum
2189 837 2396 897 referri
2452 832 2674 915 potnit,
2745 835 2913 913 cujus
2966 839 3077 897 aut

347 921 810 984 illustrationem
861 931 968 984 aut
1015 918 1474 1002 integrationem
1525 923 1897 998 contineret;
1946 943 2061 985 non
2110 925 2381 1004 equidem
2430 943 2631 987 amore
2670 921 2932 986 mearum
2972 921 3068 999 ib-

346 1010 713 1083 vexationum,
761 1009 924 1073 absit
969 1007 1184 1074 iterum
1231 1013 1378 1073 haec
1427 1011 1688 1086 insania,
1741 1013 1847 1074 sed
1896 1011 2034 1093 quia
2081 1015 2259 1075 rebus
2307 1012 2455 1092 ipsis
2504 1021 2567 1074 et
2624 999 3067 1075 observationi-

345 1101 459 1172 bus
505 1095 806 1182 Tychonis
853 1099 1077 1162 Brahei
1123 1101 1235 1162 fide
1288 1095 1446 1162 omui
1495 1101 1861 1182 dignissimis
1908 1091 2157 1164 edoctus
2188 1095 2299 1172 fui,
2332 1103 2553 1174 nullam
2596 1097 2775 1164 aliar'n
2817 1099 3069 1165 inveniri
3128 1123 3153 1150 ν

343 1186 526 1270 posse
577 1188 734 1250 viam
784 1188 862 1250 ad
907 1189 1332 1270 perfectionem
1383 1185 1788 1253 astronomiae
1838 1191 2371 1271 certitudinemque
2421 1189 2655 1264 calculi,
2705 1185 2932 1281 nullam
2990 1191 3069 1252 aa

346 1275 830 1340 constituendam
879 1277 1193 1340 scientiam
1239 1279 1412 1359 hujus
1461 1299 1568 1340 seu
1596 1277 1790 1358 partis
1822 1273 2272 1362 metapHysicae
2304 1275 2376 1342 de
2407 1275 2595 1354 coelo,
2638 1299 2742 1341 seu
2781 1277 3065 1362 physicae
3118 1291 3134 1308 ⁴

344 1365 650 1442 coelestis,
693 1385 870 1447 quam
918 1386 1070 1448 quae
1117 1368 1232 1428 hoc
1279 1365 1481 1431 libello
1532 1365 1628 1429 vel
1675 1387 1961 1448 expresse
2008 1370 2407 1450 praescripta,
2456 1369 2553 1429 vel
2590 1367 2818 1430 timidis
2850 1367 3065 1430 saltem

345 1453 726 1536 opinionibus
774 1463 840 1518 et
885 1455 1014 1518 rudi
1063 1455 1339 1517 Minerva
1387 1458 1744 1519 adumbrata
1790 1463 1977 1520 esset.
2072 1457 2289 1519 Testes
2338 1451 2488 1520 sisto
2534 1455 2657 1519 illic
2690 1438 3063 1518 Com'lnen-

342 1544 546 1607 taria
591 1544 859 1607 Martis
907 1565 963 1606 a.
1023 1541 1190 1608 1609
1239 1545 1422 1618 edita,
1471 1547 1739 1627 quaeque
1788 1541 1981 1608 adhuc
2030 1547 2187 1607 domi
2233 1565 2436 1627 premo
2486 1537 3073 1608 commentaria

343 1629 431 1696 de
499 1631 813 1695 motibus
877 1642 1288 1695 ceterorum
1344 1636 1841 1714 planetarum,
1910 1635 2003 1697 h'ic
2068 1651 2209 1696 vero
2274 1635 2751 1698 Harmonices
2817 1631 3063 1696 Muiidi

341 1721 531 1798 libros
577 1723 659 1796 V,
711 1721 767 1783 a.
825 1719 994 1784 1619
1043 1723 1350 1802 vulgatos,
1428 1731 1490 1784 et
1542 1721 1931 1803 Epitomes
1979 1722 2501 1786 Astronomia'e
2561 1720 2775 1785 librum
2832 1723 2953 1797 lv,
3004 1721 3058 1784 a.

349 1806 520 1874 1620
567 1809 945 1872 absolutum:
996 1817 1190 1874 testes
1239 1819 1334 1873 tot
1379 1831 1620 1874 numero
1671 1813 1956 1889 lectoreS,
2008 1813 2143 1894 qui,
2172 1815 2267 1874 'ex
2318 1831 2432 1893 quo
2480 1803 2641 1873 nacti
2693 1820 2833 1873 sunt
2878 1813 3062 1891 op'era

341 1899 529 1974 dicta,
569 1899 701 1979 jam
747 1899 824 1961 ab
873 1899 1044 1978 annis
1091 1900 1242 1961 bene
1291 1899 1494 1963 multis
1543 1903 1910 1981 exemplaria
1956 1898 2237 1983 flagitant
2280 1902 2499 1964 dudum
2549 1899 2846 1963 distracta
2886 1897 3061 1980 hujiis

339 1988 516 2070 primi
565 1990 682 2051 mei
731 1988 954 2062 libelli,
1005 1997 1074 2050 ut
1121 2009 1196 2050 ex
1242 1997 1529 2069 quotam
1575 1992 1765 2052 multa
1809 1991 2017 2054 vident
2064 1991 2339 2053 derivata
2384 1982 2781 2052 theoremata.

521 2075 674 2140 Cum
719 2078 902 2157 igitur
948 2079 1247 2140 instarent
1293 2077 1486 2152 amici,
1538 2099 1650 2140 non
1701 2077 1927 2144 librarii
1974 2089 2225 2156 tantum,
2277 2081 2384 2143 sed
2423 2075 2603 2141 etiam
2645 2077 3059 2158 philosophiae

337 2167 556 2248 periti,
606 2175 672 2230 ut
717 2166 1041 2228 secundam
1088 2167 1410 2229 editionem
1457 2167 1855 2230 adornaremi
1920 2170 2097 2232 officii
2154 2169 2392 2249 quidem
2458 2169 2576 2230 mei
2630 2163 2870 2246 putavi,
2940 2171 3057 2228 non

339 2255 565 2318 diutius
593 2272 964 2336 repugnare;
1013 2257 1086 2317 de
1135 2257 1311 2317 modo
1358 2263 1558 2318 tamen
1608 2257 1889 2319 editionis
1939 2259 2371 2339 aliquantulum
2418 2253 2774 2319 conti-adiici.
2868 2255 3064 2318 Erant

339 2345 500 2407 enim
573 2345 669 2425 qui
753 2345 1162 2418 consulerent,
1241 2345 1504 2407 libellum
1553 2347 1961 2422 emendarem,
2017 2365 2327 2426 angerem,
2387 2347 2773 2427 perficerem3
2838 2363 3058 2405 morem

338 2433 574 2495 scilicet
620 2441 950 2495 ceterorum
1019 2443 1322 2508 autorum,
1385 2453 1556 2516 quem
1599 2443 1826 2516 ‚tenent
1880 2435 1941 2496 in
2004 2436 2345 2496 excolendis
2406 2435 2573 2496 libris
2638 2433 2931 2535 propriiS,
2995 2439 3059 2492 et

335 2524 486 2604 ipse*
517 2523 920 2584 observarem.
1005 2521 1154 2584 Mihi
1205 2527 1416 2584 contra
1462 2523 1548 2583 sic
1603 2525 1833 2599 visum,
1910 2543 2017 2586 nec
2081 2523 2283 2604 perfici
2342 2522 2607 2585 libellum
2664 2538 2880 2602 posse,
2941 2521 3055 2582 nisi

308 2611 722 2689 ‘transcriptis
767 2611 826 2671 in
873 2601 1039 2672 illum*
1085 2612 1388 2691 plerisque
1435 2612 1699 2674 meorum
1747 2610 2009 2692 operum,
2063 2633 2213 2693 quae
2260 2631 2367 2691 per
2394 2611 2506 2672 hos
2536 2609 2619 2674 25
2654 2630 2843 2689 annos
2875 2609 3053 2683 edidi,

335 2719 492 2782 pene
539 2699 808 2778 integris,
859 2719 966 2760 nec
1013 2701 1125 2762 hoc
1163 2701 1292 2780 jam
1343 2709 1576 2780 tempus
1625 2703 1879 2782 amplius
1930 2721 2083 2776 esse,
2134 2701 2345 2762 librum
2394 2701 2652 2780 aliquem
2696 2700 2811 2761 hoc
2858 2697 3056 2772 titulo,

335 2799 483 2871 post
527 2790 722 2850 editos
762 2789 932 2863 alios,
963 2791 1148 2851 veluti
1197 2792 1270 2851 de
1319 2808 1472 2851 novo
1510 2790 1881 2869 publicandi;
1932 2791 2181 2871 denique
2230 2791 2495 2852 libellum
2541 2790 2761 2869 ipsum,
2812 2796 3058 2869 propter

337 2896 686 2939 successum
717 2878 1162 2948 admirabilem,
1201 2895 1310 2959 pro
1341 2899 1471 2941 meo
1502 2881 1617 2942 non
1665 2880 2081 2959 reputandum,
2124 2897 2297 2959 quem
2328 2880 2622 2941 arbitratu
2664 2895 2793 2939 meo
2833 2880 3055 2938 mutem

337 2966 690 3047 augeamve,
731 2968 868 3048 quin
897 2968 1099 3047 potius
1130 2969 1424 3030 interesse
1457 2969 1718 3042 lectoriS,
1752 2980 1818 3031 ut
1848 2968 2166 3049 intelligat,
2202 2990 2237 3029 a
2268 2969 2479 3049 quibus
2520 2968 2724 3036 initiis,
2749 2976 3053 3047 quousque

335 3056 665 3137 perductae
714 3077 751 3117 a
796 3056 889 3118 me
937 3057 1157 3118 fuerint
1195 3058 1732 3138 contemplationes
1765 3058 2123 3120 mundanae.
2182 3058 2583 3119 Vincentibus
2616 3074 2759 3135 ergo
2798 3055 3055 3118 rationi-‘-

336 3148 450 3207 bus
496 3144 634 3206 istis
681 3146 932 3207 formam
979 3145 1261 3207 editionis
1309 3149 1492 3208 talem
1529 3147 1703 3226 elegi,
1755 3166 1906 3229 quae
1956 3149 2112 3208 solet
2158 3146 2464 3208 observari
2515 3148 2571 3207 in
2621 3146 2791 3207 libris
2841 3144 3057 3205 alienis

337 3234 713 3308 recudendiS,
761 3234 862 3296 ubi
909 3234 1051 3295 nihil
1099 3242 1427 3310 mutamus3
1478 3254 1626 3316 quae
1674 3252 1818 3298 vero
1870 3236 2001 3297 loca
2048 3234 2463 3297 emendatione
2512 3241 2729 3318 ege-nt,
2794 3232 2898 3295 aut
2944 3234 3055 3317 eit-’-

335 3322 659 3404 plicatione
710 3330 816 3384 aut
860 3323 1300 3401 integratione,
1351 3346 1424 3386 ea
1471 3324 1919 3387 commentariis
1967 3324 2317 3403 adjuvamus
2368 3323 2663 3386 differenti
2712 3330 2861 3403 typo
2904 3341 3054 3383 exa-

335 3412 508 3475 ratis.
605 3411 872 3474 Servivit
917 3406 1067 3473 haec
1117 3410 1308 3474 forma
1363 3421 1425 3475 et
1469 3414 1740 3492 religioni
1789 3420 1853 3474 et
1899 3412 2220 3492 brevitati,
2288 3421 2355 3474 ut
2418 3431 2651 3489 errores
2701 3411 2937 3491 quidem
2986 3410 3065 3471 de'

335 3498 558 3563 trientis
604 3518 774 3562 meae
820 3498 1299 3563 tenebris'ortos
1365 3500 1880 3582 interspersosque
1946 3500 2233 3562 materiae
2292 3501 2364 3562 de
2422 3500 2700 3580 operibus
2747 3500 2863 3561 Dei
2912 3515 3058 3579 per-

337 3588 688 3653 se'ctis'simis
735 3590 868 3668 ipse
911 3605 1298 3669 coarguerem
1347 3588 1598 3670 ingenue
1629 3608 2187 3671 expungeremque:
2239 3608 2391 3668 quae
2433 3592 2572 3649 ve'ro
2603 3588 2808 3666 capita
2844 3588 3057 3675 libelli,

335 3678 469 3762 acie
515 3679 735 3741 mentis
779 3678 1093 3754 irretorta,
1161 3680 1219 3740 in
1287 3681 1482 3741 lumen
1547 3678 1692 3742 illud
1758 3684 2002 3759 operum
2064 3676 2396 3739 divinorum
2452 3676 2749 3737 ineffabile
2807 3674 3065 3751 directa,¹

337 3764 503 3830 clare
550 3766 988 3850 percepissem,
1052 3774 1157 3829 aut
1220 3768 1318 3829 ubi
1387 3768 1547 3830 viam
1607 3766 1861 3849 q'uidem‘
1900 3768 2129 3829 rectam
2176 3766 2512 3846 ingressus,
2562 3764 2809 3827 nimium
2854 3772 3065 3840 tamen·

337 3856 592 3937 ptopere
639 3856 1081 3932 substitissem,
1132 3872 1205 3918 ea
1252 3871 1664 3929 secernerem,
1731 3866 1795 3919 et
1856 3856 2068 3937 quibus
2117 3856 2251 3917 aliis
2300 3859 2545 3936 operum
2592 3852 2857 3915 meorum
2906 3852 3063 3914 locis

337 3944 412 4006 ad
464 3965 710 4025 scopum
757 3946 1002 4019 tandem
1049 3946 1442 4026 pervenerim,
1496 3947 1704 4009 lectori
1753 3944 2171 4025 significarem.
2226 3976 2305 3987 —

515 4033 603 4097 ut
647 4034 830 4114 igitur
877 4034 1141 4096 libellum
1187 4034 1244 4095 in
1296 4036 1408 4097 hac
1456 4034 1652 4097 altera
1699 4034 1997 4107 editione,
2064 4034 2246 4095 etiam
2304 4034 2499 4114 quoad
2560 4032 2757 4113 ipsam
2804 4030 3054 4105 dedica-

339 4122 584 4197 tionem,
634 4124 1027 4205 relinquerem
1071 4124 1384 4198 intactum,
1436 4133 1502 4186 ut
1546 4121 1740 4203 ipsum
1789 4122 1971 4185 etiam
2018 4122 2380 4184 vestibulum
2426 4120 2823 4201 responderet
2868 4124 3055 4199 opusfi-

339 4212 476 4273 culo
523 4212 791 4292 reliquo,-
833 4212 1086 4288 videtis,
1137 4212 1383 4292 opinor,
1436 4214 1725 4275 Proceres
1775 4211 2296 4281 reverendissimi,
2349 4208 2829 4289 generosissimi,
2882 4208 3063 4270 aliter

338 4298 484 4363 ffiffi
531 4319 646 4361 non
698 4298 1032 4363 faciendum
1084 4302 1304 4375 fuisse,
1356 4304 1493 4380 quin
1542 4300 1726 4363 etiam
1775 4301 1927 4361 hanc
1976 4299 2299 4362 editionem
2356 4300 2432 4360 ad
2478 4298 2702 4379 primos
2750 4300 3062 4377 patronos;

385 4388 491 4451 uos'
538 4390 596 4451 ἰὴ
627 4389 962 4470 praemissa
991 4389 1366 4452 dedicatione
1397 4391 1528 4451 sum
1577 4392 1889 4463 allocutus,
1943 4396 2065 4461 aut,
2118 4388 2169 4449 si
2208 4390 2306 4468 qui
2338 4408 2412 4449 ex
2442 4389 2551 4449 hoc
2583 4380 2853 4465 temp‘ore'
2880 4386 3061 4447 rehus

399 4478 616 4541 ‘ma'nis
665 4477 886 4539 exemti
935 4478 1090 4554 sunt,
1141 4478 1216 4539 ad
1248 4486 1456 4555 eornm
1497 4480 1647 4540 lilios
1697 4487 1802 4539 aut
1850 4494 2230 4540 successores
2278 4480 2555 4557 (quorum
2604 4474 2917 4536 nonnullos
2962 4475 3061 4535 in-

339 4565 516 4629 terea·
559 4568 877 4629 Terrarum
924 4567 1084 4629 orb'is
1133 4568 1520 4649 Monarchae,
1569 4568 1851 4629 virtutem
1884 4568 2267 4641 remunerati,
2309 4566 2383 4627 ad
2426 4580 2716 4626 summum
2746 4563 3067 4645 dignitatis

338 4654 574 4719 eulmen
621 4660 976 4733 evexerunt)
1025 4656 1280 4736 denique
1325 4656 1404 4718 a¹d
1441 4658 1552 4719 hoc
1587 4658 1740 4719 idem
1770 4666 1986 4735 corpus
2027 4655 2471 4733 communitatis
2502 4651 3057 4726 honoratissimum,

339 4744 510 4825 &ojus
577 4742 893 4824 stipendiis
960 4746 1235 4807 suffultus
1301 4745 1442 4807 olim
1511 4746 1775 4808 libellum
1843 4744 2209 4824 conscripsi,
2288 4742 2443 4804 nova
2509 4741 2887 4805 dedicatione
2924 4746 3060 4817 ‚re-

341 4833 663 4898 mitterem.

515 4924 649 4990 Nec
715 4923 874 4987 levia'
939 4914 1076 4987 mihi
1143 4918 1258 4985 hoc
1324 4921 1578 5007 agitanti
1633 4922 1914 5004 praebuit
1978 4920 2367 4985 incitamenta
2424 4917 2561 4982 inde
2622 4902 2864 5003 Styria‘e
2924 4920 3062 4979 'mo-
