3634 5575
632 364 761 431 338
1473 366 1675 416 Literae
1708 366 1916 431 Kepleri
1953 366 2254 431 aliorumque
2287 374 2492 419 mutuae
2561 330 2568 335 -
2633 422 2640 429 .

632 526 735 575 dies
774 520 876 573 365
916 523 1203 586 dispartitur
1241 529 1293 573 et
1324 524 1543 575 latenter
1578 538 1633 573 se
1668 524 1936 575 immiscet.
2009 524 2140 577 Puto
2176 526 2512 575 asu-onomica
2545 524 2877 577 fundamenta
2908 526 3004 577 hoc
3041 478 3140 577 uon
3167 528 3360 579 admit-

630 605 752 646 tere.
787 649 791 653 ,
828 594 981 658 Cupio
1019 600 1172 661 tuum,
1189 595 1428 657 judicium
1466 594 1653 645 audire.

806 666 1221 746 Keplerus:
1309 667 1377 727 In
1426 667 1777 747 quaestione
1828 666 1901 726 de
1950 666 2177 728 amissa
2243 666 2336 727 die
2397 686 2578 729 vocas
2637 687 2730 728 me
2776 668 3114 746 promiscue
3163 669 3360 731 etiam

633 756 706 817 ad
755 754 993 816 calceos
1040 755 1468 834 extergendos,
1536 756 1703 833 prius
1762 774 1854 815 me
1911 755 2142 834 poculis
2201 756 2582 817 adhibueras,
2678 754 2840 825 Quid
2895 757 3005 818 tibi
3053 756 3148 818 hic
3195 778 3358 837 opus

633 854 728 905 est
774 863 908 903 mea
952 842 1357 923 responsione,
1411 844 1469 908 in
1518 863 1601 917 re,
1654 861 1834 923 quam
1882 844 2008 922 ipse
2057 844 2287 915 calles?
2361 845 2800 925 Navigationes
2848 845 2986 906 illas
3033 864 3149 910 non
3195 846 3356 925 legi3

632 932 812 994 miror
858 932 1084 993 nullam
1130 932 1314 992 talem
1362 932 1744 993 mentionem.
1822 931 2037 994 Nonne
2084 932 2143 994 in
2174 932 2330 994 Asia
2377 932 2484 995 Sol
2532 934 2710 995 citius
2759 933 2948 995 oritur
2995 942 3059 995 et
3107 934 3354 1011 occidit,

634 1040 809 1101 quam
862 1020 1014 1099 apud
1066 1020 1218 1079 nos?

775 1108 1146 1157 Fabricius:
1210 1104 1490 1166 Quaeritur,
1532 1121 1596 1157 an
1634 1106 1843 1171 physica
1881 1121 2037 1157 causa
2073 1108 2211 1157 reddi
2248 1108 2440 1173 possit,
2478 1109 2606 1173 quod
2644 1108 2954 1159 metallorum
2997 1110 3208 1160 fossores
3251 1111 3352 1159 vir-

632 1180 752 1249 gula
777 1193 931 1229 aurea
987 1172 1335 1239 (Haselrutbe)
1393 1180 1500 1227 auri
1538 1179 1613 1229 vel
1672 1178 1867 1243 argenti
1904 1180 2118 1229 mineras
2158 1176 2449 1243 explorent?
2521 1180 2628 1245 Ego
2667 1195 2726 1229 ex
2752 1178 2934 1229 diaboli
2959 1179 3068 1229 lusu
3105 1186 3157 1230 et
3181 1195 3357 1245 super-

634 1250 835 1299 stitione
870 1246 1121 1298 hominum
1178 1248 1228 1297 id
1266 1250 1377 1297 oriri
1413 1254 1549 1311 puto.
1624 1247 1708 1298 Sic
1747 1249 1878 1312 quod
1913 1264 2070 1313 sagae
2127 1258 2396 1300 accusatae
2450 1266 2538 1314 per
2575 1264 2756 1315 aquam
2815 1252 3154 1314 explorantur:
3213 1250 3360 1301 nulla

632 1321 845 1385 physica
880 1334 1037 1370 causa
1074 1320 1182 1369 dari
1217 1326 1397 1383 potest
1474 1319 1556 1368 Sic
1594 1320 1694 1369 vidi
1729 1321 1855 1368 meis
1893 1321 2047 1369 oculis
2086 1319 2238 1384 (quod
2275 1322 2400 1371 alias
2437 1336 2538 1371 non
2576 1318 2913 1381 credidissem)
2951 1322 3082 1386 quod
3116 1320 3352 1371 Noriber·

634 1394 803 1457 gensis
841 1392 1041 1455 quidam
1075 1388 1157 1440 hic
1194 1402 1281 1453 per
1314 1396 1501 1439 motum
1540 1392 1682 1441 cribri
1720 1390 1989 1452 exploravit
2021 1392 2196 1441 furem.

806 1464 1203 1541 Keplerus:
1283 1462 1603 1541 Virgu'lam
1650 1470 1817 1522 tuam
1865 1462 2128 1524 divinam
2176 1473 2238 1523 et
2265 1463 2633 1543 praestigias
2679 1462 2791 1523 tibi
2822 1463 3079 1537 habeas;
3127 1482 3349 1525 assen-

635 1552 753 1615 tior
808 1553 1011 1645 plane.
1100 1551 1302 1613 Multa
1356 1550 1413 1611 in
1476 1558 1697 1612 natura
1750 1550 1986 1629 quidem
2044 1551 2308 1626 occulta,
2386 1552 2512 1613 tale
2563 1570 2703 1613 velo
2767 1552 2910 1613 nihil
2967 1552 3026 1613 in
3075 1561 3352 1631 apertum

636 1642 961 1720 prolatum,
1012 1640 1169 1719 quod
1215 1638 1490 1700 naturale
1538 1638 1654 1700 sit.
1700 1640 2060 1719 praesertim
2107 1640 2246 1719 quia
2291 1639 2350 1700 vi
2398 1640 2710 1701 verberum
2759 1640 3094 1703 efficiuntur
3139 1642 3276 1703 ista.

774 1744 1162 1795 Fabricius·
1227 1743 1341 1803 Qua
1376 1746 1570 1794 ratione
1606 1744 1849 1795 radicalia
1891 1746 2036 1809 signa
2081 1746 2272 1795 urbium
2319 1751 2371 1794 et
2415 1747 2671 1810 regionum
2709 1739 3058 1809 inquiruntur?
3129 1744 3350 1795 Dubium

632 1832 733 1867 uon
772 1822 865 1873 est,
907 1818 1053 1881 signa
1089 1822 1141 1865 et
1175 1816 1341 1865 sidera
1374 1817 1617 1879 respicere
1655 1816 1847 1881 aliquas
1883 1818 2110 1881 regiones
2145 1818 2318 1879 majori
2355 1819 2548 1867 virtutis
2583 1817 2787 1871 influxu,
2823 1831 2972 1881 quam
3007 1816 3152 1866 alias.

812 1887 1213 1967 Keplerus:
1300 1884 1492 1966 Signa
1536 1886 1781 1951 urbibus
1827 1888 2070 1968 propria
2113 1906 2303 1967 ueg0;
2365 1902 2517 1968 quae
2565 1895 2708 1949 sunt
2751 1888 3032 1962 urbibuS,
3082 1896 3226 1949 sunt
3269 1887 3348 1951 ob

636 1996 811 2057 reges
860 1984 925 2037 et
969 1976 1190 2038 multos
1238 1975 1549 2053 primates,
1599 1994 1805 2054 regum
1855 1976 2100 2051 amiooS,
2153 1978 2208 2037 in
2257 1996 2372 2038 uno
2422 1977 2623 2056 aliquo
2671 1977 3140 2039 consentiente&

779 2064 1149 2114 Fabricius:
1212 2062 1359 2114 Unde
1395 2064 1550 2115 habes
1587 2065 1795 2128 genesin
1834 2063 1938 2129 Sig.
1977 2064 2218 2114 Bathori?

808 2136 1209 2215 Keplerus:
1258 2134 1515 2198 Bathori
1543 2134 1792 2215 genesin
1819 2136 1962 2197 mihi
1985 2134 2356 2215 capitaneus
2387 2134 2629 2217 Styriae
2659 2134 3147 2210 Herberstenius,
3177 2135 3344 2215 jussu

633 2226 887 2286 illustris
934 2243 1229 2304 personae
1288 2226 1426 2296 (aut
1470 2222 1682 2285 matris
1731 2224 2116 2286 archiducum
2163 2232 2268 2286 aut
2315 2218 2668 2302 repudiatae
2712 2221 3030 2306 principis)
3088 2224 3386 2285 tradidit·

630 2313 1110 2377 examinandam.
1146 2344 1223 2355 —
1266 2312 1384 2374 Pro
1415 2312 1838 2374 observatione
1888 2310 1993 2376 29.
2024 2314 2162 2375 Jan.
2200 2308 2389 2375 1603.
2424 2308 2512 2391 (v.
2555 2332 2604 2373 s,
2637 2332 2695 2392 p.
2731 2308 2889 2385 323)
2927 2312 3164 2391 gratias
3202 2330 3340 2391 ago.

771 2417 1107 2471 Fabricius
1142 2417 1297 2467 literis
1338 2413 1410 2482 [d.
1450 2418 1497 2467 d.
1530 2414 1594 2466 14
1639 2414 1775 2480 (24.)
1800 2418 1953 2469 Mart.
1995 2412 2176 2482 16⁰3J,
2217 2413 2456 2483 e'quibus
2491 2419 2752 2481 sequentia
2789 2418 3130 2475 desumsimus,
3167 2418 3348 2467 eodem

628 2490 709 2540 die
746 2490 869 2540 alias
907 2489 1129 2549 addidit,
1170 2497 1221 2539 et
1244 2492 1377 2553 ipsas
1414 2489 1782 2553 quaestionibus
1818 2491 2028 2539 refertas
2043 2525 2056 2546 ,
2097 2489 2161 2538 ad
2197 2503 2322 2553 quas
2357 2486 2605 2551 Keplerus
2640 2489 2718 2537 his
2753 2494 2948 2538 tantum
2983 2490 3346 2551 interrumpens

628 2563 928 2611 orationem:
970 2561 1069 2619 „ad
1104 2561 1216 2610 illas
1256 2558 1339 2608 14.
1379 2558 1549 2609 Martii
1586 2560 1846 2624 geminas⁸⁴
1885 2560 2137 2624 respondit
2169 2562 2224 2608 in
2259 2560 2433 2609 iisdem
2468 2558 2622 2609 literis
2661 2559 2706 2609 d.
2745 2561 2792 2608 d.
2833 2556 2884 2607 4.
2921 2558 3055 2609 Julii.

770 2632 1138 2682 Fabricius:
1202 2631 1373 2681 Habes
1409 2632 1490 2680 hic
1527 2633 1844 2697 quaestiones
1869 2631 2132 2681 nonnullas
2159 2631 2302 2688 alias,
2339 2632 2388 2680 in
2413 2630 2650 2694 prioribus
2675 2631 2908 2681 omissas·
2949 2628 3080 2691 Quid
3105 2630 3168 2681 de
3203 2644 3344 2695 geo·

626 2705 875 2755 mantia
906 2701 1141 2765 judicas?

800 2775 1202 2855 KepleruS.
1290 2771 1441 2835 Cum
1490 2772 1836 2853 geomantia
1883 2775 2118 2835 facesse
2171 2773 2249 2834 ad
2298 2771 2594 2852 virgulam
2650 2772 2943 2848 divinam3
3003 2772 3146 2834 nihil
3199 2770 3341 2852 legi,

626 2865 742 2926 nisi
788 2883 960 2945 quae
989 2861 1049 2924 J.
1098 2861 1337 2925 Fortius
1383 2861 1851 2951 Bingelbergius
1899 2862 2214 2925 furibundo
2261 2862 2496 2923 calamo
2544 2851 2836 2923 exaravit.

765 2969 1132 3019 Fabricius.
1186 2967 1267 3018 De
1304 2967 1608 3033 quadratura
1643 2968 1811 3019 circuli
1847 2969 2021 3019 dubius
2057 2983 2184 3027 sum,
2223 2968 2341 3033 quid
2375 2967 2602 3018 utilitatis
2641 2966 2794 3018 inde?

662 3107 665 3110 ,
802 3041 1211 3119 Keplerus:
1287 3040 1524 3102 Nesciri
1572 3059 1707 3102 eam
1752 3039 2124 3115 necessario,
2194 3049 2434 3120 repetes
2484 3058 2556 3100 ex
2601 3040 2899 3118 prioribus
2947 3039 3176 3112 literis,
3241 3039 3345 3100 ubi

624 3129 1135 3209 comparationem
1206 3129 1366 3190 inter
1428 3129 1757 3191 rationalia
1821 3137 1886 3191 et
1931 3129 2309 3192 irrationalia
2363 3129 2600 3192 cossica
2647 3137 2710 3190 et
2755 3127 3042 3190 circulum
3087 3125 3343 3190 institui.

626 3219 873 3280 Nullum
920 3237 1092 3280 usum
1136 3217 1333 3278 video.

764 3324 1141 3374 Fabricius:
1190 3321 1461 3373 Mortem
1496 3323 1882 3374 directionis
1919 3325 1972 3373 in
2007 3323 2156 3373 Luna
2189 3323 2339 3373 latius
2377 3323 2678 3388 explicatam
2714 3321 2876 3372 velim.

800 3395 1205 3473 Keplerus:
1275 3395 1344 3457 Si
1372 3396 1547 3456 Luna
1592 3403 1833 3456 careret
1874 3397 2116 3474 proprio
2164 3403 2348 3470 motu,
2396 3403 2741 3457 moveretur
2767 3402 2968 3454 tamen
3018 3409 3205 3472 aeque
3233 3409 3342 3454 ce-

630 3483 836 3546 leriter
882 3483 1033 3559 Soli,
1082 3502 1431 3565 quocunque
1476 3484 1609 3545 loco
1656 3483 1741 3545 sit
1787 3484 1910 3546 sita
1957 3483 2303 3563 quiescens:
2354 3483 2494 3563 quia
2541 3483 2671 3561 ejus
2721 3482 2884 3544 orbis
2931 3481 3345 3542 circumfertur

629 3594 666 3635 a
711 3572 932 3646 Terra,
1008 3572 1179 3651 cujus
1240 3580 1438 3636 motus
1486 3569 1649 3634 Solis
1697 3579 1926 3634 motum
1973 3581 2410 3652 repraesentat.
2503 3573 2644 3634 Jam
2692 3572 2856 3646 dico,
2918 3589 3070 3650 quae
3117 3569 3344 3630 Terrae

628 3671 873 3724 nostrae
902 3662 1116 3722 matris
1145 3670 1313 3722 motu
1340 3671 1715 3738 moveantur,
1766 3661 2124 3740 significare,
2171 3661 2420 3740 reliqua,
2475 3679 2626 3741 quae
2655 3659 2916 3747 proprio,
2967 3659 3340 3738 promittere.

634 3751 806 3812 Luna
852 3758 1103 3830 utroque
1153 3750 1569 3824 communicat,
1620 3750 1924 3829 significat
1967 3750 2153 3830 igitur
2199 3760 2264 3812 et
2297 3751 2616 3830 promittit.
2693 3748 3108 3829 Significatrix
3138 3748 3338 3826 igitur,

629 3848 692 3900 ut
747 3846 879 3912 est,
949 3839 1263 3918 dirigenda
1319 3838 1597 3914 omnino,
1646 3849 1710 3901 et
1755 3839 1813 3901 id
1862 3847 2022 3900 motu
2075 3837 2274 3912 Solis,
2326 3848 2454 3901 tam
2500 3833 2716 3900 celeris
2765 3847 2863 3900 est
2908 3837 3044 3915 ejus
3092 3835 3344 3897 directio

629 3947 805 4007 quam
853 3925 1015 3988 Solis
1073 3934 1137 3988 et
1198 3926 1256 3988 in
1316 3927 1601 4006 ecliptica
1657 3936 1724 3990 ut
1784 3928 1906 3989 ille.
1998 3926 2068 3989 Si
2125 3927 2269 4008 quid
2324 3927 2490 3989 aliud
2538 3927 2782 4006 scripsi,
2851 3927 3007 4006 quod
3055 3923 3344 4004 explicari

627 4015 813 4096 cupiS,
863 4016 925 4077 id
973 4015 1217 4077 excidit.

766 4105 1135 4155 Fabricius:
1189 4103 1345 4168 Cupio
1382 4105 1525 4162 scire,
1566 4104 1684 4169 quid
1720 4110 1775 4153 tu
1802 4103 1864 4153 de
1889 4105 2096 4167 spectris
2122 4105 2390 4162 nocturnis,
2430 4117 2790 4169 campanarum
2814 4103 3050 4168 pulsibus,
3091 4101 3342 4150 nocturnis

628 4177 869 4242 exsequiis
899 4173 1129 4238 judices?

804 4247 1216 4326 Keplerus:
1294 4245 1465 4307 Haec
1530 4247 1605 4308 ad
1673 4247 2084 4326 geomantiam
2151 4255 2214 4307 et
2277 4245 2572 4326 virgulam
2640 4246 2918 4307 divinam.
3015 4243 3342 4306 Geniorum

630 4357 778 4418 opus
827 4343 968 4398 sunt
1012 4335 1120 4397 illa
1162 4341 1466 4414 portenta,
1516 4335 1569 4395 si
1616 4337 1774 4416 quod
1821 4336 2099 4397 naturale
2149 4336 2284 4408 (seu
2334 4337 2533 4417 quasi)
2585 4354 2732 4415 opus
2781 4343 2938 4396 sunt.
3028 4331 3342 4394 Exercebo

628 4437 831 4490 tamen
880 4433 943 4487 te
988 4423 1275 4485 vicissim.
1357 4421 1521 4485 Fieri
1571 4425 1931 4486 monitiones
1977 4442 2084 4503 per
2134 4425 2386 4498 somnia,
2437 4425 2644 4504 negari
2673 4423 2898 4503 nequit.
2978 4421 3067 4483 At
3111 4423 3340 4483 somnia

629 4515 833 4595 figuris
882 4523 948 4577 et
992 4513 1183 4593 tropis
1232 4520 1519 4576 constant
1566 4513 1881 4575 oratoriis:
1932 4532 2226 4594 quaenam
2273 4513 2423 4574 haec
2471 4523 2689 4575 natura
2734 4521 2861 4585 est,
2910 4530 3062 4592 quae
3108 4509 3335 4572 verita-

632 4613 757 4665 tem
802 4604 1035 4668 tutelae
1084 4622 1268 4664 causa
1312 4601 1606 4677 insinuat,
1672 4621 1788 4663 non
1838 4603 2067 4664 directe
2115 4601 2428 4681 proponit,
2479 4603 2589 4664 sed
2634 4620 2744 4681 per
2790 4600 3118 4680 ambages?
3208 4599 3343 4660 Huc

630 4693 788 4754 enim
834 4693 1082 4772 tandem
1127 4691 1344 4753 recidit
1398 4697 1463 4752 et
1522 4699 1659 4753 tuus
1707 4710 2037 4772 campanae
2083 4693 2310 4771 pulsus.
2403 4691 2742 4753 Mirabilem
2807 4697 3113 4764 naturam,
3189 4708 3342 4770 quae

632 4780 811 4842 aliter
857 4781 1166 4844 nobiscum
1212 4780 1513 4860 colloquia
1560 4782 1795 4860 agitare
1845 4789 1908 4842 et
1953 4781 2313 4844 commercia
2359 4800 2473 4843 non
2520 4789 2745 4862 potest,
2799 4779 2915 4841 nisi
2963 4778 3187 4840 talibus
3225 4796 3340 4838 nu-

632 4869 825 4933 tibus!
914 4869 1001 4934 Et
1056 4869 1155 4955 qui
1210 4871 1308 4946 fit,
1376 4877 1444 4932 ut
1496 4869 1607 4932 hos
1664 4877 1844 4933 nutus
1903 4869 2125 4934 edant?
2219 4869 2343 4934 Cur
2400 4889 2518 4934 non
2567 4871 2781 4934 eadem
2826 4887 3011 4952 opera
3057 4886 3232 4932 veros
3279 4875 3346 4929 et
