3634 5575
641 396 728 465 38
1786 378 1798 388 ’
1831 394 2156 451 moenum.

635 560 767 626 quod
801 561 1042 609 maximus
1080 566 1132 610 et
1169 564 1377 625 optimus
1415 566 1610 611 avertat
1644 558 1809 615 Deus
1848 556 2043 623 publice
2080 559 2201 607 istas
2236 556 2535 623 hypotheses
2574 570 2686 607 cum
2724 556 2978 623 Scriptura
3013 545 3053 607 ε’.
3092 557 3361 607 conciliare

635 632 785 683 velles
823 638 875 681 et
908 645 1234 698 propugnare.
1275 640 1462 683 certum
1497 640 1695 689 metuo,
1733 636 1790 679 ut
1824 631 1876 679 in
1914 629 2244 680 dissensiones
2281 624 2333 678 et
2368 644 2571 679 nervum
2605 643 2684 679 res
2722 628 2914 679 isthaec
2950 638 3205 693 erumpat:
3260 644 3358 693 quo

637 717 762 755 casu
794 702 938 751 velim
975 717 1084 769 ego,
1122 719 1202 753 me
1238 705 1359 753 istas
1399 705 1725 769 cogitationes
1761 708 1895 759 tuas,
1934 704 1983 750 in
2021 716 2073 753 se
2112 700 2309 765 quidem
2348 706 2398 750 et
2433 700 2789 751 mathematice
2836 700 3173 752 consideratas
3209 714 3355 765 prae-

637 774 803 825 claras
840 780 894 823 et
926 774 1144 829 nobiles.
1197 789 1448 839 nunquam
1495 775 1687 825 vidisse.
1760 772 1877 823 Jam
1914 773 2095 823 dudum
2134 774 2263 823 enim
2299 774 2350 821 in
2389 772 2601 823 ecclesia
2636 771 2836 822 Domini
2874 772 2983 835 plus
3026 770 3358 823 contentionis

639 853 744 897 est.
785 858 932 909 quam
967 844 1168 895 infirmis
1208 846 1455 909 expediat.
1533 845 1631 895 Sed
1669 845 1835 896 nescio
1873 860 1965 910 quo
2002 859 2081 894 me
2120 843 2331 909 abripiat
2366 842 2520 905 stylus
2546 879 2559 900 ,
2615 844 2692 893 vel
2738 844 2898 907 potius
2934 842 3180 893 fraternus
3215 856 3359 893 meus

635 918 688 967 in
723 923 776 967 te
815 930 984 967 amor:
1039 918 1122 981 qui
1169 919 1262 967 nisi
1300 917 1414 966 talis
1451 918 1500 966 in
1537 924 1588 967 te
1627 922 1760 967 esset
1777 952 1790 967 .
1848 916 2007 979 qualis
2042 922 2149 975 est,
2204 915 2571 965 ardentissimus
2606 916 2834 965 nimirum
2870 919 2923 965 et
2954 915 3357 969 candidissimus.

637 996 745 1039 tum
781 988 984 1038 liberam
1022 990 1148 1049 stylo
1185 989 1437 1039 licentiam
1475 1004 1571 1037 non
1608 986 1950 1052 permisissem.
2026 986 2126 1037 Sed
2174 986 2253 1037 hic
2301 986 2433 1035 idem
2471 1000 2608 1035 amor
2646 986 2740 1036 dno
2780 988 2867 1035 abs
2902 994 2955 1035 te
2989 985 3243 1050 postulat.
3298 992 3359 1035 ut

637 1061 866 1111 nimirum
915 1066 1164 1111 strenuum
1217 1061 1354 1109 nobis
1410 1074 1532 1125 agas
1587 1059 1995 1110 mathematicum
2050 1066 2101 1108 et
2149 1072 2297 1124 quam
2334 1064 2491 1107 antea
2523 1058 2610 1107 tibi
2648 1058 3047 1109 commendatam
3084 1072 3191 1110 esse
3230 1058 3352 1115 scio,

639 1131 882 1182 ecelesiae
937 1132 1346 1196 tranquillitatem
1395 1137 1683 1181 constanter
1736 1132 1920 1180 foveas.
1995 1130 2148 1179 Hisce
2205 1139 2257 1179 te
2311 1128 2420 1179 Deo
2460 1127 2520 1179 Ο.
2558 1128 2629 1179 Μ.
2682 1144 2788 1180 una
2834 1144 2946 1179 cnm
2996 1136 3105 1179 tota
3141 1129 3359 1180 ecclesia

640 1202 818 1253 Christi
855 1203 934 1265 pie
972 1202 1277 1253 commendo.
1347 1201 1606 1267 Tubingae
1645 1202 1693 1251 d.
1735 1200 1818 1251 12.
1860 1201 2039 1265 Aprilis
2079 1198 2231 1249 1598.

780 1272 966 1333 Quibus
1023 1274 1438 1324 exhortationibus
1495 1282 1656 1323 motus
1695 1272 1941 1336 Keplerus
2004 1274 2281 1337 promisisse
2326 1270 2518 1324 videtur
2537 1305 2551 1328 ‚
2608 1286 2859 1336 nunquam
2894 1286 2947 1321 se
2984 1267 3258 1322 immiscere
3296 1286 3351 1321 se

635 1344 762 1395 velle
797 1344 1208 1407 disputationibus
1246 1344 1634 1404 ecclesiasticis3
1676 1351 1816 1395 extat
1854 1346 1984 1395 enim
2022 1344 2233 1408 epistola
2264 1342 2332 1393 H.
2376 1340 2449 1403 (d.
2486 1342 2535 1392 d.
2576 1338 2625 1391 6.
2666 1344 2794 1408 Aug.
2837 1340 3015 1404 1598).
3050 1344 3101 1391 in
3138 1356 3239 1407 qua
3274 1342 3359 1393 hic

635 1430 818 1481 magno
855 1416 1036 1480 gaudio
1075 1423 1337 1481 acceptam
1377 1431 1410 1465 a
1443 1416 1661 1480 Keplero
1698 1417 2063 1479 promissionem
2100 1416 2279 1472 refert,
2342 1413 2505 1472 „illum
2541 1414 2693 1477 pluris
2729 1415 2893 1465 iacere
2932 1413 3175 1465 ecclesiae
3217 1420 3356 1463 tran-

635 1487 931 1553 quillitatem
949 1524 964 1548 ,
1021 1502 1170 1551 quam
1222 1502 1534 1553 quoscunque
1589 1488 1896 1554 ingeniorum
1942 1487 2264 1537 nobilissimos
2316 1492 2367 1536 et
2416 1485 2711 1535 clarissimos
2761 1486 2937 1536 foetus.
3016 1485 3081 1534 Et
3117 1488 3359 1547 quamvis.

637 1561 811 1623 inquit,
855 1558 916 1608 de
953 1558 1164 1609 thesium
1200 1562 1408 1608 veritate
1447 1558 1612 1609 adhuc
1649 1560 1847 1623 quidem
1884 1557 2223 1615 dissideamus.
2264 1572 2338 1609 eo.
2377 1556 2505 1620 quod
2540 1564 2746 1621 uterque
2782 1556 3002 1608 nostrum
3036 1556 3139 1605 suis
3173 1556 3357 1607 funda-

636 1630 814 1680 mentis
850 1631 1038 1688 nititur,
1077 1632 1196 1693 quia
1230 1635 1400 1679 tamen
1436 1637 1632 1693 propter
1667 1637 1825 1687 tuam,
1862 1645 1960 1695 qua
1994 1631 2088 1679 frui
2124 1630 2213 1678 tibi
2250 1628 2444 1687 videris,
2485 1642 2656 1679 sensus
2683 1628 3053 1684 abundantiam,
3092 1642 3190 1677 non
3215 1630 3358 1693 quic-

635 1716 786 1766 quam
821 1715 1108 1762 succenseo,
1145 1702 1217 1751 sic
1253 1701 1406 1750 multo
1442 1703 1602 1751 miuus
1639 1708 1693 1751 tu
1730 1702 1846 1750 mihi
1881 1703 2063 1765 poteris
2100 1700 2365 1765 indignari.
2406 1700 2488 1764 qui
2512 1699 2801 1750 firmioribus
2826 1698 3055 1749 suffultus
3082 1699 3358 1749 rationibus

634 1773 788 1822 libere
825 1772 1075 1829 dissentio.
1113 1774 1308 1822 interim
1343 1780 1512 1822 tamen
1550 1773 1931 1823 mathematicas
1968 1772 2405 1835 contemplationes
2445 1778 2687 1837 perpetua
2720 1770 3049 1822 admiratione
3079 1782 3357 1821 ‘venerans-

638 1842 738 1895 Sed
773 1843 908 1893 vivat
944 1850 996 1893 et
1031 1844 1201 1909 vigeat
1235 1844 1479 1894 ecclesiae
1515 1846 1601 1908 pia
1635 1852 1908 1909 sanctaque
1944 1843 2321 1908 tranquillitas.⁸⁴

778 1914 860 1966 De
882 1914 1210 1965 Hafenrefferi
1245 1916 1398 1967 literis
1430 1916 1558 1967 haec
1593 1918 1744 1967 refert
1777 1916 2087 1982 Keplerus
2121 1914 2505 1973 Maestlino,
2543 1912 2843 1967 concludens
2876 1914 3052 1965 literas
3086 1914 3358 1981 longiores,

639 2000 848 2052 quarum
883 1990 1042 2051 major
1077 2001 1192 2051 pars
1229 1988 1360 2037 infra
1397 1994 1660 2052 sequetur:

891 2194 905 2209 .
933 2195 947 2210 .
979 2146 1205 2211 Restat
1233 2167 1410 2209 unum
1443 2149 1654 2222 adhuc,
1708 2158 1772 2211 et
1815 2167 1966 2229 pene
2013 2147 2417 2227 praecipuum.
2486 2142 2622 2216 Quo
2662 2146 2910 2209 consilio
2940 2148 3033 2209 ad·
3046 2148 3121 2210 D.
3154 2150 3357 2211 Hafe-

639 2238 914 2299 refferum
961 2236 1324 2316 scripserim,
1373 2238 1552 2300 nosti.
1645 2236 2005 2317 Respondit,
2057 2256 2289 2299 summa
2318 2234 2621 2297 literarum
2650 2236 2800 2297 haec
2830 2244 2964 2298 est:
3016 2236 3357 2301 abstineam

640 2348 675 2388 a
723 2325 1024 2389 mentione
1073 2344 1378 2389 sacrarum
1408 2326 1717 2389 literarum
1746 2328 1802 2389 in
1843 2326 2103 2406 publico.
2200 2324 2510 2389 Offensum
2547 2324 2617 2385 iri
2664 2324 2884 2387 multos
2930 2326 3151 2388 bonos:
3202 2346 3353 2409 quos

635 2415 793 2477 inter
837 2424 902 2476 et
947 2435 1012 2478 se
1059 2434 1177 2477 non
1225 2416 1474 2478 obscure
1521 2424 1750 2479 censet.
1850 2413 2105 2479 Omnino
2152 2416 2389 2479 videtur
2434 2420 2739 2486 metuere,
2798 2434 2871 2475 ne
2918 2414 3179 2477 munitus
3239 2436 3355 2495 ego

638 2504 965 2567 autoritate
1019 2505 1308 2574 Friderici
1360 2505 1646 2585 principis
1712 2523 1819 2586 per
1874 2505 1993 2566 vim
2052 2506 2371 2574 extrudere
2428 2502 2605 2567 velim
2670 2504 3075 2567 defensionem
3140 2514 3359 2569 contra

573 2598 580 2605 '
636 2612 942 2656 sacrarum
993 2593 1300 2657 literarum
1346 2594 1737 2676 objectiones,
1788 2595 1935 2656 dicit
1982 2594 2164 2669 enim,
2230 2599 2532 2674 repertum
2578 2592 2687 2667 iri,
2748 2593 2847 2673 qui
2893 2612 3019 2655 rem
3066 2594 3354 2675 impedire

632 2683 840 2745 velint.
939 2684 1178 2745 Interea
1215 2684 1395 2761 jubet
1440 2704 1532 2745 me
1581 2690 1822 2746 strenue
1870 2702 2120 2765 pergere
2168 2684 2228 2745 in
2274 2684 2369 2745 his
2416 2681 2879 2763 hypothesibus,
2929 2692 3223 2764 quatenus
3272 2684 3353 2745 ad

637 2772 1067 2836 astronomiam
1116 2772 1363 2836 faciunt.
1457 2772 1778 2835 Enimvero
1830 2774 1986 2854 quod
2034 2782 2217 2835 antea
2262 2771 2486 2840 censui,
2526 2770 2657 2849 jam
2685 2772 2871 2834 multo
2901 2772 3094 2853 magis
3142 2774 3354 2836 credo:

635 2881 754 2924 non
801 2881 937 2924 esse
989 2861 1242 2923 alienum
1294 2882 1331 2923 a
1379 2861 1714 2942 Copernico
1760 2862 2081 2936 bominem,
2132 2863 2238 2923 sed
2284 2863 2439 2923 inter
2484 2861 2798 2940 theologos
2847 2870 3083 2924 ceteros
3131 2883 3349 2924 neces-

641 2949 800 3012 sario
850 2951 1132 3012 standum
1179 2951 1293 3030 ipsi
1339 2969 1447 3032 pro
1495 2951 1821 3013 autoritate
1872 2953 1968 3023 (ut
1995 2951 2239 3032 putant)
2289 2949 2640 3029 scripturae.
2733 2951 2991 3032 Ideoque
3040 2971 3207 3014 suam
3238 2971 3353 3033 ge-

641 3039 880 3101 nuinam
927 3040 1290 3102 sententiam
1334 3039 1475 3101 mihi
1522 3059 1639 3101 non
1691 3039 1975 3120 explicat.
2071 3037 2231 3109 Quid
2278 3041 2563 3120 agemus?
2611 3039 2768 3101 Tota
2798 3041 3165 3102 astronomia
3194 3041 3355 3108 tanti

641 3148 756 3190 non
805 3137 932 3203 est,
999 3136 1066 3190 ut
1121 3147 1270 3191 unus
1328 3149 1402 3190 ex
1447 3129 1682 3210 pusillis
1731 3127 1962 3192 Christi
2009 3130 2363 3192 offendatur.
2459 3125 2611 3191 Cum
2654 3129 2857 3208 itaque
2903 3149 3045 3210 pars
3092 3131 3357 3193 maxima

640 3219 950 3279 doctorum
985 3218 1182 3281 'etiam
1229 3219 1304 3279 ad
1353 3219 1506 3280 hanc
1557 3218 1958 3280 astronomiae
2009 3219 2108 3292 (ut
2151 3219 2329 3298 vulgo
2377 3218 2643 3296 videtur)
2692 3218 3119 3281 sublimitatem
3166 3213 3353 3281 intel-

647 3307 806 3368 lectu
855 3324 961 3368 suo
1009 3326 1124 3368 non
1173 3308 1494 3370 ascendat:
1545 3327 1658 3387 age
1705 3309 2161 3390 Pythagoraeos
2204 3309 2297 3369 vel
2348 3308 2591 3369 tandem
2639 3307 2819 3368 etiam
2866 3308 3161 3374 institutis
3208 3308 3353 3370 imi-

647 3405 860 3458 temur.
952 3395 1250 3459 Privatim
1297 3415 1404 3458 nos
1453 3397 1549 3477 qui
1600 3397 1754 3472 adit,
1807 3397 2304 3466 communicemus
2350 3396 2437 3458 illi
2486 3395 2735 3458 candide
2790 3407 3057 3460 nostram
3100 3406 3349 3460 senten-

647 3485 814 3546 tiam.
909 3483 1154 3550 Publice
1218 3495 1545 3550 taceamus.
1643 3485 1764 3550 Cur
1838 3487 2267 3550 astronomiam
2342 3487 2710 3548 astronomia
2779 3488 3079 3566 perditum
3150 3487 3353 3550 imus?

647 3573 842 3636 Totus
888 3577 1140 3638 mundus
1188 3576 1526 3654 hujusmodi
1575 3585 1772 3639 scatet
1819 3576 2187 3650 hominibus,
2250 3575 2347 3655 qui
2394 3575 2595 3656 parati
2640 3585 2777 3637 sunt
2829 3585 3021 3638 totam
3066 3588 3352 3640 astrono-

649 3663 868 3737 miam3
920 3665 970 3725 si
1021 3664 1354 3745 Cepernico
1403 3685 1563 3727 mere
1613 3667 1969 3740 adhaereat,
2026 3666 2245 3726 mundo
2293 3665 2506 3746 eJicere
2563 3666 3001 3745 commodisque
3058 3667 3353 3729 artificum

645 3753 964 3816 obsistere.
1030 3755 1314 3817 Artifices
1345 3773 1486 3816 vero
1533 3774 1608 3816 ex
1655 3774 1720 3815 se
1767 3753 1918 3835 ipsis
1964 3753 2062 3814 vel
2110 3773 2184 3814 ex
2222 3773 2367 3816 aura
2413 3753 2614 3814 vivere
2652 3773 2765 3816 non
2794 3764 3065 3835 possunt.
3144 3754 3349 3827 Quare

644 3843 734 3905 ita
779 3841 840 3903 in
889 3843 1308 3905 astronomicis
1355 3862 1606 3921 agamus
1639 3891 1652 3914 ,
1731 3851 1797 3903 ut
1856 3843 2120 3904 fautores
2178 3843 2576 3905 astronomiae
2633 3844 2997 3906 retineamus
3052 3853 3117 3906 et
3162 3853 3227 3906 ut
3274 3863 3348 3907 ne

643 3930 996 3992 esuriamus,
1092 3929 1268 4001 Quod
1317 3931 1451 3992 ideo
1499 3931 1714 4006 scribo,
1769 3931 1909 4010 quia
1951 3931 2283 4010 penultima
2327 3931 2434 3992 tuti.
2478 3931 2739 4011 epistola
2784 3934 2859 3994 ad
2898 3951 2991 3996 me
3031 3933 3347 4013 scripsisti,

643 4027 705 4080 te
755 4019 950 4098 quoad
1000 4019 1228 4080 ludicra
1274 4027 1499 4081 tractet
1543 4020 1979 4096 HaferefferuS‚
2040 4020 2281 4083 ludicris
2330 4039 2663 4095 occurrere,
2715 4024 2819 4083 sed
2868 4031 3141 4102 paratum
3189 4043 3345 4098 esse,

641 4108 694 4170 si
742 4107 961 4170 seriam
1009 4106 1117 4170 tibi
1165 4117 1406 4171 moveat
1451 4110 1944 4184 controversiam,
1989 4129 2096 4190 pro
2147 4109 2355 4171 merito
2395 4111 2559 4172 illum
2590 4111 2883 4192 excipere.
2959 4113 3159 4176 Nolim
3190 4114 3347 4176 euim

642 4205 703 4260 te
749 4197 847 4258 vel
893 4197 953 4259 in
1011 4197 1204 4260 m'eam
1261 4199 1358 4260 vel
1418 4199 1474 4260 in
1525 4198 1711 4278 ipsius
1761 4199 1941 4260 etiam
1990 4199 2267 4262 veritatis
2334 4201 2513 4278 (quae
2578 4201 2795 4264 nullius
2860 4201 3115 4264 hominis
3174 4203 3345 4264 salu-

641 4297 762 4350 tem
809 4294 918 4348 aut
962 4287 1331 4350 commodum
1379 4288 1713 4359 concernit)
1762 4289 2022 4366 gratiam
2070 4288 2338 4350 inimicos
2384 4289 2493 4350 tibi
2524 4291 2843 4352 conciliare
2874 4301 2981 4353 aut
3015 4290 3343 4353 incommo—

642 4376 774 4438 dius
823 4395 1020 4456 agere.
1116 4377 1203 4438 Tu
1252 4377 1350 4458 qui
1398 4377 1903 4452 animadvertisti,
1962 4384 2227 4444 tractare
2284 4378 2472 4440 virum
2526 4377 2691 4440 illum
2749 4380 2910 4441 seria
2952 4399 3061 4460 per
3133 4381 3346 4454 lusum,

641 4465 878 4528 clavum
925 4467 1095 4528 clavo
1143 4465 1368 4545 pellere
1413 4472 1588 4545 potes
1635 4477 1696 4528 et
1743 4468 1838 4527 vel
1888 4466 2045 4528 seria
2092 4475 2455 4528 tractantem
2502 4467 2635 4529 lusu
2682 4470 2955 4549 excipere
3002 4471 3184 4542 seri0,
3234 4489 3347 4531 nec

644 4553 766 4617 alia
809 4572 1066 4632 persona
1111 4555 1168 4618 in
1220 4574 1464 4617 arenam
1511 4555 1896 4618 descendere.
1983 4555 2151 4618 Haec
2207 4575 2317 4634 ego
2376 4553 2611 4636 quidem
2664 4554 3080 4636 παρρησιαζων
3125 4578 3234 4620 nec
3282 4567 3346 4620 te

644 4643 919 4716 imitanS,
985 4644 1084 4724 qui
1143 4645 1300 4707 soles
1355 4643 1536 4705 nihil
1595 4645 1958 4718 dubitare,
2022 4646 2155 4725 quin
2204 4645 2313 4707 hoc
2362 4663 2473 4722 ego
2521 4663 2717 4724 agam,
2769 4649 2925 4728 quod
2974 4667 3068 4708 me
3115 4649 3345 4711 hortari

640 4751 746 4814 pro
797 4731 1124 4794 autoritate
1169 4753 1420 4814 posseS,
1479 4741 1546 4795 ut
1592 4752 1850 4812 agerem.
1948 4732 2176 4804 Quodsi
2225 4736 2403 4796 aliter
2448 4733 2555 4795 tibi
2602 4735 2837 4798 videtur
2881 4739 2937 4799 in
2966 4737 3100 4798 ‘hac
3136 4757 3341 4812 causa,

643 4839 878 4902 semper
922 4821 1061 4884 mibi
1109 4823 1221 4888 erit
1269 4823 1587 4902 integrum,
1649 4831 1807 4886 tuum
1868 4825 2029 4904 sequi
2090 4825 2432 4885 consilium:
2510 4841 2641 4884 nani
2701 4827 2757 4886 in
2804 4827 3151 4905 praesentia
3198 4827 3341 4889 nihil

640 4909 972 4996 respondeo
1019 4911 1096 4973 D.
1129 4913 1518 4990 Hafereffero,
1569 4911 1682 4974 nisi
1731 4920 1796 4973 ut
1839 4931 1947 4998 per
1992 4912 2363 4980 occasionem
2412 4911 2577 4976 illum
2624 4915 2853 4994 salutes
2901 4913 3337 4978 officiosissime
