3634 5575
8 5194 15 5263 v<-

570 334 695 402 120
1584 335 1819 428 mysterii·
1845 335 2246 404 comumnes

563 501 700 558 tias:
762 501 893 556 item
936 500 1175 573 angulos
1216 498 1792 570 prosthaphaereseon
1835 500 2130 554 earundem
2171 497 2226 554 in
2277 500 2410 554 orbe
2452 516 2656 572 magno
2697 501 2934 558 Telluris
2977 505 3270 560 secundum

564 581 895 636 sententiam
937 578 1323 650 Copernici.

721 661 855 730 Tab.
906 662 993 715 11.
1037 659 1145 714 sic:
1207 658 1427 714 Tabula
1468 657 1536 712 11.
1600 659 1868 713 exhibens
1923 659 2162 713 ordinem
2235 660 2596 730 sphaerarum
2643 661 2991 726 coelestium,
3052 669 3113 717 et
3166 671 3270 716 ut·

563 759 836 813 cunque
876 738 1285 811 proportionem
1314 738 1522 794 orbium
1564 745 1623 793 et
1650 739 2034 810 epicyclorum,
2081 747 2248 810 atque
2277 741 2515 812 angulos
2543 741 2632 794 vel
2673 757 2832 796 arcus
2861 744 3272 814 prosthaphae-

563 839 760 878 reseon
799 822 1121 882 eorundem,
1157 818 1331 888 juxta
1370 818 1573 872 medias
1616 819 1928 883 distantias,
1973 821 2266 874 secundum
2306 826 2618 876 veterum
2661 824 3009 878 sententiam.

720 902 806 956 Ad
850 903 991 956 tab.
1043 901 1130 954 10.
1177 901 1319 954 haec
1360 898 1642 969 adscripta
1682 906 1840 953 sunt:
1901 901 1964 954 In
2006 907 2226 964 centro,
2271 900 2360 953 vel
2401 917 2605 970 prope,
2669 909 2758 956 est
2797 902 2915 957 Sol
2958 903 3272 960 immobilis.

564 983 659 1038 EF
699 982 932 1036 circulus
976 972 1042 1044 ἔ,
1087 980 1177 1052 qui
1217 977 1528 1035 restituitur
1568 979 1759 1034 diebus
1804 979 1880 1035 88
1923 981 2058 1034 fere.
2145 980 2238 1034 CD
2270 986 2356 1033 est
2398 980 2631 1035 circulus
2677 979 2752 1050 Q,
2797 983 2954 1054 cujus
2995 983 3271 1038 revolutio

567 1062 714 1118 circa
756 1057 820 1120 Q
866 1069 955 1116 est
994 1062 1202 1116 dierum
1230 1061 1347 1115 224
1390 1076 1507 1113 cum
1536 1062 1714 1114 besse.
1798 1062 1898 1114 AB
1929 1061 2164 1114 circulus
2198 1052 2279 1126 5,
2324 1060 2480 1132 cujus
2509 1062 2781 1116 revolutio
2819 1063 3025 1119 dierum
3055 1059 3224 1120 365⁰
3203 1091 3269 1124 la·

564 1143 781 1198 Dicitur
823 1141 1021 1197 Orbis
1064 1143 1356 1212 Magnus
1398 1145 1628 1210 propter
1668 1157 1826 1195 usum
1867 1140 2240 1211 multiplicem.
2327 1142 2486 1196 Circa
2527 1133 2576 1206 5
2619 1148 2708 1196 est
2749 1144 3055 1208 orbiculus,
3112 1147 3275 1200 velut

572 1223 877 1294 epicyclus,
922 1222 1197 1291 sphaerae
1239 1220 1476 1276 Lunaris
1519 1223 1589 1274 ad
1630 1224 1709 1284 A,
1754 1223 1943 1275 eodem
1983 1228 2134 1275 motu
2176 1239 2277 1292 per
2320 1222 2448 1275 anni
2493 1220 2730 1293 spatium
2775 1241 2897 1277 cum
2938 1215 2984 1289 5
3029 1227 3098 1278 ad
3139 1243 3275 1282 ean·

567 1305 689 1358 dem
749 1302 969 1356 stellam
1022 1303 1192 1356 fixam
1242 1301 1477 1355 rediens.
1559 1301 1664 1355 Sed
1709 1302 1831 1370 ejus
1889 1302 2117 1373 propria
2171 1301 2440 1356 revolutio
2493 1305 2560 1356 ad
2608 1297 2670 1361 Q
2715 1304 2891 1358 habet
2940 1303 3055 1358 dies
3099 1301 3274 1366 2972.

568 1385 673 1438 GH
714 1390 801 1437 est
844 1383 989 1437 orbis
1022 1379 1100 1447 d,
1146 1382 1237 1454 qui
1279 1398 1493 1436 cursum
1534 1399 1699 1435 unum
1742 1383 1844 1436 sub
1887 1383 2065 1435 stellis
2105 1382 2230 1435 fixis
2275 1382 2389 1436 sive
2432 1385 2502 1436 ad
2535 1377 2598 1442 Q
2644 1383 2885 1438 absolvit
2911 1384 3101 1440 diebus
3133 1387 3274 1442 687.

564 1465 726 1520 Hunc
781 1461 993 1533 excipit
1046 1469 1177 1532 post
1220 1477 1478 1534 magnum
1531 1462 1882 1516 intervallum
1927 1463 2034 1525 IK,
2093 1462 2335 1532 sphaera
2376 1467 2450 1530 Ἃ,
2508 1465 2720 1519 habens
2767 1465 3028 1518 ambitum
3063 1465 3278 1522 dierum

458 1625 467 1632 ·
566 1537 795 1603 4332Ἰ.
840 1543 974 1598 fere.
1054 1543 1162 1596 LM
1203 1550 1290 1598 est
1329 1541 1387 1606 t,
1431 1543 1586 1612 cnjus
1629 1549 1842 1611 tempus
1885 1543 2216 1614 periodicum
2258 1543 2462 1598 dierum
2509 1538 2789 1604 10759¹J,.

724 1625 899 1679 Fixae
927 1641 1057 1677 vero
1105 1625 1306 1678 stellae
1336 1625 1514 1677 adhuc
1560 1629 1674 1677 tam
1720 1623 2112 1678 inaestimabili
2142 1624 2436 1678 intervallo
2468 1624 2695 1680 altiores
2726 1631 2869 1688 sunt,
2920 1629 2984 1678 ut
3027 1629 3098 1682 ad
3127 1643 3276 1694 eam,

567 1721 709 1778 quae
752 1711 839 1758 est
885 1703 1028 1759 inter
1072 1697 1135 1762 Q
1186 1712 1245 1759 et
1290 1695 1376 1769 5,
1424 1704 1776 1775 intercapedo
1823 1705 2096 1760 sensibilis
2144 1723 2268 1766 ιιοιι
2297 1705 2384 1759 sit.
2467 1707 2542 1760 Et
2585 1722 2688 1761 eae
2729 1713 2858 1761 sunt
2905 1705 2960 1760 in
3003 1717 3278 1778 extremo.

568 1786 709 1841 sicut
754 1779 818 1843 Q
862 1784 919 1838 in
962 1791 1178 1848 centro,
1221 1785 1440 1855 penitus
1484 1783 1799 1839 immobiles,

724 1867 982 1937 Angulus
1028 1865 1208 1930 TGV,
1258 1865 1347 1918 vel
1395 1881 1554 1920 arcus
1583 1865 1695 1929 TV,
1744 1865 2452 1936 prosthaphaeresis
2498 1873 2609 1931 est,
2669 1867 2784 1920 sive
2827 1833 3278 1938 parallaxis,

569 1964 732 2020 quam
779 1946 928 2000 orbis
975 1962 1208 2016 magnus
1258 1947 1306 2019 ὃ
1357 1948 1426 2001 ad
1472 1946 1767 2017 sphaeram
1812 1941 1862 2004 d
1911 1947 2101 2002 habet.
2185 1946 2274 2000 Sic
2301 1947 2426 2002 PIN
2465 1951 2553 2001 est
2601 1947 2846 2016 ejusdem
2893 1951 3038 2004 orbis
3083 1953 3280 2026 mag-ni
3371 1961 3378 1966 '

575 2027 889 2100 parallaxis
920 2028 989 2080 ad
1018 2027 1313 2097 sphaeram
1341 2024 1413 2090 Ἃ,
1464 2033 1522 2080 et
1550 2025 1718 2089 PLN,
1766 2027 1882 2082 sive
1911 2027 2000 2082 Rs
2043 2044 2232 2091 arcus,
2283 2029 2352 2082 ad
2398 2027 2689 2098 sphaeram
2718 2035 2767 2090 ᾗ
2849 2031 2938 2084 Ita
2961 2032 3135 2096 XAY,
3182 2035 3280 2088 vel

572 2109 675 2164 XY
722 2125 907 2171 arcus,
973 2111 1060 2160 est
1116 2107 1428 2176 parallaxis
1479 2097 1561 2171 5,
1621 2113 1683 2160 ut
1732 2113 1789 2160 et
1837 2105 2025 2171 ZAAE,
2083 2108 2172 2160 vel
2220 2107 2360 2172 ΖΕ,
2423 2108 2694 2178 sphaerae
2741 2107 2786 2174 ξ
2841 2113 3155 2179 parallaxis
3203 2117 3280 2168 ad

569 2191 754 2244 orbem
792 2203 1068 2260 magnum.

739 2269 893 2330 Quae
943 2266 1233 2336 adscripsit
1260 2265 1537 2336 Keplerus
1586 2266 1882 2320 tabulae
1901 2253 2004 2321 '1.1
2052 2268 2193 2320 haec
2230 2273 2382 2321 sunt.
2435 2267 2496 2320 In
2543 2273 2730 2321 centro
2759 2258 2809 2332 5
2857 2275 2960 2334 est,
3009 2271 3134 2326 sola
3178 2273 3276 2326 im·

568 2349 798 2404 mobilis.
842 2347 1067 2402 Intimus
1100 2339 1312 2412 circa5
1345 2345 1619 2400 orbiculus
1639 2347 1832 2400 Lunae
1854 2348 2148 2418 sphaeram
2167 2351 2568 2416 repraesentat,
2593 2347 2746 2418 cujus
2767 2357 2943 2404 motus
2963 2357 3278 2406 menstruus

570 2437 676 2485 est.
762 2429 923 2483 Hanc
967 2427 1214 2498 proxime
1263 2425 1307 2490 {5
1353 2427 1499 2480 orbis
1546 2427 1869 2481 circumdat:
1929 2444 2085 2499 quem
2133 2427 2380 2498 sequitur
2424 2417 2503 2491 Q,
2552 2433 2610 2480 et
2655 2437 2853 2498 postea
2899 2425 2963 2488 Θ
3013 2433 3276 2502 sphaera,

572 2527 758 2566 annua
786 2527 969 2564 omnes
998 2507 1353 2562 conversione
1380 2507 1670 2560 volubiles.
1752 2507 2107 2579 Reliquorum
2137 2507 2300 2562 trium
2329 2507 2682 2578 superiorum,
2731 2505 2814 2574 d,
2861 2508 2933 2574 Ἃ,
2982 2511 3044 2575 Β,
3092 2515 3276 2578 orbes,

572 2594 807 2648 fixarum
836 2607 1049 2660 quoque
1080 2589 1371 2642 stellarum
1416 2587 1726 2658 sphaeram,
1778 2604 1956 2654 arcus,
2005 2605 2139 2659 quos
2181 2587 2328 2642 circa
2357 2583 2404 2653 5
2465 2605 2563 2642 ceu
2603 2593 2845 2645 centrum
2893 2590 3138 2663 integros
3179 2595 3276 2647 de-

574 2671 813 2726 scribere
864 2675 923 2722 et
968 2670 1240 2738 complere
1289 2668 1516 2739 quisque
1561 2674 1766 2739 potest,
1814 2668 2071 2723 indicant.
2157 2666 2206 2728 d
2239 2668 2383 2722 orbis
2427 2668 2646 2724 biennio
2689 2671 3055 2734 convertitur:
3104 2670 3148 2732 Ἃ
3177 2691 3278 2730 an·

568 2769 666 2809 nos
700 2752 770 2807 12
802 2767 963 2822 quam
991 2749 1239 2820 proxime
1268 2748 1512 2820 requirit,
1557 2754 1616 2803 et
1659 2746 1689 2811 ij
1719 2748 1835 2803 fere
1866 2747 1940 2805 30
1973 2765 2162 2804 annos.
2244 2748 2415 2804 Fixae
2447 2748 2644 2805 stellae
2690 2750 2884 2807 49000
2915 2752 3068 2807 annis
3101 2754 3281 2825 juxta

566 2828 1031 2905 Alphonsinorum
1078 2829 1288 2899 placita
1327 2830 1607 2899 periodum
1653 2830 1972 2885 restituunt.
2059 2830 2309 2891 Quantas
2357 2830 2692 2902 singulorum
2745 2829 2994 2902 (praeter
3022 2826 3106 2905 D)
3157 2834 3278 2905 epi-

570 2913 709 2985 cycli
740 2912 797 2965 in
826 2910 1165 2964 concentrico
1196 2910 1397 2963 circulo
1424 2909 1960 2979 prosthaphaereses
2009 2910 2063 2963 in
2091 2910 2279 2963 mediis
2309 2910 2585 2965 distantiis
2631 2910 2857 2977 faciant,
2907 2930 3065 2969 arcus
3111 2916 3278 2971 rectis

569 3012 643 3048 ex
674 2984 721 3057 5
768 2991 944 3045 ductis
992 2997 1050 3044 et
1092 2990 1365 3061 epicyclos
1410 2990 1656 3061 singulos
1701 2990 2062 3061 tangentibus
2109 2990 2416 3060 intercepti,
2468 2990 2665 3045 additis
2703 2994 2974 3063 graduum
3020 2996 3278 3061 numeris,

571 3077 895 3128 monstrant.

731 3148 791 3217 h)
841 3151 961 3205 Hoc
1002 3150 1177 3204 coacti
1226 3158 1354 3204 sunt
1400 3156 1650 3204 statuere
1696 3157 1969 3215 auctores,
2028 3150 2198 3204 ceteri
2246 3151 2311 3203 de
2356 3148 2500 3215 Sole,
2549 3152 2878 3223 Copernicus
2928 3157 2992 3208 de
3037 3155 3280 3219 Tellure,

575 3233 705 3305 quia
751 3231 968 3286 nimium
1014 3232 1263 3285 tribuunt
1309 3229 1786 3285 observationibus
1835 3230 2144 3300 Hipparchi
2189 3235 2248 3284 et
2287 3230 2617 3285 Ptolemaei:
2667 3234 2762 3287 sed
2809 3251 2951 3304 quae
2998 3252 3108 3289 non
3150 3242 3282 3291 sunt

520 3360 531 3369 .
574 3320 769 3369 tantae
820 3311 1175 3374 subtilitatis,
1235 3318 1298 3365 ut
1344 3313 1547 3381 dogma
1591 3310 1733 3365 tanti
1780 3310 2035 3364 momenti
2083 3311 2261 3381 possit
2300 3310 2366 3363 iis
2423 3312 2887 3381 superaedificari.
2977 3316 3176 3385 Itaque
3223 3316 3282 3371 in

575 3392 988 3451 Commentariis
1036 3391 1373 3445 Martialium
1421 3390 1857 3459 speculationum
1917 3397 1977 3445 et
2034 3390 2127 3444 lib.
2155 3391 2270 3474 ⁸VI.
2317 3390 2600 3461 Epitomes
2663 3401 2824 3462 parte
2871 3396 2912 3449 1.
2973 3394 3280 3465 opinionem

574 3475 737 3529 istam
780 3478 842 3527 ut
890 3472 1154 3543 physicae
1184 3471 1411 3525 coelesti
1439 3470 1708 3526 inimicam
1736 3473 2022 3526 admodum
2051 3472 2282 3525 fidenter
2308 3470 2495 3540 rejeci,
2540 3474 2766 3528 necdum
2797 3476 2928 3528 cedo
2973 3476 3280 3539 sententia;

576 3554 883 3609 evidentem
922 3552 1354 3606 imbecillitatem
1397 3550 1729 3619 opinationis
1770 3552 1937 3622 hujus
1982 3551 2116 3606 alibi
2158 3553 2560 3607 demonstrabo.

734 3628 781 3703 i)
826 3634 952 3688 Non
980 3635 1119 3704 quod
1149 3632 1359 3702 triplex
1387 3632 1505 3700 ipse
1535 3632 1624 3695 sit,
1656 3632 1751 3686 sed
1782 3632 1914 3702 quia
1938 3648 2080 3686 unus
2109 3637 2169 3686 et
2194 3632 2333 3686 idem
2371 3631 2619 3687 existens
2660 3632 2770 3687 tria
2796 3634 3056 3689 distincta
3085 3636 3280 3700 habet,

562 3732 720 3789 ‘quae
750 3714 975 3787 singula
1002 3730 1129 3767 suos
1158 3712 1489 3782 multiplices
1520 3728 1651 3765 usus
1681 3719 1740 3765 et
1768 3711 1953 3766 munia
1979 3712 2192 3765 habent
2219 3712 2272 3765 in
2303 3712 2637 3767 astronomia
2662 3714 2980 3769 reformata.

738 3791 802 3860 k)
850 3795 910 3849 Id
940 3800 1044 3857 est,
1085 3792 1333 3865 seposita
1362 3791 1797 3845 consideratione
1827 3792 2270 3847 eccentricitatis.
2357 3794 2637 3855 Quaedam
2665 3793 2806 3848 enim
2851 3802 3104 3865 praestat
3131 3796 3280 3850 orbis

580 3876 685 3930 iste
713 3874 1067 3939 eccentricus,
1099 3891 1205 3926 non
1234 3873 1359 3943 ipsa
1387 3888 1489 3925 sua
1517 3871 1943 3937 eccentricitate,
1976 3874 2069 3926 sed
2098 3873 2200 3926 illa
2223 3873 2346 3926 sola
2370 3890 2449 3937 re,
2482 3875 2622 3943 quod
2652 3874 2796 3929 circa
2815 3874 2996 3929 Solem
3024 3876 3276 3931 vertitur.

738 3951 783 4021 l)
832 3955 1056 4009 Coelum
1083 3960 1224 4024 puta
1249 3953 1442 4006 Lunae
1474 3950 1603 4017 (non
1632 3952 1792 4007 Luna
1819 3969 1919 4021 per
1947 3946 2034 4021 se)
2063 3959 2122 4008 et
2150 3952 2336 4007 Tellus
2365 3953 2577 4008 habent
2615 3956 2842 4009 eundem
2869 3962 3070 4011 motum
3101 3962 3282 4011 trans-

582 4036 808 4091 lationis
856 4036 923 4088 de
969 4035 1088 4088 loco
1134 4032 1189 4086 in
1218 4034 1395 4086 locum
1438 4049 1541 4103 per
1585 4033 1772 4087 orbem
1816 4048 2090 4105 magnum,
2140 4050 2276 4105 ergo
2324 4051 2442 4087 cum
2489 4050 2705 4104 semper
2733 4034 2906 4089 Terra
2943 4036 3063 4089 loco
3092 4038 3282 4092 eodem

585 4118 674 4181 sit,
721 4134 826 4188 quo
872 4115 993 4169 loco
1034 4112 1307 4168 invenitur
1352 4119 1411 4167 et
1439 4113 1651 4166 coelum
1678 4113 1888 4175 Lunae,
1935 4113 2144 4168 coelum
2191 4112 2365 4184 igitur
2403 4113 2508 4167 hoc
2553 4114 2744 4169 Lunae
2792 4122 2851 4169 et
2885 4132 2986 4184 per
3025 4116 3077 4171 id
3123 4116 3286 4171 Luna

584 4198 711 4269 ipsa
756 4211 926 4251 causa
972 4194 1185 4269 quidem
1232 4194 1369 4247 coeli
1416 4193 1499 4247 sui
1560 4194 1767 4248 nullam
1808 4194 1977 4247 talem
2033 4212 2106 4247 ex
2147 4200 2296 4247 motu
2340 4194 2575 4249 Telluris
2623 4194 3007 4265 apparentiam
3051 4196 3283 4268 suscipit

588 4285 765 4333 motus
814 4276 896 4331 sui
916 4318 929 4341 ,
997 4276 1212 4347 qualem
1238 4292 1331 4329 ,ει
1378 4274 1581 4328 Terrae
1629 4274 1996 4335 translatione
2041 4273 2136 4329 Sol
2183 4274 2441 4346 suscipit,
2498 4274 2614 4345 ipse
2660 4292 2792 4330 vere
2839 4276 3138 4346 quiescens·
3221 4278 3280 4333 Id

590 4376 747 4413 secus
798 4363 964 4421 esset,
1012 4356 1059 4409 si
1088 4357 1261 4410 Terra
1299 4360 1553 4425 promota
1598 4356 1810 4409 coelum
1850 4354 2045 4408 Lunae
2091 4354 2402 4426 quiesceret
2447 4362 2547 4409 aut
2589 4362 2902 4411 moveretur
2947 4359 3012 4411 de
3057 4358 3178 4413 loco
3226 4356 3284 4413 in

584 4440 768 4493 locum
808 4445 960 4493 motu
1000 4436 1109 4491 alio
1136 4434 1425 4496 distincto:
1473 4441 1603 4488 tunc
1631 4434 1771 4489 enim
1814 4440 1992 4489 motus
2023 4433 2193 4489 centri
2224 4434 2459 4490 Telluris
2503 4452 2606 4505 per
2633 4435 3084 4509 imaginationem
3110 4430 3280 4493 etiam

592 4518 648 4572 in
695 4519 904 4573 coelum
946 4518 1137 4571 Lunae
1184 4514 1674 4580 transcriberetur,
1737 4524 1796 4570 et
1852 4516 1929 4569 sic
1973 4516 2142 4569 etiam
2189 4520 2364 4573 totum
2420 4516 2628 4569 coelum
2672 4516 2864 4571 Lunae
2919 4534 3020 4588 pro
3065 4515 3282 4573 ratione

594 4598 731 4652 situs
776 4598 860 4650 sui
899 4604 1091 4667 posset
1130 4596 1509 4667 retrogradum
1550 4595 1719 4649 videri
1762 4614 1871 4650 non
1911 4596 2085 4650 minus
2129 4613 2289 4666 quam
2331 4596 2595 4667 planetae
2638 4595 2890 4669 quinque.

754 4672 833 4747 ιιι)
875 4678 999 4732 Duo
1026 4676 1116 4730 hic
1142 4677 1466 4739 innuuntur,
1518 4675 1754 4729 alterum
1781 4676 1964 4731 Solem
1992 4676 2167 4747 ipsum
2199 4676 2424 4740 attinet,
2475 4676 2707 4730 alterum
2745 4696 2819 4731 ex
2845 4676 2974 4731 Sole
3015 4676 3286 4733 redundat

598 4759 651 4812 in
690 4758 967 4828 planetas.
1048 4758 1398 4811 Ptolemaeus
1426 4756 1607 4810 Solem
1646 4757 1883 4816 collocat
1927 4756 1982 4812 in
2028 4756 2345 4821 eccentrico,
2395 4756 2753 4810 eccentricum
2798 4756 3028 4813 includit
3069 4758 3279 4811 duobus

600 4838 1003 4899 deferentibu83
1053 4836 1381 4908 Copernicus
1425 4834 1672 4907 epicyclo
1720 4837 1904 4908 affigit
1947 4838 2247 4907 planetam,
2305 4836 2610 4907 epicyclum
2655 4836 3014 4893 concentrico.
3096 4838 3282 4891 Ptole·

602 4934 787 4974 maeus
816 4915 1001 4995 igitur,
1042 4924 1107 4972 ut
1143 4932 1402 4991 apogaea
1438 4922 1776 4991 promoveat,
1823 4918 2192 4975 deferentibus
2240 4917 2352 4977 suis
2399 4916 2656 4974 attribuit
2699 4924 2902 4975 motum
2947 4916 3282 4993 peculiarem
