3634 5575
1419 389 1482 442 de
1516 389 1662 441 rehu
1699 389 2023 456 astrologicis.
2796 407 2801 412 ·
2984 389 3114 460 365

379 546 616 628 quidem
673 533 881 609 om'nes
939 547 1110 622 illos,
1185 545 1292 608 sed
1358 547 1796 610 insensibiliter
1856 549 1917 610 in
1977 545 2435 626 comparatione
2485 548 2562 610 ad
2608 555 2865 612 ceteros.
2955 551 3116 613 Nam

379 637 466 696 sic
521 643 664 696 sunt
721 636 992 698 rationes
1053 635 1440 698 harmonicae
1509 639 1899 718 comparatae
1920 685 1937 712 ,
2003 645 2073 698 ut
2116 637 2275 698 inter
2330 637 2441 698 hos
2490 646 2553 698 et
2618 637 2757 699 illos
2806 637 3116 700 evidentes

381 732 665 803 aspectus
714 725 1002 804 gradibus
1050 724 1442 804 distinguant,
1493 743 1610 786 non
1659 732 1789 786 toto
1837 743 2078 804 genere.
2166 725 2327 786 Nam
2376 725 2430 787 si
2480 721 2603 788 30·
2648 725 2899 787 multum
2962 743 3111 806 ope-

381 820 590 876 rantur
637 813 713 874 ob
759 813 1091 887 rationem,
1153 831 1330 892 quam
1377 811 1510 874 dico
1558 831 1690 892 ego,
1741 821 1983 893 oportet
2030 808 2155 876 360
2210 821 2457 894 propter
2503 813 2757 876 eandem
2819 813 3115 878 rationem

383 901 618 979 operari
666 919 782 962 non
832 901 999 974 nihil,
1047 910 1250 963 tamen
1299 919 1532 980 parum.
1628 900 1841 964 Oritur
1886 920 2030 981 ergo
2062 901 2355 983 bipartita
2392 902 2606 964 divisio
2644 903 2895 978 zodiaci,
2958 901 3111 964 duo·-

384 989 632 1050 denaria
679 990 948 1072 antiqua,
1003 997 1066 1051 et
1104 989 1237 1070 jam
1285 991 1534 1052 denaria
1579 1009 1772 1052 nova:

854 1112 1369 1176 Duodenaria.
2333 1112 2727 1176 Denaris.

472 1213 554 1279 0⁰
607 1217 668 1294 ἅ
848 1217 1056 1284 Causa
1101 1221 1221 1282 est'
1244 1218 1304 1278 in
1351 1217 1692 1282 identitate.
2000 1212 2081 1278 00
2136 1219 2196 1294 0‘
2262 1214 2467 1281 Causa
2501 1225 2603 1280 est
2640 1219 2699 1281 in
2738 1219 3083 1286 identitate.
3182 1298 3189 1304 ¹

433 1301 555 1368 300
605 1315 686 1388 ᾗ
1191 1307 1380 1370 Area·
1960 1300 2083 1368 36⁰
2558 1308 2802 1372 Parum.

431 1388 553 1457 60⁰
609 1401 664 1463 >lt
729 1395 954 1473 Figura
999 1394 1057 1456 in
1102 1396 1286 1474 plano
1323 1403 1388 1456 et
1424 1393 1821 1474 longitudine.
1960 1388 2081 1456 72⁰
2138 1412 2195 1464 >s
2366 1395 2594 1476 Figura
2636 1396 2697 1458 iu
2745 1396 2958 1458 solido.

433 1477 555 1546 90⁰
607 1475 682 1548 [l
732 1483 930 1557 Area,
979 1483 1168 1562 figura
1205 1483 1264 1546 in
1295 1485 1478 1563 plano
1509 1489 1573 1542 et
1599 1481 1816 1544 solido.
1919 1476 2081 1546 108⁰
2564 1485 2805 1548 Parum.

396 1565 557 1636 120⁰
601 1576 678 1640 Δ
805 1571 1028 1650 Figura
1073 1570 1134 1632 in
1181 1573 1360 1652 plano
1407 1581 1474 1632 et
1517 1569 1732 1634 solido.
1914 1566 2076 1634 144⁰
2130 1587 2199 1636 κ’
2364 1572 2593 1653 Figura
2635 1573 2697 1636 in
2742 1574 2959 1636 solido.

399 1653 560 1722 ¹50⁰
975 1661 1194 1722 Parum
1241 1660 1340 1722 vel
1385 1659 1553 1720 nihil.

395 1742 558 1811 1800
617 1751 670 1820 ἆ)
737 1747 1078 1821 Diametro,
1133 1747 1287 1810 sive'
1315 1749 1372 1808 iu
1423 1746 1814 1826 longitudine.
1922 1741 2105 1849 1800
2138 1749 2191 1818 ὁ)
2260 1745 2599 1823 Bimatra,
2642 1769 2695 1811 s.
2726 1748 2785 1811 in
2816 1727 3113 1828 longitud.

383 1868 522 1931 Jam
571 1871 936 1951 sesquadrns
987 1867 1168 1946 (450)
1217 1873 1469 1951 figuram
1516 1867 1703 1930 efficit
1749 1868 2035 1946 ineptam,
2087 1887 2240 1950 quae
2288 1889 2491 1933 secum
2538 1869 2674 1951 ipsa
2718 1871 2815 1933 vel
2861 1869 2920 1932 in
2970 1871 3109 1950 pla-

385 1977 521 2020 num
595 1967 888 2038 congruat
962 1961 1062 2021 vel
1125 1961 1183 2021 in
1251 1960 1526 2023 solidum.
1652 1957 1785 2018 Hoc
1851 1957 2085 2018 nomine
2154 1959 2581 2038 aequiparatur
2646 1957 2824 2022 decili
2898 1953 3103 2033 (360).

384 2047 734 2110 Miscendae
791 2057 931 2110 sunt
988 2049 1144 2110 enim
1191 2049 1350 2110 aliae
1398 2049 1656 2126 figurae,
1716 2043 2113 2124 quadranguli
2171 2046 2406 2109 scilicet
2462 2048 2559 2110 vel
2604 2043 2908 2126 trianguli.
3002 2047 3104 2110 Ita

385 2136 751 2216 sesquadrus
817 2131 1042 2209 (135⁰)
1111 2137 1540 2218 aequiparatur
1603 2152 1738 2194 cum
1805 2132 2063 2195 tridecili
2128 2129 2379 2208 (108⁰).
2486 2135 2698 2198 Solida
2764 2135 2922 2196 enim
2986 2154 3105 2198 uon

384 2222 564 2304 plane
605 2225 916 2297 claudunt,
964 2225 1073 2286 sed
1119 2226 1464 2305 relinquunt
1509 2221 1759 2295 hiantia,
1810 2219 1869 2281 in
1898 2221 2083 2301 plano
2123 2241 2264 2284 vero
2304 2223 2594 2286 miscendi
2632 2224 2755 2286 illis
2798 2224 3104 2304 quadran—

389 2310 515 2392 guli
561 2329 669 2372 seu
717 2313 1166 2392 quinquanguli‚
1218 2321 1283 2374 ut
1333 2313 1499 2373 locus
1547 2310 1882 2389 impleatur.
1976 2309 2107 2370 Hoc
2154 2319 2335 2391 pacto
2382 2314 2669 2394 aequales
2719 2315 2954 2375 futuras
3002 2312 3101 2374 di-

383 2398 640 2480 stinguit
667 2399 972 2461 nobilitas.
1047 2402 1207 2464 Nam
1238 2401 1454 2463 decilis
1499 2407 1596 2460 est
1641 2397 1883 2458 sextilis
1933 2398 2146 2472 (radii)
2193 2417 2336 2478 pars
2374 2401 2567 2480 major
2613 2402 2671 2464 in
2718 2401 3109 2482 proportione

385 2487 629 2556 divina,
701 2497 763 2550 et
810 2489 1046 2551 sextilis
1093 2498 1190 2550 est
1237 2488 1530 2551 tridecilis
1577 2485 1727 2548 secti
1774 2504 1921 2566 pars
1968 2487 2176 2565 major.
2274 2485 2713 2567 Cognationem
2770 2491 2923 2552 hanc
2970 2507 3106 2551 cum

384 2573 680 2636 diametro
731 2583 796 2637 et
841 2576 1220 2639 nobilitatem
1267 2595 1382 2640 non
1430 2583 1688 2658 possunt
1733 2573 2077 2648 aestimare,
2128 2575 2243 2637 nisi
2292 2576 2388 2657 qni
2427 2575 2743 2640 Euclidem
2789 2577 3109 2640 triverunt.

385 2661 576 2725 Caret
623 2670 823 2724 autem
870 2664 985 2726 hac
1033 2666 1348 2729 nobilitate
1383 2663 1749 2743 sesquadrus
1797 2670 1863 2723 et
1889 2662 2337 2742 semiquadrus;
2387 2683 2534 2744 ergo
2564 2673 2707 2727 sunt
2740 2667 2875 2728 loco
2904 2665 3107 2728 tertio.

381 2751 536 2815 Post
581 2769 789 2815 omnes
835 2753 1104 2834 sequitur
1151 2755 1386 2817 demum
1431 2752 1725 2815 distantia
1777 2745 1969 2825 1500,
2038 2770 2220 2833 quae,
2283 2755 2429 2817 licet
2486 2754 2571 2817 sit
2620 2751 3109 2818 demonstrabilis

380 2860 490 2921 per
537 2842 928 2903 semisextum
975 2851 1039 2905 et
1085 2843 1460 2919 diametrum,
1511 2842 1736 2903 nullam
1792 2848 1997 2901 tamen
2056 2859 2132 2926 ex
2178 2844 2361 2905 dictis
2420 2843 2659 2905 obtinet
2706 2842 3110 2924 aptitudinem

383 2948 492 2992 nec
541 2929 956 3009 longitudinis,
1005 2950 1114 2993 nec
1165 2951 1364 3007 areae,
1415 2950 1524 2993 nec
1571 2931 1794 3010 figurae
1845 2928 1904 2989 iu
1950 2929 2133 3007 plano
2184 2932 2281 2993 vel
2328 2932 2545 2995 solido.

361 3034 367 3041 ·
564 3014 633 3092 3)
709 3016 1080 3089 Quaesivisti
1147 3021 1220 3081 de
1298 3019 1702 3083 latitudine
1781 3024 2241 3097 aspectuum,

382 3106 763 3194 potissimum
810 3108 869 3169 in
918 3108 1366 3171 directionibuS.
1448 3108 1601 3187 Ego,
1654 3124 1804 3186 quae
1853 3106 2239 3185 respondisse

379 3214 472 3257 me
517 3204 687 3274 puto,
735 3197 1042 3259 schemate
1073 3194 1175 3270 (6)
1223 3196 1561 3277 explicabo.
1653 3194 1754 3255 Sit
1779 3194 1894 3256 AB
1934 3194 2239 3273 zodiacus,

385 3280 455 3358 C,
485 3284 566 3355 D,
597 3282 652 3345 E
697 3284 1013 3364 planetae,
1065 3304 1266 3348 eorum
1314 3285 1447 3347 loca
1490 3285 1551 3346 in
1597 3282 1847 3345 zodiaco
1896 3283 2239 3363 (ecliptica)

379 3371 506 3435 sint
547 3372 597 3446 Ι,
630 3370 695 3446 S,
725 3371 806 3435 R.
904 3372 1058 3436 Cum
1105 3393 1248 3453 ergo
1293 3372 1374 3435 IS
1439 3373 1536 3433 vel
1581 3372 1676 3433 IR.
1729 3390 1905 3435 arcus
1953 3379 2049 3433 est
2096 3368 2237 3449 600,

380 3466 524 3522 tunc
571 3460 732 3523 inter
777 3459 828 3523 C
859 3470 921 3523 et
949 3462 1026 3537 D,
1074 3464 1172 3525 vel
1213 3460 1262 3524 C
1294 3468 1358 3523 et
1384 3462 1438 3523 E
1483 3460 1662 3539 vulgo
1693 3466 1943 3538 putatur
1978 3460 2236 3523 sextilis.
2307 3505 2310 3508 ψ

379 3548 472 3610 At
513 3549 628 3610 hoc
676 3548 915 3613 falsum.
1009 3550 1142 3614 Duc
1189 3550 1346 3612 enim
1391 3549 1508 3629 ipsi
1560 3548 1672 3611 AB
1717 3548 2047 3627 parallelas
2098 3548 2235 3624 KD,

383 3634 514 3712 OE,
564 3656 716 3719 quae
763 3639 822 3701 in
868 3640 1048 3717 globo
1097 3658 1209 3700 non
1243 3646 1384 3701 sunt
1409 3638 1597 3699 multo
1628 3636 1933 3698 breviores
1961 3636 2110 3715 ipsis
2138 3635 2239 3709 IS,

383 3724 488 3787 IR.
581 3726 764 3807 Ergo,
817 3729 981 3789 velut
1017 3726 1080 3789 in
1107 3730 1309 3808 plano,
1357 3728 1418 3788 iu
1468 3726 1818 3804 rectangulo
1851 3721 2043 3786 CKD
2074 3725 2239 3785 basis

386 3810 495 3876 CD
544 3823 642 3875 est
688 3815 921 3895 longior
968 3835 1148 3897 quam
1185 3816 1302 3878 KD
1348 3816 1446 3877 vel
1492 3814 1590 3889 IS,
1641 3823 1704 3875 et
1747 3814 1805 3874 in
1858 3810 2026 3876 OOE
2075 3812 2240 3875 basis

385 3900 492 3965 GE
542 3904 774 3983 longior
803 3924 979 3983 quam
1025 3902 1150 3965 OE
1195 3906 1296 3967 vel
1323 3904 1442 3967 IR.
1507 3902 1596 3965 Ut
1623 3903 1809 3983 igitur
1839 3908 2123 3982 aspectus
2160 3902 2245 3963 sit

2487 3085 2494 3091 ·
2590 3069 2760 3121 Fit-8.

244 3983 250 3990 “
381 3992 686 4072 perfectus
716 3988 839 4055 600
882 3993 1039 4055 inter
1085 3992 1134 4056 C
1176 4001 1241 4055 et
1275 3995 1352 4068 D,
1399 3992 1500 4054 vel
1548 3989 1598 4054 C
1647 3998 1711 4053 et
1755 3990 1828 4064 E,
1879 3997 2121 4070 oportet
2153 3989 2243 4054 IS
2287 3991 2384 4053 vel
2414 3990 2514 4053 IR
2726 4016 2821 4068 τις.
2852 4005 2896 4059 7.

381 4081 510 4142 fieri
555 4081 885 4143 breviores.
979 4080 1259 4161 Cognitis
1305 4082 1491 4161 igitur
1526 4080 1945 4143 latitudinibus
1990 4081 2369 4159 planetarum
2407 4078 2511 4153 CI,

382 4168 518 4243 DS,
549 4169 705 4245 RE,
759 4170 1071 4249 longitudo
1101 4169 1179 4231 IS
1209 4172 1306 4233 vel
1343 4170 1444 4233 1R
1477 4170 1565 4231 sic
1595 4168 2034 4248 compendiose,
2086 4169 2228 4229 licet
2264 4169 2321 4231 in
2354 4170 2509 4231 arti-

385 4256 665 4321 ficialiter
707 4276 816 4339 per
861 4260 1206 4339 generalem
1247 4259 1516 4337 regulam
1563 4258 1620 4320 in
1667 4265 1794 4319 tam
1843 4256 2045 4337 parvis
2094 4256 2511 4321 latitudinibus

387 4344 531 4406 nibil
576 4348 844 4409 notabile
872 4348 1200 4421 fallentem,
1251 4346 1596 4427 inquiritur:
1647 4346 1800 4407 adde
1844 4347 2003 4407 latus
2032 4345 2140 4408 DS
2186 4348 2283 4409 vel
2314 4346 2404 4409 ΚΙ
2432 4349 2511 4411 ad
2693 4411 2696 4412 γ
2753 4417 2806 4431 ,χ
2871 4413 2878 4418 ,
3037 4405 3038 4408 ,

390 4431 490 4508 CI,
541 4435 796 4497 efficitur
843 4434 974 4510 CK,
1025 4445 1087 4497 et
1131 4437 1530 4497 constituatur
1561 4434 1672 4498 CD
1711 4428 1852 4497 600.
1935 4434 2147 4496 Diviso
2184 4434 2367 4513 igitur
2402 4454 2509 4497 se-
2827 4427 2878 4448 ’”’

390 4528 566 4583 cante
615 4521 725 4585 CD
771 4541 880 4603 per
926 4532 1234 4586 secantem
1281 4523 1420 4599 CK,
1471 4524 1674 4603 prodit
1711 4541 1929 4584 secans
1975 4523 2095 4584 KD
2140 4524 2237 4585 vel
2265 4522 2374 4599 183
2423 4526 2511 4588 sic

387 4606 504 4671 ER
539 4611 934 4687 latitudinem,
985 4613 1044 4674 h.
1086 4632 1139 4676 e.
1174 4611 1278 4687 01,
1329 4614 1499 4675 aufer
1544 4633 1582 4673 a
1631 4608 1732 4684 CI,
1781 4620 1987 4675 manet
2034 4610 2165 4675 CO.
2260 4609 2511 4675 Consti-

392 4705 596 4761 tuatur
649 4696 756 4763 ΟΕ
791 4723 869 4753 ---·
902 4696 1052 4777 60ος
1099 4701 1312 4765 -diviso
1359 4701 1542 4781 igitur
1587 4708 1833 4762 secante
1883 4696 2001 4762 ΟΕ
2044 4720 2155 4781 per
2201 4710 2511 4763 secantem
2559 4700 2701 4779 CO,
2748 4705 2953 4787 prodit
2995 4726 3103 4769 se·-

391 4806 538 4849 cans
587 4786 698 4849 OE
727 4789 823 4851 vel
851 4788 961 4851 IR.
1013 4820 1094 4831 —
1144 4790 1244 4853 Sit
1271 4790 1403 4870 jam
1452 4788 1611 4870 (Fig.
1643 4789 1736 4865 7.)
1773 4787 1891 4850 FG
1926 4789 2190 4866 horizon,
2238 4790 2422 4852 FMA
2454 4791 2756 4869 zodiacus,
2806 4796 2861 4857 L
2898 4796 3103 4871 stella,

391 4876 557 4941 locus
605 4878 734 4959 ejus
781 4876 844 4939 in
887 4878 1135 4941 zodiaco
1163 4878 1242 4942 Η.
1331 4876 1558 4943 Centro
1603 4880 1678 4957 L,
1725 4878 1897 4943 radio
1942 4878 2064 4941 LM
2080 4926 2098 4953 ,
2144 4876 2245 4960 qui
2289 4878 2376 4942 sit
2419 4875 2503 4943 60
2516 4872 2558 4958 0,
2604 4881 2905 4947 scribatur
2946 4880 3103 4961 MG,
