3634 5575
1462 402 1633 445 contra
1670 390 1866 443 Unum.
2899 374 3030 455 275

302 549 468 609 dere.
562 544 709 609 Stat
758 547 963 627 itaque
1022 549 1279 611 assertio
1326 550 1471 613 Ursi
1526 550 1697 613 firma
1752 559 1817 612 et
1870 550 2192 613 immobilis
2253 558 2326 611 ut
2379 568 2587 613 currus
2648 550 2824 613 unica
2883 563 3022 614 rota

300 637 541 699 scilicet
593 637 903 699 subnixus.
994 637 1155 700 Nam
1211 639 1263 700 si
1326 648 1563 718 partem
1609 645 1830 713 totum,
1897 638 1953 711 si*
1997 638 2111 699 duo
2157 638 2371 717 viginti
2427 658 2562 700 esse
2621 642 3017 717 persuaserit,

302 726 421 787 hec
477 739 709 805 quoque
763 726 921 804 quod
986 726 1380 788 contenderat
1444 726 1759 789 obtinebit.
1854 726 2128 805 Denique
2185 727 2342 787 sicut
2397 736 2582 789 antea
2627 728 3019 807 Apollonium

304 814 523 893 negavi
580 812 953 891 professione
1010 814 1197 876 fuisse
1254 821 1689 889 astronomum,
1770 832 1954 894 quare
2012 834 2202 894 neque
2258 832 2366 894 pro
2425 822 2668 877 auctore
2733 834 3034 898 novarum·

306 901 733 983 hypothesium
779 901 1117 963 habendum
1163 904 1481 965 contendi:
1542 904 1631 965 ita
1676 904 1773 965 hic
1821 904 1978 965 idem
2027 904 2218 964 multo
2264 905 2500 983 quidem
2549 902 2871 966 efficaciori
2921 926 3022 966 ax·-

306 997 595 1069 gumento
642 1008 849 1069 urgeo.
940 991 1100 1053 Nam
1160 991 1277 1053 etsi
1311 992 1621 1071 Apollonii
1678 992 1992 1071 problema
2039 992 2112 1052 de
2181 992 2326 1053 solis
2383 993 2751 1055 stationibus
2805 994 3018 1073 plane-

308 1088 514 1141 tarum
559 1078 703 1154 fuit,
762 1079 969 1141 horum
1016 1096 1159 1141 vero
1206 1090 1521 1142 auctorum
1568 1080 1972 1159 cogitationes
2029 1080 2090 1141 in
2137 1088 2273 1141 tota
2325 1081 2638 1141 machinae
2685 1083 3019 1144 mundanae

310 1168 505 1229 forma
552 1176 891 1246 vagantur:
948 1168 1051 1229 ille
1110 1176 1315 1243 tamen
1364 1187 1511 1230 suae
1570 1169 1935 1230 inventionis
1984 1169 2300 1247 (quantum
2362 1169 2475 1229 sibi
2523 1178 2832 1247 geometra
2876 1190 3019 1249 pro-

308 1258 633 1340 posuerat),
674 1264 885 1322 auctor
930 1256 1155 1337 primus
1202 1257 1415 1319 merito
1466 1258 1832 1319 celebratur:
1892 1257 1954 1317 hi
2002 1257 2234 1318 alienas
2281 1256 2355 1317 de
2403 1258 2622 1319 mundo
2670 1259 3018 1337 conceptio-

306 1364 417 1406 nes
466 1344 541 1405 de
584 1343 887 1405 industria
933 1346 1361 1408 consarcinant
1408 1345 1595 1425 iisque
1646 1366 1758 1407 sua
1805 1364 1992 1423 opera
2041 1354 2357 1418 exornant,
2405 1364 2516 1406 nec
2555 1345 2672 1407 sibi
2711 1356 3017 1426 arrogant,

305 1433 363 1495 si
407 1451 605 1512 pauca
636 1433 709 1493 ‘in
756 1433 953 1495 Plinio
1002 1435 1271 1515 excipias
1294 1482 1311 1508 ,
1370 1453 1521 1514 quae
1570 1434 1673 1495 ille
1722 1454 1761 1493 a
1807 1434 2090 1495 Vitruvio
2137 1440 2414 1495 mutuata
2459 1450 2574 1495 non
2623 1452 2846 1515 magna
2891 1436 3019 1514 ejus

304 1522 531 1601 injuria
576 1522 933 1595 dissimulat,
984 1540 1116 1583 cum⁴
1162 1531 1411 1603 uterque
1460 1522 1772 1583 erraverit.
1868 1522 2226 1601 Apollonius
2270 1522 2509 1582 landem
2535 1521 2761 1599 ingenii
2812 1525 3020 1585 etad-

306 1610 689 1671 mirationem
738 1609 995 1671 omnium
1046 1610 1437 1672 subtilissima
1485 1622 1549 1672 et
1596 1611 1916 1671 verissima
1949 1608 2358 1689 speculatione
2389 1611 2636 1671 meruit:
2687 1608 2749 1671 hi
2780 1620 3022 1673 scatent

307 1698 611 1761 erroribus
660 1705 722 1759 et
766 1696 1029 1782 gratiam
1076 1700 1311 1779 quidem
1358 1700 1585 1761 habent
1640 1699 2136 1761 transmissarum
2194 1699 2278 1759 ad
2321 1718 2432 1761 nos
2481 1698 2578 1759 vel
2625 1708 3020 1765 conservata·-

307 1806 441 1851 rum
488 1788 725 1849 illarum
770 1788 1273 1867 speculationum:
1335 1788 1699 1868 peculiarem
1736 1806 1884 1848 vero
1929 1788 2184 1867 gloriam
2231 1806 2344 1848 nec
2389 1786 2508 1847 sibi
2553 1806 2662 1849 nec
2710 1789 3024 1867 magistris

308 1875 437 1937 suis
484 1876 887 1937 redemerunt.
981 1876 1145 1936 Male
1192 1876 1504 1938 nobiscum
1550 1886 1798 1955 agatur,
1861 1876 1910 1936 si
1960 1877 2286 1937 etiamnum
2333 1875 2704 1937 astronomia
2748 1876 2808 1937 in
2845 1884 3025 1939 tanta

306 1964 733 2026 incertitudine
782 1971 1073 2036 versetur,
1122 1965 1176 2025 si
1220 1973 1455 2026 tantum
1504 1966 1830 2026 etiamnum
1877 1964 1936 2025 in
1984 1965 2092 2026 illa
2122 1963 2589 2038 desideraretur,
2641 1963 2694 2025 si
2739 1964 3019 2027 latitudi-

310 2072 479 2128 num,
548 2054 599 2113 si
660 2052 1083 2131 evagationum
1143 2053 1402 2115 Veneris
1471 2060 1535 2113 et
1592 2052 1874 2113 Mercurii
1941 2052 2204 2131 cognitio
2263 2070 2378 2112 non
2436 2052 2690 2113 certior:
2757 2053 2810 2113 si
2857 2052 3021 2115 Solis

310 2141 621 2203 circuitum
668 2142 993 2203 etiamnum
1038 2142 1320 2203 inflexum
1370 2148 1434 2202 et
1478 2148 1815 2203 contortum
1863 2148 2173 2223 putemus:
2225 2140 2275 2201 si
2307 2159 2524 2201 causas
2573 2158 2767 2201 rerum
2815 2150 3021 2203 astro-

310 2230 681 2291 nomicarum
728 2248 845 2290 non
891 2229 1169 2291 meliores
1216 2229 1563 2305 habeamus,
1614 2250 1792 2309 quam
1836 2230 1912 2291 ab
1943 2229 2065 2291 illis
2097 2229 2429 2291 didicimus.
2524 2229 2618 2290 Ac
2665 2229 2783 2289 nisi
2812 2228 3021 2310 Tycho

308 2318 425 2392 his,
476 2338 627 2398 quas
674 2318 789 2380 sibi
834 2318 1047 2379 merito
1093 2318 1383 2391 vindicat,
1434 2317 1866 2401 hypothesibus
1915 2318 2348 2379 astronomiam
2396 2316 2572 2377 nobis
2599 2318 3020 2395 perfectiorem

314 2405 655 2480 tradiderit,
708 2424 885 2486 quam
931 2406 1017 2467 illi
1066 2406 1395 2485 reliquere:
1462 2425 1577 2467 non
1626 2408 1982 2485 deprecatur
2036 2406 2306 2485 quamvis
2351 2413 2544 2467 totum
2591 2406 2692 2467 ille
2738 2408 3022 2469 mundum

314 2497 661 2576 complexus
708 2495 808 2567 sit,
858 2494 998 2574 quin
1042 2494 1471 2556 'meditationes
1522 2514 1665 2555 suae
1712 2494 1870 2555 inter
1916 2494 2196 2555 Pliniana
2240 2495 2528 2573 figmenta
2571 2494 2912 2556 referantur
2956 2506 3022 2558 et

316 2583 565 2664 indigna
610 2583 967 2656 habeantur,
1017 2584 1231 2663 quibus
1277 2583 1689 2665 hypotheseon
1736 2582 2273 2673 astronomicarum
2321 2602 2536 2643 nomen
2582 2582 2900 2645 tribuatur.

492 2672 616 2734 Sed
665 2672 817 2733 alios
864 2672 1108 2751 insuper
1152 2672 1428 2751 producit
1472 2680 1752 2733 auctores
1800 2671 2224 2751 Tychonianae
2272 2671 2704 2751 hypotheseos3
2751 2690 2866 2733 non
2907 2692 3040 2757 so-l

316 2762 407 2824 los
454 2761 543 2823 illi
589 2768 952 2840 geometras,
997 2761 1300 2842 physicos,
1351 2761 1737 2834 architectos,
1788 2759 2078 2821 historiae
2117 2760 2354 2822 navalis
2383 2759 2730 2840 scriptores,
2777 2768 3011 2840 poetas,

310 2850 762 2930 grammaticos,
812 2851 1214 2911 astronomiae
1261 2851 1569 2930 imperitos
1618 2849 1859 2928 objicit:
1911 2867 2058 2928 quos
2089 2857 2301 2910 contra
2340 2848 2824 2911 dissimilitudine
2871 2871 3016 2930 pro-

310 2939 597 3000 fessionis
654 2938 1283 3019 excipiat:,sequitur
1340 2948 1405 3000 et
1451 2948 1964 3012 astronomus,
2034 2947 2512 2999 astronomorum
2550 2937 2808 3000 omnium
2874 2950 3017 3018 post

310 3027 728 3090 Ptolemaeum
776 3027 1231 3102 celeberrimus,
1284 3048 1393 3090 nec
1442 3027 1699 3089 scientia
1733 3034 2006 3098 tantum,
2073 3027 2179 3086 sed
2231 3035 2291 3086 et
2340 3034 2559 3087 eventu
2605 3027 2804 3088 clarus
2849 3028 3016 3089 edito

309 3117 883 3178 Revolntionum
938 3117 1381 3178 coelestium
1430 3135 1639 3196 opere,
1696 3116 1850 3176 unde
1909 3115 2152 3176 tabulae
2215 3115 2526 3176 derivatae
2574 3123 2740 3188 sunt,
2798 3117 3013 3195 quibus

308 3205 489 3268 hodie
538 3205 600 3266 in
648 3225 790 3267 usus
836 3205 1303 3284 Ephemeridum
1352 3205 1613 3284 receptis
1660 3205 1922 3283 priorum
1964 3203 2204 3264 tabulae
2237 3205 2588 3284 antiquatae
2619 3211 2776 3264 sunt.
2855 3208 3010 3284 Age,

308 3294 485 3369 Urse,
533 3295 725 3356 virum
772 3301 833 3354 te
879 3301 1157 3372 praesta:
1216 3302 1443 3357 rectam
1490 3295 1647 3354 enim
1694 3293 1853 3352 viam
1900 3291 2152 3354 insistis.
2247 3292 2389 3366 Dic,
2443 3311 2581 3370 age,
2633 3291 2821 3352 fuitne
2872 3293 3012 3355 Co-

306 3383 667 3464 pernicus
723 3382 993 3464 Tychoni
1061 3391 1577 3462 praemonstrator
1642 3400 1785 3442 suae
1853 3381 2298 3460 hypotheseos?
2389 3379 2512 3441 Sed
2577 3399 2709 3440 cum
2770 3380 3012 3455 dixeriS,

308 3471 679 3547 memineriS‚
743 3479 944 3533 tecum
1002 3472 1144 3533 mihi
1202 3491 1325 3533 rem
1382 3472 1644 3532 futuram
1698 3469 1936 3548 tuisque
2002 3488 2136 3529 cum
2183 3469 2416 3536 verbis,
2483 3486 2602 3528 non
2663 3486 2796 3528 cum
2853 3471 3010 3534 aliis.

308 3563 470 3623 Nam
514 3568 585 3622 ut
628 3579 813 3640 supra
857 3578 1087 3640 quoque
1135 3561 1337 3622 innui:
1396 3567 1537 3639 post
1583 3558 1866 3636 vulgatas
1915 3555 2233 3636 Copernici
2281 3556 2648 3637 hypotheses
2693 3575 2809 3618 non
2859 3577 3012 3638 nego

308 3669 445 3712 esse
491 3659 556 3710 et
601 3650 787 3711 fuisse
833 3650 1073 3724 multos,
1124 3669 1272 3730 quos
1320 3649 1476 3710 inter
1522 3666 1586 3708 se
1634 3647 2195 3708 Rothomannus
2241 3646 2586 3726 profitetur:
2637 3646 2850 3725 quibus
2884 3643 3010 3708 Co-

308 3740 670 3820 pernicanae
726 3738 1133 3820 hypotheseos
1191 3737 1621 3816 contemplatio
1668 3735 1926 3814 digitum
1983 3735 2242 3797 intendit
2289 3735 2364 3795 ad
2413 3733 2662 3794 eandem
2709 3746 2845 3796 cum
2883 3734 3009 3816 Ty-

308 3829 499 3891 chone
544 3829 709 3890 viam
753 3827 1239 3907 ingrediendam:
1290 3845 1533 3906 quorum
1580 3824 1879 3900 neminem
1926 3844 2038 3885 sua
2069 3825 2244 3885 laude
2271 3823 2620 3902 privandum
2651 3823 3009 3898 existimem,

308 3917 427 3980 etsi
475 3917 607 3999 quis
666 3917 726 3977 in
776 3916 889 3978 hoc
938 3916 1221 3996 Tychone
1276 3922 1667 3994 praeceptore
1725 3931 1841 3974 non
1891 3914 2071 3974 fuerit
2129 3932 2290 3974 usuS.
2387 3910 2675 3980 Quamvis
2724 3912 3009 3993 Tychoni,

306 4026 441 4068 cum
496 4025 671 4068 suam
732 4012 1049 4085 quaereret
1093 4004 1483 4084 hypothesin,
1552 4021 1668 4062 non
1728 4002 1910 4063 fuerit
1966 4002 2024 4063 in
2084 4003 2280 4062 animo
2330 3998 2877 4079 Copernicanarum
2934 4003 3008 4062 ad

305 4095 526 4156 Terrae
584 4093 1063 4156 immobilitatem
1116 4093 1439 4162 traductiO,
1493 4091 1584 4152 uti
1632 4090 1797 4165 aliis,
1858 4091 1965 4151 sed
2021 4090 2240 4151 Martis
2300 4089 2360 4151 in
2415 4090 2789 4169 oppositione
2846 4087 3010 4152 Solis

308 4185 386 4245 ad
442 4185 693 4245 Terram
751 4181 1287 4262 appropinquati0‚
1350 4180 1751 4262 epicyclorum
1818 4180 1894 4239 ad
1943 4177 2149 4240 Solem
2209 4178 2485 4256 alligatio
2545 4185 2610 4238 et
2662 4179 2719 4239 in
2777 4197 3010 4240 summa

308 4273 520 4334 eadem
567 4291 740 4357 pene,
792 4290 943 4351 quae
976 4269 1309 4350 Copernico
1346 4270 1511 4348 prius
1558 4269 1797 4330 fuerant
1842 4267 2170 4346 proposita.
2265 4267 2360 4328 Ac
2397 4285 2530 4327 cum
2560 4266 2676 4344 ipsi
2723 4267 2884 4327 viam
2932 4267 3008 4327 ad

308 4379 481 4420 suam
536 4360 896 4442 hypothesin
960 4357 1421 4436 intersepsisset
1474 4357 1703 4418 orbium
1763 4357 1916 4417 falso
1966 4356 2208 4434 jactata
2264 4353 2568 4427 soliditas,
2637 4355 3008 4416 commodum

306 4449 683 4509 intervenere
730 4457 1021 4524 cometae,
1073 4447 1172 4526 qui
1220 4455 1567 4506 transcursu
1616 4463 1721 4506 suo
1771 4444 1910 4506 illas
1957 4444 2281 4505 solidorum
2313 4443 2539 4503 orbium
2579 4442 2828 4504 nebulas
2878 4443 3009 4503 dis-

306 4542 585 4600 cuterent
648 4545 713 4597 et
766 4537 1195 4616 impedimenta
1250 4533 1675 4614 Tychonianae
1741 4532 2148 4612 hypotheseos
2215 4533 2514 4592 tollerent.
2611 4530 2785 4592 Adde
2853 4532 3008 4610 quod

302 4645 421 4688 non
488 4626 621 4687 sola
683 4625 743 4685 in
801 4624 1163 4706 Tychonicis
1220 4621 1476 4684 mutatio
1542 4631 1606 4682 et
1669 4621 2062 4699 transpositio
2121 4619 2666 4698 Copernicauarnm
2713 4627 2836 4690 est,
2899 4618 3007 4680 sed

302 4715 496 4778 multa
538 4731 699 4776 nova
742 4712 1187 4792 peculiariaque
1245 4729 1320 4770 ex
1377 4709 1748 4788 apparentiis
1794 4709 1944 4788 ipsis
2001 4709 2289 4782 deducta,
2348 4725 2500 4786 quae
2539 4705 2590 4766 si
2639 4703 3008 4784 Copernicus

302 4822 591 4883 usurpare
636 4801 807 4876 velit,
856 4819 1027 4862 suam
1070 4801 1201 4879 ipse
1250 4799 1609 4880 hypothesin
1657 4798 1924 4876 corrigat
1969 4805 2034 4856 et
2069 4798 2344 4858 immutet
2387 4813 2636 4856 necesse
2677 4803 2800 4870 est,
2849 4797 3006 4876 quod

302 4911 415 4975 ego
463 4893 723 4972 quidem,
774 4889 873 4972 qui
922 4887 1321 4970 Copernicum
1366 4887 1426 4948 in
1476 4885 1840 4966 capitalibus
1887 4905 2120 4968 sequor,
2172 4883 2510 4946 faciendum
2546 4901 2781 4946 censeo.

2467 4973 2613 5038 18*¹
