3634 5575
1477 369 1644 438 Caput
1675 369 1806 429 XIX.
1842 371 1949 426 XX.
2950 325 3077 444 *173

1478 581 1716 679 Caput
1766 577 1947 658 XX.

989 739 1174 817 Quae
1211 739 1300 802 sit
1332 737 1668 822 proportio
1701 747 1985 803 motuum
2019 739 2110 802 ad
2154 743 2349 804 orbes.
2380 745 2435 817 ⁸)

529 882 736 962 Atque
785 881 1080 942 hactenus
1127 880 1367 961 quidem
1412 879 1756 958 expeditum
1805 888 1903 942 est
1950 891 2363 960 argumentum
2410 883 2576 958 illud,
2628 902 2743 963 quo
2775 904 2886 965 ego
2933 888 3069 966 plu-

355 971 565 1033 rimum
629 969 862 1031 roboris
930 969 1129 1032 afferri
1184 977 1330 1049 puto
1391 969 1628 1030 novatis
1687 969 2158 1049 hypothesibus,
2228 972 2847 1052 demonstratumque,
2914 977 3073 1056 quod

351 1059 736 1140 proportione
785 1057 1042 1138 quinque
1088 1055 1453 1138 regularium
1499 1075 1808 1135 corporum
1860 1066 2107 1120 utantur
2135 1057 2488 1136 ἆποςηματα
2518 1061 2790 1122 orbium
2774 1081 2832 1124 m
2874 1064 3071 1146 hypo-

353 1146 628 1210 thesibus
670 1144 1007 1227 Oopernici.
1075 1147 1412 1208 Videamus
1459 1145 1658 1214 modo,
1708 1153 1907 1207 utrum
1953 1147 2145 1208 altero
2195 1148 2377 1209 etiam
2416 1157 2767 1229 argumento
2816 1171 2893 1212 ex
2938 1173 3071 1216 mo-

352 1235 511 1298 tibus
559 1235 816 1297 deducto
862 1234 1099 1314 possint
1145 1243 1208 1296 et
1251 1245 1446 1296 novae
1493 1233 1861 1315 hypotheses
1906 1243 1973 1296 et
2017 1235 2131 1296 hae
2175 1237 2347 1317 ipsae
2388 1237 2621 1300 orbium
2671 1237 3073 1304 dimensiones

352 1323 802 1404 Copernicanae
847 1324 1203 1397 confirmari,
1249 1329 1431 1403 atque
1477 1322 1539 1382 in
1583 1322 1971 1402 proportione
2018 1331 2283 1387 motuum
2329 1327 2406 1388 ad
2450 1323 2802 1405 ἀποςηματα
2848 1331 3071 1392 certior
3128 1353 3135 1361 ·

351 1413 507 1490 ratio
553 1432 631 1474 ex
678 1411 1031 1496 Cepernico,
1085 1431 1262 1492 quam
1310 1429 1386 1472 ex
1435 1409 1680 1472 usitatis
1725 1411 2184 1492 hypothesibus,
2232 1413 2459 1478 haberi.
2554 1413 2693 1485 Qua
2730 1417 2787 1479 in
2820 1437 2883 1481 re
2932 1418 3069 1480 dum

351 1501 774 1581 amplitudines
823 1501 1049 1562 orbium
1106 1501 1410 1580 proximas
1460 1497 1893 1580 Copernicanis
1950 1518 2026 1561 ex
2073 1509 2337 1563 motuum
2384 1509 2734 1580 περιοδικοις
2782 1507 3070 1586 tempori-

353 1589 462 1652 bus
508 1589 660 1654 bene
709 1589 972 1669 cognitis
1020 1600 1286 1662 exstrue,
1338 1586 1473 1647 fave
1525 1587 1720 1651 facilis
1749 1588 1973 1650 Uranie
2019 1590 2417 1668 pulcherrimo
2457 1593 2715 1668 conatui,
2765 1602 2905 1656 tuus
2942 1597 3071 1675 jam

349 1679 536 1742 honos
583 1679 802 1758 agitur.

523 1767 794 1830 Primum
849 1783 1055 1828 omnes
1114 1770 1359 1844 optant,
1425 1770 1494 1825 ut
1550 1782 1663 1844 quo
1713 1764 1945 1843 longius
2001 1766 2254 1846 quilibet
2318 1768 2481 1829 orbis
2538 1767 2713 1830 abest
2775 1789 2812 1830 a
2856 1771 3071 1848 medio,

347 1865 520 1920 tanto
576 1855 832 1918 tardiori
885 1861 1049 1916 motu
1109 1852 1369 1915 incedat.
1451 1852 1620 1916 Nihil
1675 1853 1835 1914 enim
1894 1854 2113 1916 rationi
2176 1856 2373 1936 magis
2430 1864 2527 1918 est
2582 1866 3071 1936 consentaneum,

349 1953 512 2008 teste
557 1945 753 2008 Arist.
814 1944 918 2008 lib.
965 1941 1048 2005 H.
1097 1942 1171 2002 de
1221 1938 1408 2004 Coelo
1455 1960 1588 2020 cap.
1643 1937 1744 2006 10.
1804 1960 1981 2022 quam
2047 1965 2195 2006 κατα
2250 1947 2420 2022 λογον
2462 1950 2755 2026 muudus
2797 1969 2906 2023 τας
2949 1943 3073 2011 ὅκα-

349 2055 459 2110 eoo
512 2055 758 2111 κινησοις
806 2053 930 2104 τοις
984 2029 1348 2108 ἀποςημασι.
1442 2027 1575 2102 Quo
1636 2031 1766 2092 loco
1824 2031 1944 2092 etsi
1998 2031 2391 2113 philosophus
2449 2034 2705 2096 alienam
2763 2037 2941 2098 affert.
2994 2039 3072 2100 ab

351 2123 631 2186 instituto
687 2129 898 2184 nostro
957 2120 1254 2181 rationem
1313 2119 1597 2190 alteram,
1665 2120 1902 2182 scilicet
1956 2119 2445 2200 impedimentum
2514 2123 2588 2182 ab
2656 2125 3071 2188 occursatione

350 2209 749 2293 pernicissimi
794 2208 971 2290 primi
1019 2207 1282 2282 mobilis,
1351 2215 1553 2270 tamen
1603 2217 1668 2268 et
1723 2209 1920 2270 altera
1972 2209 2205 2271 ratione
2252 2228 2360 2290 pro
2416 2229 2509 2272 me
2566 2211 2761 2274 adhuc
2814 2223 2880 2276 et
2940 2223 3073 2276 tota

349 2299 661 2374 sententia
705 2307 920 2362 contra
963 2297 1378 2360 Ptolemaeum
1427 2303 1754 2377 contraque
1803 2315 1871 2359 se
1918 2297 2113 2376 ipsum
2158 2297 2399 2360 militat.
2492 2298 2707 2362 Placet
2762 2300 2848 2362 illi
2896 2321 3073 2364 nam-

349 2409 481 2470 que,
531 2396 734 2451 motus
781 2386 1216 2468 aequalitatem
1262 2405 1300 2446 a
1352 2385 1682 2446 motoribus
1727 2384 1787 2446 in
1836 2404 2043 2446 omnes
2090 2386 2265 2448 orbes
2306 2386 2525 2464 venire,
2574 2388 3069 2468 inaequalitatem

347 2479 578 2543 reditus
625 2477 700 2538 ab
749 2476 992 2539 orbibus
1039 2473 1188 2553 ipsis
1238 2472 1504 2535 causari:
1554 2481 1622 2534 ut
1667 2471 1919 2535 Saturni
1966 2474 2201 2553 quidem
2248 2475 2556 2556 quaelibet
2591 2475 2891 2556 particula
2938 2486 3067 2542 tam

349 2569 432 2630 sit
485 2567 694 2640 velox,
766 2583 944 2645 quam
1003 2572 1101 2626 est
1153 2562 1357 2624 infima
1409 2562 1618 2622 Lunae
1685 2562 1948 2641 sphaera
2011 2561 2071 2621 vi
2126 2563 2405 2626 motionis
2462 2567 2761 2645 aequalis:
2827 2567 2935 2628 sed
2982 2567 3071 2630 illi

342 2657 470 2737 jam
518 2655 779 2727 accidat,
829 2663 897 2716 ut
943 2651 1200 2731 amplius
1247 2658 1433 2712 nacta
1476 2649 1755 2730 spatium,
1806 2669 1939 2712 cum
1984 2668 2101 2712 non
2148 2651 2391 2714 citatior
2436 2653 2519 2714 sit
2546 2655 2786 2728 ceteris,
2837 2657 3071 2718 tardius

349 2746 584 2809 redeat.
687 2742 880 2824 Atqui
945 2740 1138 2805 viliori
1205 2740 1318 2803 bac
1383 2738 1752 2821 aequalitate
1817 2739 2211 2821 philosophus
2254 2739 2334 2813 ‚in
2404 2750 2674 2806 veterum
2744 2744 3069 2807 traditione

352 2834 532 2915 potiri
569 2852 686 2897 non
735 2831 964 2914 potuit,
1015 2831 1156 2911 quia
1200 2847 1452 2891 necesse
1499 2839 1659 2904 erat,
1709 2837 1778 2891 ut
1823 2829 2015 2890 tribus
2058 2829 2323 2907 planetis
2369 2830 2769 2911 inaequalium
2818 2834 3067 2909 orbium,

353 2923 504 2997 Soli,
554 2922 812 2997 Veneri,
862 2919 1162 2983 Mercurio
1208 2919 1494 2999 aequales
1541 2918 1774 2979 reditus
1821 2918 2186 2994 tribuerent,
2237 2926 2416 2998 atque
2464 2920 2552 2982 sic
2598 2939 2837 3001 semper
2882 2941 3067 3003 supe--=

349 3012 570 3074 riorem
615 3012 674 3073 in
721 3011 866 3073 orbe
915 3027 1022 3071 suo
1067 3008 1408 3071 citatiorem
1457 3007 1766 3069 efficerent
1793 3006 2077 3069 inferiori.
2168 3008 2238 3069 In
2271 3004 2603 3088 Copernico
2640 3010 2836 3089 prima
2872 3012 3069 3075 fronte

351 3101 498 3162 talis
547 3100 724 3161 offert
768 3117 906 3160 sese
953 3097 1278 3177 proportio.
1371 3095 1530 3159 Nam
1573 3114 1684 3157 sex
1729 3094 1958 3158 orbium
1986 3094 2295 3158 mobilium
2330 3114 2567 3177 semper
2612 3098 2711 3178 qui
2758 3099 3071 3179 angustior

347 3197 464 3262 est,
515 3190 694 3251 citius
741 3186 918 3249 redit.
1011 3186 1298 3247 Mercurii
1345 3202 1598 3264 namque
1645 3204 1857 3247 cursus
1884 3184 2211 3247 trimestris
2249 3193 2363 3261 est,
2413 3186 2675 3249 Veneris
2724 3188 3067 3269 sesquiocto

345 3277 668 3348 mensium,
731 3277 958 3338 Terrae
1005 3292 1266 3347 annuus,
1333 3272 1555 3335 Martis
1601 3272 1825 3349 bimus,
1892 3272 2065 3336 Jovis
2112 3274 2453 3350 duodecim,
2520 3273 2769 3338 Saturni
2814 3277 3070 3357 triginta

349 3384 660 3430 annorum.
759 3366 982 3426 Verum
1031 3362 1080 3423 si
1130 3362 1208 3424 ad
1255 3362 1517 3424 calculos
1563 3380 1833 3439 revoces,
1880 3363 1971 3423 ita
2016 3369 2085 3425 ut
2131 3371 2357 3443 quanta
2402 3368 2498 3424 est
2532 3365 2839 3444 proportio
2868 3376 3069 3429 motus

347 3454 599 3517 Saturni
644 3453 722 3515 ad
789 3452 1078 3515 ambitum
1143 3451 1306 3513 orbis
1371 3450 1501 3511 sive
1548 3450 1625 3511 ad
1688 3451 2041 3513 distantiam
2104 3451 2348 3524 (eadem
2409 3452 2566 3514 enim
2613 3462 2709 3516 est
2760 3456 3067 3535 proportio

346 3544 718 3617 circulorum,
769 3561 920 3621 quae
951 3539 1581 3613 semidiametrorum),
1627 3546 1865 3601 tantam
1894 3540 2079 3601 etiam
2116 3540 2306 3602 facias
2350 3541 2797 3621 proportionem
2824 3552 3067 3607 cetero-

349 3651 482 3693 rum
508 3640 776 3695 motuum
822 3630 1110 3708 cuiusque
1157 3629 1233 3691 ad
1283 3647 1451 3690 suum
1499 3630 1737 3690 orbem:
1786 3628 2201 3708 deprehendes
2232 3628 2525 3712 ejus-modi
2560 3630 2893 3710 simplicem
2921 3652 3068 3714 pro-

343 3722 682 3801 portionem
729 3738 845 3781 non
892 3718 1116 3781 habere
1164 3717 1378 3779 locum.
1476 3714 1666 3796 Cujus
1711 3716 1798 3777 rei
1846 3736 1995 3798 cape
2042 3716 2197 3778 hanc
2244 3717 2533 3779 tabellam
2578 3718 2859 3783 indicem.

745 3915 936 4083 1)16815
967 4038 1083 4081 scr.
1133 3998 1138 4046 ³
1331 4000 1393 4075 ΊΙ-
1544 3922 1590 4097 ⁴
1922 3922 1927 4060 Ι
2262 3922 2269 4204 ¹

2600 3924 2609 4221 ἑ

560 4112 651 4208 15·
745 4124 1136 4220 1075912
1131 4097 1357 4171 Dies
1409 4128 1524 4170 scr
1581 4101 1588 4162 ³
1731 4098 1782 4161 0'
1920 4098 1929 4186 Ι

459 4294 462 4301 ,
540 4218 602 4294 21
784 4214 959 4280 6159
1128 4167 1364 4296 ‚¹4332
1441 4212 1584 4279 37
1592 4196 1762 4259 Dies
1795 4205 1927 4282 ser-‚¹
2072 4182 2121 4254 ὃ
2262 4250 2268 4292 ,

457 4338 464 4414 ,
551 4316 602 4378 8
793 4302 958 4369 1785
1127 4317 1132 4396 i
1197 4302 1361 4368 1282
1619 4298 1748 4367 686
1801 4301 1886 4368 59
1921 4249 2101 4349 '·Dies
2134 4297 2269 4349 scr*

457 4419 464 4520 Ι
547 4400 597 4473 ὃ
790 4391 957 4456 1174
1126 4423 1130 4436 ·
1229 4389 1359 4456 843
1574 4389 1746 4455 ³452
1920 4350 2091 4458 1365
2146 4394 2267 4469 15
2277 4268 2463 4439 Die?
2474 4396 2606 4450 scr
2754 4362 2801 4441 u

549 4485 598 4559 ς)
825 4480 957 4547 844
1229 4479 1358 4544 606
1571 4453 1580 4594 j
1619 4476 1746 4543 325
1920 4480 2092 4545 1262
2143 4473 2266 4547 3ο
2302 4480 2433 4546 224
2478 4480 2566 4545 42
2397 4435 2786 4528 *1)144.
2812 4485 2930 4530 sor.
2954 4555 3059 4567 —

455 4528 464 4659 Ι
557 4576 602 4652 8
1230 4566 1356 4633 312
1629 4566 1751 4631 167
1918 4547 2091 4655 1135
2260 4556 2431 4651 ῗ115
2600 4495 2786 4659 187
2803 4548 2949 4653 581

510 4789 626 4853 Hic
689 4788 894 4871 capita
959 4788 1404 4851 columellamm
1476 4787 1790 4850 continent
1862 4786 1993 4850 dies
2066 4794 2133 4849 et
2186 4786 2414 4849 dierum
2468 4785 2779 4865 scrupula,
2844 4784 3059 4864 quibus

341 4878 796 4963 superinscripti
839 4878 1124 4962 planetae
1171 4877 1282 4940 sub
1329 4877 1472 4940 orbe
1519 4877 1769 4940 stellato
1815 4894 1961 4940 suas
1997 4876 2276 4963 periodos
2323 4877 2665 4958 complent·
2732 4882 3058 4955 sequentes
