3634 5575
549 369 684 437 374·
1389 372 1592 422 Literae
1625 370 1833 436 Kepleri
1868 370 2171 434 fflorumque
2204 375 2410 422 mutuae

551 531 807 594 necdum
853 529 1058 605 finita,
1119 530 1296 594 simul
1341 530 1478 610 ipsa
1525 529 1782 592 musices
1829 529 2007 609 hujus
2054 528 2327 590 suavitas
2372 529 2598 592 invitat
2642 547 2766 604 me,
2828 536 2898 590 ut
2942 527 3271 608 epistolam

551 619 828 700 sequenti
873 619 1136 680 diatriba
1181 620 1400 680 finiam.
1494 619 1758 680 Veteres
1803 617 1863 678 in
1912 635 2124 680 vocum
2170 617 2507 680 intervallis
2538 619 2927 700 quaesierunt
2970 617 3051 692 id,
3102 616 3271 697 quod

553 715 652 772 est
709 707 1050 783 minimum,
1129 715 1198 768 ut
1259 727 1334 769 ex
1399 727 1470 769 eo
1535 726 1644 768 ceu
1727 707 2027 768 elemento
2105 715 2531 786 componerent
2595 707 2961 770 diastemata
3012 706 3269 768 harmo-

549 797 704 872 nica,
755 814 872 877 qua
907 816 974 859 re
1001 797 1316 876 plurimum
1364 796 1522 877 lapsi
1549 803 1712 867 sunt,
1760 803 1825 856 et
1852 815 1989 856 sese
2039 795 2097 856 in
2128 795 2371 856 dumeta
2408 793 2851 858 inextricabilia
2876 793 3269 858 induxerunt-

549 887 620 948 In
683 903 832 947 voce
897 904 1154 965 namque
1219 898 1434 966 suapte
1502 891 1720 946 natura
1782 903 1899 945 non
1966 884 2144 947 datur
2202 883 2501 946 minimum
2568 883 3050 956 intervallorum,
3120 882 3273 962 quia

551 973 936 1036 intervallum
1009 981 1105 1034 est
1169 974 1540 1053 comparatio
1606 973 1854 1034 duarum
1935 973 2341 1052 inaequalium
2415 973 2821 1052 quantitatum
2894 969 3266 1044 sonantium,

550 1070 870 1143 potestque
927 1061 1210 1123 infinities
1255 1062 1478 1123 variari
1535 1080 1610 1121 ex
1658 1070 1877 1122 natura
1920 1061 2344 1141 quantitatum.
2440 1061 2631 1140 Igitur
2676 1058 2983 1122 contraria
3026 1057 3269 1124 ratione

550 1151 722 1213 nobis
779 1151 1095 1230 agendum.
1190 1149 1588 1222 Quaerendae
1655 1169 1875 1211 causae
1924 1150 2350 1212 diastematum
2421 1149 2921 1223 hannonicorum,
2990 1155 3061 1212 ut
3102 1147 3261 1210 hac-

550 1247 726 1300 tenus
775 1257 886 1318 ego
935 1239 1080 1300 feci:
1148 1239 1316 1312 inde,
1383 1239 1831 1317 comparatione
1880 1239 2047 1300 facta
2092 1240 2527 1305 diastematum
2570 1238 2809 1320 horum,
2878 1237 3273 1300 resultabunt

549 1329 706 1390 ultro
755 1327 1126 1388 diastemata
1161 1335 1370 1388 cetera
1413 1345 1530 1389 non
1579 1327 1941 1401 harmonica,
1992 1327 2225 1390 usitata
2270 1335 2473 1390 tamen
2540 1336 2605 1390 et
2646 1345 2755 1407 per
2783 1344 2936 1407 quae
2984 1325 3265 1388 cauendo

550 1416 670 1478 itur
715 1423 896 1496 atque
943 1415 1191 1491 reditur,
1241 1415 1706 1496 apparebitque,
1757 1416 1863 1476 illa
1908 1434 2023 1477 non
2070 1417 2275 1477 valere
2322 1416 2452 1478 solo
2498 1436 2637 1488 usu,
2688 1415 2799 1476 sed
2847 1423 3065 1478 natura
3108 1413 3223 1476 niti
3244 1432 3267 1486 3

551 1523 742 1584 neque
788 1504 948 1566 inter
995 1524 1131 1566 sese
1181 1505 1614 1566 communicare
1662 1503 1860 1584 aliquo
1908 1505 2165 1578 minimo,
2218 1505 2375 1584 quod
2422 1505 2506 1566 sit
2550 1503 2723 1566 unius
2771 1503 2952 1564 modi.
3046 1501 3265 1582 Igitur,

552 1592 602 1654 si
650 1593 964 1654 harmonia
1011 1593 1401 1674 aequalitatis
1450 1593 1723 1654 solvatur
1769 1592 1825 1653 in
1876 1593 1991 1654 duo
2039 1593 2345 1672 aequalia,
2404 1594 2557 1655 duae
2602 1599 2811 1671 partes
2860 1600 3035 1654 erunt
3079 1592 3267 1654 chor-

561 1681 694 1755 dae,
745 1699 991 1759 quarum
1041 1681 1346 1760 quaelibet
1391 1699 1528 1742 cum
1571 1689 1708 1742 tota
1752 1689 1935 1742 sonat
1978 1687 2301 1744 διαπασῶν.
2396 1680 2467 1743 Si
2528 1681 2605 1742 ad
2652 1688 2847 1742 totam
2905 1679 2963 1742 in
3013 1677 3053 1743 3
3100 1679 3269 1741 divi-

561 1787 690 1830 sam
740 1787 1310 1849 comparesxsonum
1355 1769 1618 1849 partium
1665 1769 1740 1842 2,
1787 1769 2000 1832 existit·
2040 1767 2334 1845 ὄιαποῦτε,
2394 1779 2457 1832 et
2502 1789 2579 1832 ex
2624 1769 2753 1849 ejus
2799 1769 3137 1832 differentia
3184 1767 3269 1832 ad

559 1863 868 1919 διαπασων
931 1858 1144 1920 existit
1197 1863 1622 1938 διατεσσαρωσ.
1717 1859 1877 1923 Nam
1931 1860 1993 1921 in
2054 1859 2244 1920 tribus
2304 1859 2577 1932 vocibuS,
2646 1876 2894 1938 quarum
2954 1866 3267 1922 extremae

559 1951 868 2034 daoenoeomv
911 1946 1176 2017 distant,
1225 1947 1424 2009 media
1471 1967 1604 2009 cum
1651 1947 1769 2008 ima
1815 1954 2080 2009 διαπεηε
2128 1946 2384 2022 faciens,
2442 1947 2589 2010 facit
2636 1965 2771 2008 cum
2816 1964 3099 2026 suprema
3143 1951 3267 2010 δια·

555 2054 898 2112 τεσσαρων,
965 2042 1070 2097 aut
1119 2045 1347 2097 contra.
1440 2035 1580 2097 Jam
1635 2035 1850 2115 igitur,
1918 2036 1970 2097 si
2018 2053 2329 2116 compares
2392 2044 2455 2096 et
2516 2043 2749 2116 partem
2798 2054 2949 2114 quae
2997 2040 3267 2100 damme

555 2131 621 2184 et
666 2142 818 2203 quae
865 2129 1277 2203 διατεσσαρων
1322 2123 1472 2186 facit
1525 2143 1658 2186 cum
1719 2125 1929 2186 eadem
1978 2131 2143 2199 tota,
2206 2132 2275 2186 ut
2320 2125 2373 2186 si
2418 2124 2645 2186 chorda
2696 2125 2755 2184 in
2814 2121 2889 2185 12
2938 2123 3263 2197 dividatur,

557 2220 698 2274 tunc
745 2231 926 2274 sonus
974 2213 1234 2292 partium
1283 2210 1325 2275 8
1373 2213 1617 2274 sonabit
1663 2213 1964 2292 diapente,
2014 2213 2273 2292 partium
2320 2210 2360 2277 9
2408 2214 2807 2286 diatessaron,
2860 2220 3001 2276 tuno
3033 2232 3112 2276 ex
3148 2213 3266 2274 hac

555 2300 1001 2380 comparatione
1049 2302 1237 2364 oritur
1282 2309 1460 2363 tonus
1507 2301 1696 2382 major
1739 2302 1901 2363 inter
1946 2301 2230 2364 chordam
2278 2301 2337 2362 in
2368 2298 2408 2365 9
2456 2300 2714 2366 divisam
2760 2308 2825 2364 et
2870 2319 3081 2389 spnum
3110 2321 3264 2382 par-

552 2389 702 2450 tium
745 2386 827 2464 83
891 2389 1108 2451 dicitur
1153 2388 1472 2468 ἐπογδοος,
1539 2409 1614 2451 ex
1659 2390 1829 2470 cujus
1878 2390 2353 2452 accumulatione
2412 2399 2679 2463 veteres,
2748 2408 2862 2451 uno
2910 2389 3267 2452 Ptolemaeo

552 2484 827 2557 except0,
878 2479 1004 2553 sed,
1056 2479 1212 2558 quod
1259 2479 1512 2551 mireris,
1565 2477 1887 2540 etiamnum
1934 2479 2259 2554 Boethius,
2325 2478 2527 2541 conati
2574 2485 2715 2539 sunt
2760 2497 3116 2558 componere
3161 2479 3267 2541 in-

550 2565 810 2628 tervalla
857 2567 1224 2628 harmonica.
1318 2567 1562 2646 Itaque,
1622 2565 1673 2628 si
1721 2576 2073 2647 quaeratur,
2135 2586 2318 2648 quare
2376 2587 2581 2628 omnes
2629 2566 2779 2627 adeo
2828 2565 3099 2629 homines
3146 2587 3261 2630 oa-

547 2654 741 2716 nendo
787 2673 896 2734 per
941 2656 1054 2716 hoc
1101 2656 1480 2718 intervallum
1529 2665 1675 2718 eant·
1717 2658 1813 2727 (ut
1860 2657 1918 2719 in
1970 2656 2313 2732 „Victimae
2362 2656 2641 2718 Paschali
2693 2655 2903 2716 laudes
2950 2655 3270 2719 immolent

547 2739 944 2821 Christiani“,
993 2751 1170 2807 tonus
1219 2744 1412 2823 major
1457 2751 1556 2805 est
1599 2745 1757 2807 inter
1802 2765 1984 2807 voces
2036 2746 2157 2821 „im
2202 2745 2409 2821 mo“),
2460 2743 2873 2824 respondetur,
2924 2745 3066 2826 quia
3108 2746 3266 2809 haec

545 2831 630 2893 sit
692 2833 1032 2895 differentia
1096 2834 1344 2895 duarum
1409 2833 1729 2912 primarum
1790 2835 2265 2906 harmoniarum,
2336 2853 2487 2915 quae
2555 2834 2611 2895 in
2662 2840 2969 2895 διαπασων
3031 2834 3259 2897 insunt.

549 2920 850 3000 AmpliuS,
885 2920 938 2983 si
969 2921 1272 2983 dividatur
1302 2921 1594 3001 diapason
1623 2922 1683 2984 in
1715 2921 1776 2997 3,
1808 2922 1867 2995 5,
1920 2919 1978 2997 6,
2028 2932 2095 2984 ut
2124 2942 2305 2984 sonus
2334 2922 2592 3003 partium
2634 2919 2673 2984 5
2704 2940 2837 2984 cum
2869 2941 3019 2984 sono
3050 2924 3263 2999 totius,

551 3028 658 3070 seu
683 3009 946 3088 partium
975 3006 1034 3087 6,
1069 3008 1256 3072 faciat
1285 3010 1542 3071 diatrion
1565 3012 1771 3072 molle:
1804 3012 1988 3073 faciet
2016 3012 2177 3073 idem
2196 3030 2379 3073 sonus
2399 3011 2659 3090 partium
2681 3007 2720 3072 5
2746 3029 2877 3072 cum
2909 3031 3058 3074 sono
3081 3011 3261 3074 dimi-

555 3097 688 3157 diae
719 3096 978 3159 chordae
1026 3117 1132 3158 seu
1180 3099 1440 3177 partium
1472 3095 1530 3173 3,
1582 3118 1730 3178 quae
1779 3120 1897 3160 vox
1942 3108 2042 3162 est
2079 3100 2368 3179 superior,
2416 3100 2789 3162 harmoniam
2836 3098 2902 3161 δι’
2934 3096 3000 3173 ἐξ
3028 3100 3261 3163 duram.

553 3184 954 3266 comparetur
1001 3204 1144 3265 ergo
1205 3180 1272 3267 ⁵l,⁵
1334 3188 1410 3249 ad
1455 3183 1736 3267 'priorem
1811 3182 1877 3267 Ἰ,
1943 3206 2049 3250 seu
2114 3196 2421 3267 quartam,
2484 3187 2599 3250 sibi
2659 3187 3027 3267 propiorem,
3094 3188 3155 3251 h.
3204 3210 3258 3251 e.

565 3266 696 3354 ¹⁰l„
757 3276 834 3335 ad
893 3268 1034 3357 ⁹l,‚,
1103 3275 1331 3337 existet
1395 3283 1536 3337 tunc
1582 3283 1760 3339 tonus
1826 3278 2018 3338 minor
2074 3270 2221 3356 ⁹l,0‚
2293 3286 2358 3339 ut
2420 3277 2580 3339 inter
2626 3294 2805 3339 voces
2876 3277 3257 3357 „paschali.“

553 3362 622 3423 In
661 3363 833 3425 scala
877 3363 1063 3442 igitur
1106 3364 1382 3427 cantoria
1419 3364 1706 3427 habemus
1753 3366 2092 3427 naturalem
2140 3364 2431 3445 originem
2480 3364 2520 3428 5
2568 3385 2809 3441 vocum,
2860 3385 2957 3440 re,
3008 3367 3097 3437 fa,
3144 3366 3259 3441 sol,

555 3451 640 3523 la,
693 3451 811 3524 sol,
860 3454 958 3525 fa,
1014 3453 1113 3515 vel
1157 3452 1218 3515 in
1265 3454 1516 3535 hymno:
1596 3453 1917 3528 „victimae
1964 3454 2243 3532 paschali
2292 3454 2502 3516 laudes
2548 3454 2859 3517 immolent
2904 3454 3255 3529 Christiani,

549 3558 740 3619 agnus
769 3542 909 3602 rede
943 3543 1025 3616 (-
1055 3541 1168 3604 mit
1197 3542 1437 3612 oves).“
1483 3580 1488 3583 -
1515 3542 1811 3622 AmpliuS‚
1866 3542 1917 3602 si
1948 3541 2249 3603 dividatur
2279 3542 2569 3621 diapason
2609 3544 2667 3605 in
2699 3538 2759 3617 4,
2792 3542 2852 3618 5,
2885 3541 2947 3619 8,
2979 3551 3049 3606 ut
3074 3564 3257 3607 sonus

546 3629 806 3708 partium
838 3627 877 3692 5
899 3650 1031 3692 cum
1060 3649 1208 3693 sono
1239 3632 1446 3704 totius,
1497 3650 1602 3692 seu
1630 3632 1889 3710 partium
1920 3628 1981 3707 8,
2032 3630 2216 3692 faciat
2246 3630 2312 3693 δι’
2344 3626 2406 3705 ἐξ
2433 3632 2628 3707 molle,
2678 3632 2863 3694 faciet
2889 3632 3049 3694 idem
3078 3651 3259 3695 sonus

549 3716 809 3795 partium
862 3716 901 3781 5
951 3738 1083 3781 cum
1133 3738 1282 3781 sono
1331 3718 1614 3781 dimidiae
1661 3720 1939 3793 chordae,
1990 3738 2096 3781 seu
2144 3719 2405 3801 partium
2452 3716 2516 3795 4,
2569 3739 2719 3800 quae
2766 3738 2887 3783 vox
2932 3730 3027 3783 est
3074 3740 3255 3801 supe--

547 3804 688 3879 rior,
738 3806 1111 3868 harmoniam
1159 3814 1431 3885 διατριων
1469 3808 1694 3870 duram.
1791 3807 2190 3889 Comparetur
2255 3827 2401 3889 ergo
2461 3802 2528 3891 ⁵l0
2594 3810 2671 3869 ad
2727 3810 2892 3890 prius
2954 3810 3257 3872 inventam

547 3892 662 3955 sibi
691 3897 1032 3976 propiorem
1072 3888 1136 3978 Ἲ,
1162 3942 1178 3968 ,
1229 3914 1334 3956 seu
1379 3890 1515 3976 ¹⁸12,
1570 3895 1646 3956 ad
1691 3890 1862 3979 “lm
1914 3898 2141 3959 existet
2178 3898 2313 3960 hinc
2342 3899 2629 3959 usitatum
2660 3898 3040 3960 intervallum
3068 3898 3258 3962 minus

548 3982 761 4045 minori
809 3992 973 4054 ton0,
1015 3985 1169 4063 quod
1229 3984 1366 4045 ideo
1415 3983 1800 4049 semitonium
1848 3986 2159 4065 appellare
2207 3987 2406 4061 soleo,
2484 3980 2653 4068 ¹⁶l,3‚
2718 4006 2803 4049 sc.
2854 3986 3009 4049 inter
3055 3988 3260 4050 claves

549 4072 616 4145 d,
667 4072 788 4149 dis,
837 4074 937 4136 vel
982 4090 1164 4134 voces
1213 4072 1298 4146 la,
1349 4074 1428 4146 fa,
1480 4074 1881 4136 ascendendo.
1977 4074 2147 4136 Idem
2192 4076 2299 4137 fiet
2346 4075 2405 4136 in
2453 4085 2632 4138 cantu
2680 4076 2859 4153 duro,
2914 4076 2971 4139 si
3017 4076 3257 4141 divida-

548 4167 646 4221 tur
693 4161 986 4245 diapason
1035 4161 1092 4221 in
1142 4158 1210 4235 5,
1262 4159 1340 4237 8,
1397 4160 1506 4234 10,
1555 4168 1696 4224 tunc
1753 4155 1856 4245 ‘lm
1915 4170 2010 4224 est
2057 4170 2152 4225 δια
2198 4186 2372 4242 quen·
2420 4164 2623 4243 dura„
2674 4164 2830 4228 inter
2878 4162 2965 4241 G,
3016 4164 3083 4241 h,
3151 4167 3259 4229 sed

558 4242 627 4328 ‘lg
685 4258 782 4311 est
844 4248 910 4312 δι’
963 4245 1029 4323 ἐξ
1073 4250 1270 4323 molle,
1323 4250 1483 4312 inter
1528 4250 1597 4321 h,
1664 4268 1721 4331 g.
1811 4250 1977 4313 Tunc
2034 4246 2139 4331 ‘¹l,o
2196 4253 2291 4314 vel
2368 4246 2433 4335 Ἰ,
2502 4272 2633 4315 cum
2672 4248 3055 4337 proximo·⁸l,r
3091 4273 3257 4317 com-

547 4346 845 4417 paratum,
897 4359 982 4401 sc.
1049 4332 1181 4420 '‘lzo
1239 4359 1370 4400 cum
1433 4332 1604 4421 ¹⁸l20,
1653 4339 1851 4420 gignit
1908 4332 2044 4420 “lu
2075 4384 2093 4411 ,
2142 4339 2303 4403 inter
2332 4343 2429 4415 mi,
2481 4343 2566 4415 fa,
2616 4342 2709 4405 vel
2758 4342 2815 4419 h,
2866 4362 2925 4418 c,
2974 4342 3035 4405 in
3086 4363 3257 4407 com-

545 4426 962 4505 pensationem
1009 4428 1086 4503 h,
1138 4446 1206 4505 g;
1274 4436 1336 4489 et
1383 4428 1434 4489 si
1482 4428 1784 4490 dividatur
1831 4428 2123 4508 diapason
2170 4430 2231 4492 in
2280 4427 2348 4505 5,
2400 4426 2471 4506 6,
2548 4430 2651 4502 10,
2712 4439 2857 4493 tunc
2914 4426 3017 4515 ‘lm
3073 4437 3257 4495 sonat

547 4512 614 4576 δι’
663 4510 728 4589 ἐξ
818 4516 1046 4589 durum,
1096 4524 1158 4577 et
1214 4510 1279 4597 ‘'s,
1339 4522 1434 4578 δια
1479 4538 1656 4595 rpem
1700 4517 1897 4590 molle,
1951 4526 2013 4579 et
2060 4528 2473 4599 comparatum
2513 4514 2621 4602 's¹⁰
2678 4519 2774 4580 vel
2827 4506 2891 4603 's‘
2948 4540 3082 4584 cum
3112 4538 3256 4601 pro-

545 4603 703 4664 ximo
765 4596 824 4682 Ἰ,
856 4652 872 4679 ,
919 4606 1018 4667 vel
1077 4599 1180 4686 Ἃ,
1239 4624 1372 4667 cum
1434 4600 1567 4685 ml„
1627 4606 1825 4686 gignit
1880 4600 2021 4689 ⁹),0‚
2071 4616 2138 4669 ut
2186 4608 2341 4670 inter
2389 4610 2458 4683 d,
2510 4630 2575 4682 e,
2630 4607 2724 4670 vel
2770 4627 2868 4683 re,
2918 4610 3019 4671 mi.
3112 4608 3253 4671 Jam

545 4690 729 4771 igitur
776 4704 910 4755 tota
955 4702 1178 4755 octava
1223 4694 1396 4756 nobis
1439 4713 1548 4774 per
1593 4695 1837 4775 graduS,
1884 4714 1995 4775 per
2041 4714 2189 4777 qnos
2236 4705 2455 4759 natura
2483 4697 2661 4758 docet
2706 4698 2975 4758 canendo
3007 4698 3113 4773 ire,
3158 4705 3256 4759 est

551 4779 767 4843 divisa.
859 4782 1020 4846 Nam
1068 4782 1181 4845 etsi
1231 4784 1490 4845 nondum
1539 4784 1777 4864 quidem
1822 4802 2003 4845 voces
2051 4786 2159 4861 mi,
2226 4785 2385 4847 inter
2430 4804 2526 4859 re,
2594 4786 2658 4847 fa
2703 4794 2857 4847 sunt·
2902 4785 3254 4865 designatae

547 4868 608 4930 iu
639 4868 858 4952 hymno
909 4870 1090 4952 „quid
1138 4871 1367 4934 vidisti
1412 4871 1544 4948 in“,
1593 4880 1796 4934 tamen
1845 4874 2120 4953 exemplo
2172 4894 2210 4934 a
2238 4873 2642 4956 superioribus
2683 4873 3022 4937 intervallis
3054 4874 3256 4950 ducto,
