3634 5575
536 339 663 422 104
1612 341 1838 408 Epistola
1875 341 2184 394 dedicatoria

530 509 793 576 derum,
837 505 976 571 hinc
1021 502 1471 590 provinciarum
1510 501 2060 604 circumjacentium
2103 509 2482 587 respectus...
2517 502 2691 581 Illinc
2707 521 2984 584 namque
3028 503 3262 568 multos

530 616 566 660 e
611 583 931 668 nobilitate
961 588 1259 680 videbam,
1292 591 1390 678 qui
1426 611 1519 654 me
1568 587 1665 652 vel
1712 589 1994 655 audivere
2043 589 2373 670 docentem,
2411 561 2520 656 vel
2567 591 2862 660 communi
2901 611 3112 656 mensa
3149 603 3262 654 aut

531 682 921 750 contubernio
958 701 1099 744 meo
1147 681 1237 760 usi
1285 700 1387 768 me
1422 678 1666 760 propius
1712 688 2155 760 cognoverunt,
2191 699 2422 762 exque
2453 700 2525 743 eo
2565 689 2834 766 tempore
2883 681 3254 744 benevolen-

530 774 681 838 tiam
745 794 784 834 a
822 765 1120 854 patribus
1184 769 1244 845 in
1311 789 1377 832 se
1444 767 1796 842 derivatam
1845 785 1991 848 erga
2044 788 2137 830 me
2197 777 2596 842 conservant,
2645 770 2973 850 quibusque
3022 771 3260 849 pollent

532 840 743 966 copiis,
791 861 1224 934 demonstrant,
1277 858 1589 940 dignitatis
1636 864 1701 920 et
1720 857 1966 936 gratiae
1997 855 2336 923 Caesareae
2371 859 2626 932 fructum
2655 879 2762 940 per
2801 859 3256 921 beneficentiam

526 951 881 1032 exigentes.
950 968 1061 1011 nec
1124 949 1340 1016 desunt
1408 967 1483 1009 ex
1521 939 2094 1036 ecclesiasticorum
2159 966 2429 1023 numero,
2481 949 2581 1030 qui
2628 967 2743 1014 non
2781 948 3017 1021 minus,
3073 966 3254 1028 quam

458 1082 490 1122 ,
532 1049 955 1126 antecessores
1004 1038 1129 1113 sui,
1177 1045 1239 1098 et
1286 1046 1450 1098 artes
1496 1008 1963 1104 mathematicas
2001 1043 2072 1099 et
2117 1055 2238 1100 me
2258 1037 2546 1118 cultorem
2593 1045 2838 1110 amant,
2907 1056 3116 1118 meque
3175 1038 3258 1098 ad

534 1149 604 1214 sq
647 1127 1019 1203 invisendos,
1048 1127 1135 1189 si
1166 1126 1378 1188 turbae
1428 1124 1954 1206 conquievissent,
1991 1125 2072 1193 de,
2111 1125 2439 1210 propinquo
2485 1146 2553 1188 se
2601 1133 2956 1190 evocaturos
3005 1127 3253 1190 nuntia-

478 1255 489 1264 -
534 1225 691 1282 runt.
777 1216 1045 1294 Dignum
1110 1215 1296 1296 igitur
1356 1222 1493 1278 erat
1547 1233 1687 1276 mea
1725 1214 1787 1275 in
1836 1221 2122 1293 utrosque
2167 1197 2584 1300 gratitudine,¹
2635 1224 2704 1277 ut
2750 1215 2962 1298 quibus
3009 1235 3256 1296 possem

532 1306 757 1370 mutuis
802 1304 1017 1370 officiis
1064 1311 1269 1366 tantos
1318 1303 1597 1376 fautores,
1634 1294 2021 1381 percolerem,
2067 1303 2440 1384 ampliusque
2483 1303 2780 1368 d·e1nereii
2827 1305 3149 1368 studerem.

590 1448 617 1466 ⁴,
709 1394 866 1456 Hinc
914 1411 1057 1454 vero
1105 1411 1179 1454 ex
1221 1401 1395 1470 parte
1424 1391 1716 1454 Austriae
1755 1391 2039 1472 pavidam
2075 1391 2492 1474 imbellemque
2521 1393 2952 1456 astronomiam
2989 1393 3254 1456 circum-

534 1483 767 1546 stantia
814 1481 1119 1566 pericula,
1164 1475 1458 1569 terroreS,
1510 1457 1912 1554 calamitates,
1963 1499 2288 1544 aerumnae
2337 1481 2587 1562 subinde
2637 1483 2962 1544 admonent
3005 1483 3080 1542 de
3127 1482 3254 1544 cir-

535 1570 995 1654 cumspiciendis
1046 1569 1307 1671 auxiliis.
1402 1569 1679 1642 Transii
1664 1579 1711 1631 ιι
1775 1569 1884 1654 illa
1927 1591 1986 1630 a.
2033 1559 2206 1632 1600
2269 1590 2336 1632 e
2349 1569 2568 1652 Styria
2623 1571 2687 1632 in
2729 1571 3122 1645 Bohemiam,
3193 1579 3266 1633 ιιι

538 1680 692 1743 quae
742 1661 851 1722 sub
898 1658 1271 1732 Austriacae
1313 1649 1525 1722 domus
1590 1657 1803 1723 umbra
1847 1660 2075 1743 primas
2122 1659 2356 1722 radices
2403 1667 2653 1738 egerat,
2714 1661 2927 1744 eadem
2985 1661 3097 1723 sub
3151 1661 3267 1722 illa

539 1760 607 1812 et
648 1757 1107 1812 maturesceret.
1188 1744 1294 1812 lbi
1362 1747 1527 1808 varie
1582 1748 1826 1828 jactata
1872 1769 1910 1810 a
1956 1737 2421 1832 tempestatibus
2467 1733 2786 1836 bellorum,
2839 1757 2962 1810 tam
3010 1750 3264 1812 intesti-

537 1857 748 1904 norum
798 1857 975 1920 quam
1030 1845 1446 1924 externorum,
1512 1837 1753 1898 tandem
1808 1845 1988 1917 post
2015 1857 2330 1900 excessum
2387 1830 2695 1918 Rudolphi
2752 1837 3134 1918 imperatoris
3201 1859 3261 1900 a.

545 1925 714 1993 1612
763 1925 1066 1988 constanti
1115 1913 1323 1987 domus
1371 1926 1735 1988 Austriacae
1792 1927 1992 1987 studio
2049 1927 2306 1990 recurrit
2369 1928 2426 1988 in
2474 1925 2830 1992 Austriam.
2880 1928 2980 1990 ubi
3030 1927 3266 1990 utinam

540 2037 717 2099 quam
765 2015 1021 2096 benigne
1068 2023 1325 2094 excepta
1372 2023 1435 2076 et
1482 2015 1640 2098 fota,
1692 2023 1819 2078 tam
1865 2016 2136 2096 impensa
2181 2035 2606 2095 generosarum
2661 2015 2948 2078 mentium
2993 2036 3262 2095 occupa—

539 2107 702 2170 tione
751 2107 899 2177 (non
946 2104 1140 2166 minus
1189 2111 1368 2183 atque
1416 2125 1457 2164 a
1500 2124 1595 2165 me
1642 2105 1771 2184 ejus
1816 2104 2253 2178 instauratore)
2311 2105 2534 2188 percoli
2587 2105 2907 2184 potuisset.
3013 2107 3262 2178 Verum,

540 2196 727 2268 eheu,
797 2194 1039 2276 quantis
1088 2213 1223 2255 sese
1270 2201 1476 2276 mutuq
1524 2193 1694 2255 bonis
1743 2205 1969 2254 exuunt.
2014 2195 2304 2257 mortales
2351 2194 2553 2255 miseri
2616 2213 2724 2291 per
2785 2194 3049 2256 scabiem
3110 2213 3263 2256 con-

538 2284 875 2348 tentionum
921 2280 1437 2366 turpissimam?
1500 2279 1711 2352 Quam
1749 2283 2082 2362 profunda,
2117 2285 2231 2352 sic
2295 2283 2580 2357 meritos,
2617 2283 2846 2346 obruit
2909 2283 3268 2386 ignorantia

541 2372 701 2436 fati?
794 2359 990 2442 Quam
1039 2371 1415 2446 lamentabili
1476 2371 1729 2434 consilio
1789 2373 2031 2451 „ignem
2097 2363 2234 2434 dum
2291 2371 2590 2451 fugimnS,
2637 2371 2868 2434 medios
2906 2371 3266 2436 incurrimus

540 2461 789 2543 ignes?“
842 2460 1089 2526 Utinam
1136 2479 1279 2540 vero
1327 2447 1691 2538 etiamnunc,
1737 2468 2308 2542 postmonsecutam
2364 2478 2560 2522 rerum
2606 2461 3066 2526 Austriacarum
3111 2481 3264 2524 con-

538 2551 895 2625 versionem,
944 2549 1111 2611 locus
1158 2548 1557 2630 supersitilli
1589 2548 1864 2612 Platonis
1909 2550 2171 2632 oraculo,
2223 2548 2339 2632 qui,
2389 2568 2525 2612 cum
2570 2547 2798 2612 Gracia
2845 2551 3021 2630 longo
3069 2559 3132 2612 et
3167 2549 3296 2612 ci·-

540 2640 645 2702 vili
692 2638 1150 2702 bello'arderet.
1189 2638 1485 2718 undique,
1533 2639 1830 2720 malisque
1878 2645 2199 2714 vexaretur
2245 2638 2554 2714 omnibus,
2615 2657 2767 2718 quae
2815 2639 2992 2700 civile
3040 2640 3262 2702 bellurn

542 2726 819 2791 comitari
866 2727 1091 2797 solent,
1144 2727 1454 2791 consultus
1504 2746 1682 2809 super
1726 2728 2104 2809 problemate
2162 2727 2442 2797 Deliaco,
2493 2727 2786 2811 quaesito7
2814 2736 3135 2809 praetextu
3181 2728 3264 2791 ad

540 2816 921 2898 suggerenda
964 2817 1203 2897 populis
1248 2817 1502 2881 consilia
1536 2817 1895 2895 salutaria„
1944 2817 2034 2879 ita
2097 2818 2332 2879 demum
2387 2817 2774 2897 tranquillam
2833 2837 2909 2878 ex
2953 2818 3262 2898 Apollinis

540 2904 847 2972 sententia
895 2903 1220 2967 Graeciam
1267 2906 1526 2969 futuram
1574 2906 1904 2987 respondit,
1954 2906 2007 2968 si
2050 2926 2120 2967 >se
2177 2907 2254 2967 ad
2301 2906 2696 2986 geometriam
2754 2914 3073 2987 ceteraque
3119 2908 3261 2987 phi-

540 2992 854 3074 losophica
900 2994 1101 3057 studia
1150 2992 1371 3058 Graeci
1416 2996 1899 3073 convertissent:
1950 2996 2092 3076 quia
2135 2995 2285 3057 haec
2325 2995 2527 3058 studia
2555 2994 2790 3057 animos
2828 2996 2902 3058 ab
2933 2995 3262 3058 ambitione

542 3091 608 3145 et
649 3082 897 3163 reliquis
942 3084 1400 3164 cupiditatibus,
1460 3104 1537 3145 ex
1582 3084 1797 3165 quibus
1843 3084 2005 3146 bella
2052 3090 2366 3160 et,cetera
2413 3084 2574 3147 mala
2620 3084 2916 3160 existunt,
2957 3085 3034 3147 ad
3084 3102 3259 3145 amo-

541 3190 669 3235 rem
712 3170 881 3253 pacis
928 3179 993 3235 et
1034 3172 1510 3238 moderationem
1547 3172 1928 3238 inmunibus
1974 3174 2154 3237 rebus
2198 3173 2592 3235 adducerent.

721 3260 970 3329 Utinam
1020 3259 1272 3341 denique
1300 3261 1443 3340 jam
1490 3262 1832 3341 suppressis
1897 3262 2080 3325 armis
2137 3268 2374 3324 tantum
2421 3262 2597 3323 detur
2641 3261 3010 3323 induciarum
3059 3282 3096 3322 a
3141 3261 3261 3322 mi-

546 3349 764 3424 seriis,
828 3358 897 3411 ut
961 3349 1109 3413 viris
1175 3350 1347 3411 bonis
1411 3357 1624 3423 vacet,
1694 3350 1888 3413 simile
1937 3350 2244 3431 quippiam
2291 3347 2766 3412 Ciceroniani
2823 3350 2980 3412 illins
3029 3350 3265 3412 consilii

545 3438 953 3513 comminisci,
1004 3438 1141 3520 qni,
1187 3454 1404 3501 eversa
1438 3438 1749 3541 republica
1779 3438 2092 3515 Romana,
2141 3458 2275 3501 cum
2322 3446 2489 3501 esset
2519 3439 2621 3500 vix
2657 3437 3040 3501 consolabilis
3072 3439 3264 3513 dolor,

543 3528 605 3591 in
663 3526 842 3589 tanta
905 3528 1165 3591 omnium
1226 3547 1423 3591 rernm
1480 3526 1801 3592 amissione
1861 3538 1922 3590 et
1989 3527 2409 3607 desperatione
2465 3516 2893 3629 recuperandi,
2945 3537 3266 3607 postquam

542 3615 635 3679 illi
680 3615 819 3685 arti,
868 3616 962 3678 cui
1009 3617 1345 3691 studuerat,
1396 3617 1544 3681 nihil
1592 3636 1727 3679 esse
1776 3616 1913 3692 loci,
1965 3636 2157 3698 neque
2206 3617 2264 3684 in
2312 3616 2477 3678 curia
2523 3635 2715 3696 neque
2763 3617 2821 3678 in
2870 3618 3021 3692 foro,
3069 3616 3264 3679 vidit:
3309 3684 3313 3689 .

545 3724 781 3772 omnem
826 3724 999 3770 suam
1046 3724 1249 3767 curam
1296 3713 1497 3785 atque¹
1523 3723 1769 3786 operam
1834 3707 1911 3769 ad
1967 3705 2406 3786 philosophiam
2462 3706 2753 3781 contulit,
2822 3724 3071 3768 monens
3118 3704 3267 3768 Sul-

542 3793 757 3875 pitium
804 3812 995 3867 sunm,
1044 3794 1104 3855 in
1152 3794 1368 3856 iisdem
1412 3794 1650 3866 versari
1690 3795 1889 3871 rebus,
1941 3815 2122 3876 quae,
2161 3794 2410 3867 ⁴etiamsi
2460 3795 2652 3856 minus
2698 3794 3079 3875 prodessent,
3125 3795 3264 3857 ani-

542 3902 702 3945 mum
748 3890 952 3944 tamen
1001 3904 1040 3944 a
1084 3882 1488 3947 sollicitudine
1538 3883 1909 3948 abducerent
1953 3904 2106 3965 aque
2152 3884 2448 3947 molestiis
2495 3884 2789 3945 levarent.

723 3969 957 4042 Quibus
1002 3971 1163 4034 votis
1210 3970 1265 4035 si
1309 3972 1477 4036 Deus
1526 3981 1771 4046 annuat,
1818 3992 1934 4035 non
1973 3972 2257 4053 ‚equidem
2307 3971 2584 4051 indignas
2631 3972 2868 4033 liomine
2919 3968 3266 4033 Christiano

543 4060 915 4142 voluptateS,
965 4080 1377 4124 aerumnarum
1400 4062 1669 4134 ,solatia
1716 4062 2140 4135 mathematice
2188 4082 2324 4123 mea
2369 4062 2464 4123 vel
2514 4079 2602 4134 ex,
2635 4058 3054 4123 astronomicis
3085 4079 3264 4122 exer-

544 4148 728 4225 uitiis,
776 4148 875 4229 vel
912 4150 1522 4230 ex.contemplatione
1552 4149 1883 4219 divinorum
1913 4169 2178 4232 operum,
2211 4170 2400 4232 exque
2429 4150 2791 4212 Harmonice
2819 4149 3030 4211 Mundi
3059 4148 3266 4224 (fatali

544 4238 655 4301 illa
700 4237 1133 4319 occupatione,
1177 4239 1237 4301 in
1286 4239 1621 4302 durissimis
1669 4240 1866 4308 exacti
1913 4239 2138 4303 biennii
2187 4239 2612 4315 dissonantiis)
2667 4257 3002 4320 proponere
3047 4246 3268 4318 parata

422 4341 427 4345 ·
546 4346 786 4407 semper
832 4326 969 4389 erit.
1062 4328 1153 4394 At
1199 4328 1339 4408 quia
1384 4328 1442 4389 in
1492 4328 1696 4395 idest
1739 4329 1984 4410 incepta
2029 4328 2180 4394 baec
2222 4330 2536 4409 occupatio
2576 4328 2999 4402 astronomica,
3028 4334 3098 4390 ut
3122 4346 3267 4407 per-

546 4415 809 4480 ficiatur:
860 4415 999 4495 qnid
1046 4415 1230 4496 igitur
1274 4418 1387 4482 hoc
1416 4416 1705 4485 Austriae
1752 4426 1923 4489 statu
1968 4416 2498 4489 calamitosissimo
2543 4418 2746 4498 potins
2785 4425 2952 4495 agat,
2994 4435 3172 4497 quam
3201 4424 3270 4479 ut

544 4502 873 4582 praesidia,
921 4503 1153 4584 quibus.
1182 4505 1318 4585 ipsa
1362 4504 1619 4587 indiget,¹
1644 4506 1724 4567 ad
1753 4526 1938 4587 opera
1965 4506 2418 4581 inter,homines
2455 4508 2778 4587 vulganda,
2827 4506 3022 4586 adque
3051 4524 3268 4569 nomen

546 4590 873 4670 Rudolpht
922 4592 1171 4657 Tabulis
1218 4595 1531 4675 perpetuis
1578 4596 1986 4669 asserendum,
2037 4596 2263 4676 pudore
2311 4596 2597 4669 cohibita,
2639 4614 2712 4667 ne
2760 4594 2838 4656 ab
2886 4594 3132 4656 afflictis
3169 4594 3269 4655 vel

548 4678 891 4761 lugentibus
938 4684 1136 4745 omnia
1178 4691 1375 4763 petat,
1422 4682 1623 4763 potius
1671 4684 1807 4746 inde
1852 4692 2154 4766 corroget,
2176 4703 2488 4766 ..quorsum
2533 4684 2742 4747 clades
2769 4684 2946 4758 istae,
2989 4700 3270 4763 quorsum

547 4766 956 4851 prodigiorum
1004 4772 1355 4835 coelestium
1401 4771 1779 4853 expiationes
1825 4773 2322 4838 horribilissimae
2388 4794 2505 4837 non
2561 4774 2964 4855 pertigerunt,
3017 4770 3268 4853 denique

549 4858 635 4925 ad
678 4856 991 4941 pristinos·
1012 4868 1317 4941 patronos,
1364 4862 1445 4926 ad
1491 4880 1640 4945 quos
1670 4860 1914 4928 dimidio
1943 4864 2078 4927 viae
2099 4864 2230 4945 jam
2260 4860 2620 4933 anno„1612
2653 4862 3268 4947 appropinquaverat,
