3634 5575
1441 355 1504 406 de
1539 357 1686 406 rebus
1721 351 2046 419 umlogidn.
2168 431 2171 436 -
2966 355 3095 427 357

393 513 634 586 rimam,
687 509 808 589 29,
859 514 1003 580 inde
1047 513 1243 579 minus
1289 532 1478 594 usque
1529 513 1608 576 ad
1655 511 1718 576 7.
1762 513 1955 597 Apr.;
2020 521 2165 578 tunc
2211 515 2415 596 incin
2456 515 2836 590 subtrahere,
2882 535 3125 602 semper

392 604 528 682 plus
585 621 774 681 usque
821 603 897 665 ad
953 600 1050 664 15.
1101 601 1280 682 Maji,
1346 610 1488 664 tunc
1531 599 1823 664 subtrahe
1866 601 2217 681 plurimum,
2266 599 2390 679 583
2448 604 2591 666 inde
2636 623 2878 684 semper
2920 604 3117 668 minus

393 709 577 770 usque
644 687 750 752 20.
800 691 979 765 Jun.,
1049 691 1170 752 -ubi
1228 690 1576 752 coincidunt
1637 690 1812 764 loca3
1888 698 2029 752 tunc
2092 691 2289 770 incipe
2352 693 2611 766 addere,
2696 693 2865 755 initio
2926 694 3120 755 tardis

395 779 764 858 augmentis,
852 779 1013 841 circa
1081 779 1129 841 l.
1179 779 1338 858 Aug.
1391 778 1544 840 adde
1600 775 1710 852 11,
1801 778 1857 840 1.
1907 777 2080 858 Sept.
2131 781 2285 842 adde
2334 777 2455 857 23,
2537 788 2599 842 et
2659 780 2754 843 die
2804 779 2909 844 20.
2958 781 3118 843 Nov.

393 868 713 948 plurimum
776 868 962 940 adde,
1025 863 1145 942 39,
1229 868 1368 930 inde
1431 867 1660 940 miuus;
1753 866 1849 929 die
1913 865 2009 935 16.
2054 866 2196 930 Jan.
2264 865 2503 944 (1607)
2570 869 2725 938 adde
2782 865 2895 942 33,
2974 869 3113 932 inde

396 957 531 1036 plus
583 974 768 1036 usque
813 956 894 1018 ad
937 953 1002 1019 8.
1049 957 1272 1031 Mart.,
1322 952 1438 1032 36,
1495 955 1632 1018 inde
1677 957 1902 1029 minus,
1988 955 2043 1020 1.
2095 957 2245 1037 Apr.
2294 957 2451 1018 adde
2498 955 2619 1032 31,
2700 956 2757 1019 1.
2806 958 2958 1036 Maji
3008 956 3117 1031 23,

401 1047 456 1108 1.
503 1044 672 1105 Junii
727 1041 838 1117 10;
905 1044 1252 1107 coincidunt
1297 1044 1391 1106 die
1439 1039 1544 1106 24.
1590 1044 1765 1118 Jun.,
1829 1052 1955 1106 tum
2002 1043 2197 1126 incipe
2246 1047 2603 1108 subtrahere
2648 1065 2835 1126 usque
2886 1048 2960 1107 ad
3016 1045 3116 1110 12.

395 1131 604 1212 Sept..
654 1131 738 1193 ibi
786 1132 1074 1194 subtrahe
1123 1132 1461 1214 plurimum,
1509 1130 1627 1209 25,
1675 1133 1814 1196 inde
1861 1131 2057 1194 minus
2104 1153 2291 1214 usque
2340 1133 2417 1195 ad
2447 1129 2552 1197 24.
2582 1134 2763 1210 Nor„
2812 1135 2910 1195 ubi
2944 1136 3116 1197 coin-

396 1221 640 1294 cidunt;
688 1219 825 1284 inde
872 1241 1106 1284 rursum
1153 1222 1339 1297 adde,
1387 1222 1486 1284 die
1535 1220 1590 1282 1.
1622 1221 1772 1282 Dec.
1822 1221 1978 1282 adde
2016 1219 2085 1295 5,
2133 1220 2275 1284 Jan.
2317 1219 2506 1288 1608.
2558 1220 2677 1296 30,
2726 1223 2821 1284 die
2875 1223 2931 1284 1.
2964 1225 3109 1287 Feb.

397 1307 506 1382 55,
563 1307 618 1372 1.
650 1309 838 1373 Mart.
897 1305 972 1371 1⁰
1021 1309 1144 1385 13¹,
1213 1310 1267 1372 1.
1315 1313 1467 1389 Apr.
1517 1310 1855 1389 plurimum,
1913 1304 1984 1371 10
2028 1307 2155 1384 25⁴,
2218 1311 2358 1372 inde
2402 1311 2601 1374 minus
2646 1329 2833 1390 usque
2882 1314 2957 1372 ad
3009 1311 3112 1375 20.

395 1397 580 1476 Maj„
647 1405 792 1459 tunc
839 1399 996 1459 adde
1049 1394 1122 1460 10
1171 1395 1292 1473 16⁴,
1367 1399 1595 1462 1..1un.
1651 1392 1724 1459 1⁰
1774 1396 1897 1473 12⁴,
1974 1396 2027 1460 1.
2058 1397 2179 1462 Jul.
2236 1395 2311 1460 1⁰
2352 1397 2481 1476 48¹,
2554 1399 2612 1461 1.
2646 1402 2805 1478 Aug.
2858 1396 2941 1464 30
2987 1399 3115 1474 22‘,

397 1483 507 1548 27.
537 1489 696 1561 Aug.
748 1481 826 1568 30
871 1482 999 1560 34’,
1048 1488 1186 1548 inde
1234 1487 1459 1561 minus,
1509 1487 1626 1548 fine
1673 1487 1814 1548 anni
1871 1482 2039 1550 1608
2087 1486 2280 1549 adhuc
2330 1487 2484 1550 adde
2531 1485 2636 1550 22.
2729 1489 2884 1550 Toto
2932 1488 3117 1568 igitur

397 1575 511 1637 hoc
561 1593 716 1635 anno
765 1584 827 1636 et
875 1576 1034 1636 ultra
1081 1595 1318 1656 semper
1365 1575 1477 1637 fuit
1529 1575 1903 1651 addendum3
1980 1574 2125 1637 alibi
2171 1584 2301 1638 toto
2351 1576 2613 1638 forsitan·
2653 1596 2811 1639 anno
2861 1577 3111 1638 subtra-

396 1663 691 1738 hendum,
761 1682 879 1724 non
929 1673 1131 1727 tamen
1181 1664 1535 1744 aequaliter.
1628 1665 1726 1726 Ac
1771 1664 1889 1725 etsi
1936 1675 2081 1743 post
2125 1684 2317 1727 annos
2371 1663 2449 1730 15
2498 1665 2657 1727 redit
2701 1683 2857 1744 pene
2903 1667 3115 1726 eadem

392 1752 803 1824 commutatio,
853 1771 970 1813 non
1020 1761 1221 1814 tamen
1269 1754 1448 1832 plane
1495 1760 1596 1813 est
1639 1753 1886 1825 eadem,
1946 1771 2019 1813 ac
2062 1753 2313 1832 proinde
2360 1771 2475 1814 non
2526 1754 2736 1814 eadem
2786 1761 3113 1834 augmenta

391 1841 488 1901 vel
536 1839 1003 1902 subtractiones.
1097 1843 1304 1919 Porro,
1357 1841 1497 1922 quid
1543 1840 1818 1902 Braheus
1866 1841 1925 1901 iu
1972 1841 2280 1922 principiis
2330 1841 2543 1904 calculi
2594 1841 2941 1918 correxerit,
2993 1859 3106 1922 ego

393 1927 586 1989 habeo
617 1929 1057 2007 consignatum,
1105 1929 1215 1991 sed
1242 1929 1545 1992 Braheani
1594 1929 1821 1990 habent
1866 1929 1924 1989 iu
1957 1930 2192 1992 scriniis
2231 1939 2292 1992 et
2321 1929 2409 1991 M.
2442 1929 2825 1992 Christianus
2856 1929 3105 2010 Longo-

281 2083 294 2092 ,
395 2024 733 2092 montanus,
783 2017 1012 2080 DanuS.

570 2101 643 2179 2)
691 2105 828 2166 Non
877 2107 1033 2168 male
1082 2099 1418 2187 conjecisti.
1513 2103 1778 2168 Meditor
1827 2106 1919 2166 vel
1971 2105 2325 2179 discessum,
2374 2105 2469 2165 vel
2520 2103 2880 2168 solutionem
2918 2104 3109 2170 debiti

333 2235 347 2242 -
397 2193 534 2255 mei.
631 2192 1000 2256 Caesareani
1066 2215 1207 2258 vero
1275 2193 1532 2256 offerunt
1597 2211 1827 2256 annuos
1875 2191 2007 2257 800
2067 2194 2125 2255 in
2174 2193 2443 2268 chartiS,
2512 2194 2729 2256 vellem
2790 2194 2849 2255 in
2894 2205 3112 2276 parato

395 2281 695 2343 dimidium
745 2283 977 2344 darent.
1055 2291 1171 2354 (His
1209 2291 1456 2356 Keplerus
1499 2291 1632 2342 hanc
1669 2292 1872 2354 respicit
1907 2291 2248 2354 quaestionem
2286 2289 2541 2342 Vickenii:
2604 2297 2745 2342 tuam
2782 2292 3113 2342 conditionem

387 2372 495 2433 jam
531 2371 657 2420 scire
694 2385 832 2420 aveo.
896 2369 1083 2421 Dubito
1123 2375 1272 2429 enim,
1313 2387 1377 2422 an
1411 2375 1517 2435 jam
1555 2375 1620 2421 sis
1647 2372 1780 2436 apud
1803 2371 2177 2420 invictissimum
2202 2377 2423 2420 nostrum
2448 2369 2799 2434 Imperatorem
2832 2385 3111 2421 mansurus.

393 2441 700 2492 Instauratio
739 2441 1032 2492 academiae
1069 2443 1335 2508 Pragensis
1371 2444 1493 2492 mihi
1537 2444 1730 2492 videtur
1766 2441 1833 2492 ad
1870 2439 2121 2490 calendas
2158 2439 2377 2490 Graecas
2413 2441 2597 2490 futura.
2671 2439 2939 2492 praevideo
2980 2443 3113 2492 enim

391 2513 583 2562 ruinam
621 2513 876 2563 imminere
911 2527 1068 2578 regno
1101 2514 1392 2564 Bolia-iae.
1433 2537 1503 2548 -
1543 2513 1712 2577 Gomp.
1752 2517 1925 2562 annot.
1964 2509 2039 2573 6.)

572 2581 610 2646 3
616 2589 643 2656 J
692 2584 824 2645 Sto
843 2584 920 2646 ef
927 2585 991 2644 le
1006 2585 1063 2645 ri
1112 2585 1545 2664 Ephemerides
1590 2593 1736 2665 puto
1785 2583 1896 2646 niti
1944 2583 2349 2644 fundamentis
2396 2580 2739 2644 tabularum
2774 2583 3107 2662 Alphonsi.

573 2667 646 2745 4)
694 2673 764 2732 In
812 2681 1140 2752 praecepto
1189 2673 1640 2736 directionis
1689 2672 2013 2734 secundum
2062 2688 2155 2731 me
2202 2689 2319 2731 non
2355 2678 2457 2731 est
2492 2679 2772 2733 erratum.
2840 2671 3109 2751 Sequere

390 2768 544 2835 tuto,
594 2761 700 2822 sed
748 2768 916 2824 recte
961 2761 1252 2841 intellige,
1303 2763 1446 2843 quid
1491 2764 1574 2825 sit
1621 2761 1905 2823 natalitia
1950 2759 2244 2822 distantia
2272 2761 2479 2822 Lunae
2517 2781 2554 2821 a
2593 2757 2757 2822 Sole.
2812 2763 3109 2831 (Vioksnius

333 2896 342 2903 ,
390 2850 520 2901 haee
557 2849 814 2913 descripsit
845 2850 1002 2901 verba
1033 2850 1240 2914 Kepleri
1277 2866 1340 2901 ex
1375 2852 1596 2915 quadem
1631 2852 1786 2903 literis
1824 2850 1875 2899 d.
1913 2850 1961 2899 d.
2004 2846 2087 2897 17.
2126 2847 2325 2909 Martii,
2364 2862 2511 2913 quae,
2546 2854 2607 2897 ut
2641 2848 2867 2909 diximus,
2902 2848 3103 2901 desuntt

391 2924 468 2972 sic
503 2924 620 2971 Eum
657 2920 900 2971 distantia.
952 2922 1186 2971 natalitia
1221 2922 1396 2973 Lunae
1446 2937 1479 2973 a
1516 2922 1630 2973 Sole
1685 2928 1738 2971 et
1784 2936 1897 2971 cum
1935 2918 2239 2970 ascendente
2286 2920 2571 2969 directionis
2616 2920 2851 2969 constitui
2888 2919 2949 2969 de
2986 2934 3112 2969 novo

389 2999 582 3057 partem
619 2992 865 3053 fortunae,
906 3006 1032 3055 quae
1072 2996 1164 3042 erit
1199 2994 1336 3042 locus
1376 2994 1656 3043 directionis
1694 2994 1849 3056 partis
1875 2992 2118 3040 fortunae.
2182 2988 2274 3039 His
2300 2988 2440 3041 addit
2466 2988 2767 3040 Vickenius:
2805 2988 2914 3054 Ego
2940 2996 3111 3039 autem

391 3065 630 3120 existimo,
668 3076 767 3112 non
805 3062 986 3114 debere
1027 3076 1138 3114 esse
1177 3062 1467 3114 distantia-m
1505 3062 1803 3123 natalitiam,
1844 3062 1933 3112 sed
1970 3060 2271 3110 directionis.
2345 3060 2479 3109 Nam
2516 3062 2558 3110 si
2593 3062 2833 3112 natalitia
2870 3066 2973 3118 est,
3012 3074 3112 3111 uon

387 3134 554 3199 prodit
585 3134 637 3183 iu
675 3141 762 3183 tuo
799 3134 1024 3197 exemplo
1061 3135 1268 3184 directio
1301 3137 1456 3199 partis
1494 3137 1723 3185 somnae
1769 3134 1837 3183 ad
1894 3128 2001 3180 18⁰
2026 3129 2103 3194 ,ἃ
2161 3132 2251 3181 sed
2297 3129 2409 3181 18·
2428 3131 2531 3198 1ης
2592 3133 2682 3182 sed
2718 3146 2833 3183 cum
2871 3130 3113 3183 distantia

391 3207 658 3258 tumtur
713 3206 996 3257 directionis
1043 3206 1220 3258 Lunae
1275 3218 1313 3255 a.
1359 3206 1499 3263 Sole,
1560 3206 1726 3271 prodit
1781 3201 1845 3253 18
1866 3201 1889 3231 ⁰
1926 3201 1983 3266 ,ἒ
2006 3237 2021 3260 .
2081 3210 2139 3257 ut
2192 3208 2301 3255 tute
2348 3218 2411 3254 ex
2451 3209 2543 3253 tua
2586 3204 2820 3275 genitura
2864 3200 3111 3267 posuisti.)

386 3277 544 3339 Nam
611 3277 819 3337 eadem
879 3276 988 3338 illa
1033 3277 1328 3338 distantia
1389 3286 1594 3339 manet
1657 3276 1814 3337 inter
1880 3272 2196 3338 luminaria
2260 3282 2322 3335 et
2385 3274 2446 3334 in
2513 3274 2841 3345 directione
2861 3321 2879 3350 ,
2947 3274 3119 3356 quia,

389 3371 680 3447 quantum
723 3364 834 3427 Sol
881 3366 1180 3445 dirigitur,
1227 3366 1586 3427 tantundem
1630 3373 1696 3427 et
1739 3364 1934 3427 Luna.
2028 3362 2241 3442 Itaque
2285 3361 2437 3423 haec
2482 3361 2663 3442 plane
2710 3371 2853 3425 sunt
2898 3363 3109 3434 eadem

388 3472 518 3515 cum
583 3453 878 3515 distantia
935 3454 1220 3516 natalitia
1271 3454 1480 3515 Lunae
1536 3452 1859 3514 natalitiae
1904 3472 1945 3513 a
1988 3450 2131 3513 Sole
2180 3450 2457 3512 natalitio
2523 3460 2587 3512 et
2632 3468 2765 3511 cum
2812 3450 3111 3513 distantia

387 3541 736 3604 directionis
785 3542 994 3603 Lunae
1041 3563 1078 3603 a
1126 3542 1290 3604 Solis
1337 3542 1686 3603 directione.
1780 3540 1865 3602 Et
1910 3557 2041 3601 meo
2088 3540 2149 3601 in
2198 3540 2490 3617 exemplo,
2541 3539 2593 3600 si
2640 3538 2933 3600 distantia
2978 3540 3108 3601 Lu·
3182 3598 3192 3606 ,

387 3650 500 3692 nae
547 3650 585 3691 a
630 3630 774 3692 Sole
827 3625 1004 3706 1400,
1064 3630 1377 3710 projiciam
1437 3631 1513 3692 ab
1561 3630 1924 3693 ascendente
1973 3622 2205 3701 25οΠ,
2266 3627 2471 3707 prodit
2522 3621 2736 3705 150111
2781 3644 2925 3707 pars
2975 3626 3104 3688 for-

388 3727 567 3780 tunae
614 3720 674 3781 in
719 3718 922 3781 radice
971 3720 1228 3781 circiter.
1323 3718 1555 3790 Quodsi
1606 3738 1675 3781 eo
1707 3738 1883 3789 ann0,
1934 3737 2046 3797 quo
2087 3716 2420 3777 ascendens
2449 3714 2846 3795 pervenitad
2878 3709 3104 3791 28⁰&

387 3807 524 3878 inde
571 3806 882 3888 projiciam
933 3809 1181 3871 eandem
1230 3808 1588 3871 distantiam
1651 3808 1823 3887 (quia
1868 3815 1967 3869 est
2011 3806 2197 3869 etiam
2241 3804 2509 3867 th'ema'te
2560 3803 2879 3867 directorio
2928 3812 3105 3868 tauta

387 3897 685 3961 distantia
729 3898 887 3959 inter
931 3899 1164 3960 Lunam
1211 3906 1275 3959 et
1319 3896 1576 3972 Solem),
1625 3906 1768 3959 tunc
1813 3895 2019 3976 prodit
2060 3896 2225 3957 locus
2272 3894 2623 3957 directorius
2669 3892 2863 3973 partis
2912 3894 3109 3954 fortu-

384 4005 502 4047 nae
557 3981 766 4058 18⁰‚2t
855 3985 1080 4048 Nescio
1126 3987 1328 4067 igitur,
1377 3985 1478 4048 ubi
1525 3997 1589 4047 tu
1638 3986 1952 4048 erraveris.
2036 3982 2383 4047 Notandum
2433 3992 2631 4043 autem
2668 3982 2731 4042 in
2761 3981 2874 4043 hoc
2902 3981 3105 4057 mode,

387 4075 544 4137 sicut
588 4074 696 4136 Sol
763 4074 1040 4155 dirigitur
1100 4094 1210 4155 per
1263 4074 1480 4136 itinera
1528 4076 1844 4154 eclipticae
1913 4076 2095 4154 (quae
2156 4080 2298 4132 sunt
2360 4072 2553 4153 magis
2620 4080 3109 4132 commensurata

387 4163 838 4226 ascensionibus
879 4163 1112 4238 rectis),
1165 4162 1496 4245 ubicunque
1529 4163 1726 4235 fuerit,
1773 4162 1901 4225 sive
1950 4162 2009 4223 in
2039 4168 2173 4222 ortu
2222 4159 2348 4221 sive
2395 4160 2453 4222 in
2486 4160 2571 4221 Μ.
2606 4156 2701 4233 C„
2750 4159 2841 4220 ita
2867 4169 3105 4238 partem

391 4253 670 4316 fortunae
715 4252 891 4331 dirigi
930 4254 1124 4332 magis
1171 4272 1279 4332 per
1323 4254 1710 4315 ascensiones
1739 4252 2035 4331 obliquas,
2086 4250 2415 4330 ubicunque
2462 4248 2659 4322 fuerit,
2708 4246 2836 4308 sive
2873 4248 2933 4309 in
2970 4256 3107 4309 ortu

391 4342 518 4403 sive
564 4342 624 4402 in
671 4341 876 4403 Medio
926 4340 1118 4403 Coeli.
1171 4372 1254 4383 -—

529 4446 894 4496 Vickenius
947 4448 1148 4511 saepius
1186 4448 1236 4496 in
1273 4446 1426 4497 literis
1464 4446 1564 4495 suis
1601 4446 1905 4497 mentionem
1943 4446 2132 4495 fecerat
2183 4442 2518 4502 „Tabularum
2557 4438 2845 4505 Simonis
2880 4436 3103 4491 Marii“

391 4514 640 4581 (Tabulae
678 4518 1000 4568 directionum
1037 4532 1194 4567 novae
1232 4516 1324 4568 dcc.
1385 4516 1554 4567 Nox-ib.
1604 4514 1779 4578 1599).
1854 4516 2035 4567 Litoris
2073 4515 2118 4565 d.
2150 4516 2199 4565 d.
2232 4510 2280 4563 6.
2308 4513 2428 4564 Julii
2461 4508 2585 4559 1611
2630 4508 2757 4561 baec
2792 4526 2853 4561 ex
2892 4512 3103 4576 epistola

385 4590 534 4639 Marii
583 4590 649 4640 ad
690 4591 852 4654 ipsum
904 4590 1026 4639 data
1058 4588 1276 4653 Keplero
1315 4588 1652 4651 transcripsit:
1717 4586 1851 4649 Quid
1887 4586 2077 4637 Marius
2121 4586 2241 4635 mihi
2291 4583 2623 4649 responderit,
2681 4584 2876 4647 accipe:
2944 4597 3105 4647 „quae

385 4666 562 4727 postea
595 4660 710 4710 Tua
747 4660 1067 4710 Generositas
1106 4658 1166 4709 de
1204 4660 1409 4725 Kepleri
1442 4659 1661 4721 judicio“
1721 4656 1872 4720 (forte
1908 4660 1961 4707 iu
1995 4658 2149 4709 literis
2190 4658 2236 4707 d.
2277 4656 2325 4705 d.
2369 4652 2451 4704 17.
2490 4650 2685 4715 Martii)
2727 4654 3004 4713 „immiscet
3042 4655 3103 4706 de

388 4732 510 4781 meis
547 4732 748 4795 tabulis,
787 4730 847 4780 de
884 4732 978 4781 illis
1015 4732 1289 4781 uberiorem
1327 4730 1733 4801 disceptationem
1769 4735 1913 4793 peto.
1967 4744 2115 4794 quam
2153 4728 2305 4778 etiam
2342 4725 2658 4775 Generositas
2696 4724 2807 4775 Tua
2841 4726 3102 4790 promittit.

389 4800 552 4868 Quam
587 4817 765 4852 novam
802 4805 1046 4853 rationem
1083 4802 1326 4869 dirigendi
1372 4807 1424 4852 et
1469 4800 1691 4866 erigendi
1725 4800 2003 4865 Keplerus,
2060 4813 2277 4850 summus
2313 4795 2430 4853 Vir,
2484 4795 2681 4854 tradat,
2728 4798 2919 4862 ignoro.
2991 4796 3103 4849 noo

386 4874 516 4933 scio,
567 4888 708 4925 meas
743 4874 946 4927 tabulas
983 4881 1102 4925 ante
1151 4872 1217 4923 12
1255 4888 1413 4925 annos
1453 4874 1561 4937 iam
1593 4871 1780 4937 publici
1809 4873 1933 4935 iuris
1969 4872 2132 4933 factas
2166 4870 2346 4927 fuisse,
2382 4868 2532 4945 inque
2570 4866 2765 4919 calculo
2802 4875 2857 4921 et
2891 4866 3101 4922 demon·
