3634 5575
1537 287 1693 341 nuci·
1729 289 2097 342 Friedlandiao.
2884 269 2891 272 ’
3039 287 3165 354 391

642 442 702 508 c)
738 446 886 497 Anno
929 443 1082 504 1609.
1119 447 1188 498 im
1221 442 1362 510 Hajo
1406 446 1538 496 habe
1573 447 1654 497 ich
1691 447 1829 501 dieze
1864 447 2093 498 Hem-ath
2128 448 2316 515 gethan
2360 449 2453 499 mit
2488 450 2626 500 einer
2659 447 2867 508 Wittib,
2904 449 2983 500 die
3018 448 3174 501 daher

461 517 526 568 ad
563 517 724 568 vivum
761 517 1016 568 desei-ibin
1051 515 1208 567 virile.

630 590 778 639 Anno
819 586 1110 639 1614.‹10n
1147 586 1230 638 23.
1271 587 1444 638 Martii
1478 589 1546 638 ist
1579 591 1652 640 sie
1690 590 1955 655 gestorben
1990 591 2088 640 vnd
2124 591 2205 641 ich
2240 591 2331 640 mit.
2366 592 2504 642 einer
2536 591 2784 657 Jungtmu
2836 603 2969 641 anno
3012 585 3165 640 1623.

456 659 552 710 den
591 657 646 710 9.
680 659 816 710 Junii
853 661 1151 710 wiederumb
1187 660 1530 725 geheyrathet.

628 733 774 781 Anno
817 728 969 781 1620.
1009 733 1078 780 im
1111 731 1244 782 Jutio
1282 733 1366 782 bin
1401 731 1486 782 ich
1520 732 1572 781 vf
1607 732 1702 782 den
1741 731 1873 781 Todt
1917 730 2078 782 krank
2114 738 2329 799 geu-est,
2382 733 2481 782 md
2517 733 2596 782 die
2632 732 2917 782 Krankheit
2951 732 3171 782 vermein

454 801 552 860 ich,
595 803 684 852 das
720 803 802 854 ich
837 805 952 851 mirs
989 804 1080 852 mit
1103 803 1360 852 Drincken
1398 805 1584 852 oausirt
1617 802 1744 861 hab;
1781 803 1895 853 batt
1932 803 2063 854 auch
2096 805 2253 854 sollen
2290 805 2369 855 die
2396 803 2703 870 Vngerische
2731 801 3017 855 Ksankheit
3040 815 3169 852 ver-

453 875 568 930 don,
604 873 724 923 aber
761 874 840 923 die
877 873 1152 938 Experienz
1189 873 1289 922 vnd
1325 874 1482 924 Fleiss
1519 875 1606 924 der
1641 874 1823 925 medici
1860 875 1973 926 dem
2009 875 2155 926 balde
2192 876 2587 926 bevorkommen.

535 943 545 951 '
626 941 682 1006 d)
719 944 829 994 Das
865 944 1100 1010 Podagra
1151 945 1280 994 habe
1327 944 1410 994 ich
1457 959 1588 996 anno
1629 942 1783 994 1620.
1840 947 1909 996 im
1953 946 2092 1010 April
2144 947 2468 1006 hekommen,
2526 948 2647 998 aber
2698 946 2851 1012 gehet
2900 945 2999 995 biss
3049 943 3168 994 dato

451 1015 582 1066 noch
619 1015 759 1082 guth.

411 1357 429 1372 ,
649 1278 812 1352 Jam,
861 1279 1216 1342 exhibentes
1277 1279 1548 1354 libellos,
1615 1299 1764 1360 quos
1807 1281 2109 1362 Keplerus
2174 1281 2535 1364 conscripsit
2592 1281 2666 1344 de
2694 1279 2705 1282 “
2731 1280 2909 1344 rebus
2965 1286 3169 1346 astro-

465 1369 704 1449 logicis,
754 1387 845 1444 ea,
897 1388 1049 1448 quae
1097 1367 1154 1432 in
1205 1370 1450 1432 exordio
1477 1369 1877 1450 praefationis
1908 1372 1997 1449 (p.
2030 1367 2189 1444 291)
2238 1371 2513 1446 diximus,
2562 1370 2867 1443 iteramus,
2916 1375 3174 1449 quatuor

458 1466 694 1520 tantum
743 1455 1226 1533 calendaria,
1278 1477 1566 1520 annorum
1619 1455 1806 1522 1598.
1865 1455 2053 1540 1599.
2110 1455 2299 1524 1605
2350 1468 2410 1521 et
2453 1454 2664 1534 1619„
2702 1457 3006 1522 hincinde
3036 1457 3165 1518 col-
3277 1525 3291 1530 ⁵

393 1533 405 1538 “
447 1546 608 1608 lecta
669 1565 780 1608 nos
833 1565 1164 1627 proponere
1212 1565 1414 1626 posse.
1510 1545 1873 1610 calendario
1904 1543 2269 1611 anni1605.
2320 1547 2589 1609 additum
2638 1555 2734 1608 est
2784 1543 3164 1622 „Judicium“

449 1637 524 1696 de
572 1635 756 1697 stella
811 1653 968 1696 nova
1031 1637 1092 1697 in
1159 1635 1566 1714 serpentariO,
1635 1636 1791 1715 quod
1857 1636 1915 1698 in
1966 1637 2229 1716 linguam
2296 1637 2549 1699 latinam
2612 1655 2852 1697 versum
2916 1631 3168 1696 inseruit

444 1725 746 1804 Keplerus
822 1723 972 1786 libro
1042 1724 1176 1799 „De
1224 1722 1422 1786 Stella
1487 1724 1704 1787 Nova“
1773 1727 1939 1804 (cap.
1987 1724 2228 1799 XXV.)
2296 1744 2472 1808 quem
2536 1725 2859 1786 secundum
2924 1721 3170 1784 exhibet

442 1813 760 1962 vulunl'lei'}
775 1898 1161 1962 calendariis
1201 1907 1444 1962 servato
1476 1900 1766 1978 temporis
1816 1899 2021 1961 ordine
2060 1899 2411 1962 intermixta
2456 1907 2635 1964 sunt:
2684 1897 3164 1963 Dissertatio

452 1992 540 2053 de
587 1989 1114 2052 Fundamentis
1160 1987 1663 2068 Astrologiae
1711 1996 1775 2050 et
1817 1987 2199 2051 Judicium
2248 1989 2333 2051 de
2378 1989 2671 2068 trigono
2718 1989 2965 2068 igneo.

631 2077 910 2140 Secundo
951 2077 1084 2140 loco
1131 2079 1440 2158 sequitur.
1501 2075 1932 2158 Responsio
1978 2077 2283 2158 Kepleri
2342 2078 2429 2140 ad
2474 2076 2815 2140 Roeslini
2860 2076 3161 2138 Discur-

445 2187 634 2240 sum,
701 2186 910 2246 quam,
977 2167 1094 2227 etsi
1141 2165 1356 2227 librum
1405 2167 1477 2227 de
1527 2166 1728 2228 Stella
1773 2167 1951 2228 Nova
1999 2185 2073 2228 ex
2118 2174 2293 2247 parte
2342 2168 2578 2246 quidem
2626 2173 2894 2245 spectat,
2958 2173 3161 2226 astro-

457 2254 668 2334 logicis
717 2263 918 2316 tamen
969 2255 1413 2335 adjungendam
1462 2256 1800 2318 censuimus
1849 2254 2120 2336 scriptis,
2172 2256 2389 2338 quippe
2440 2276 2591 2336 quae
2638 2255 2866 2319 referat
2912 2260 3161 2315 senten-

447 2343 598 2407 tiam
643 2343 892 2423 Kepleri
941 2343 1014 2404 de
1063 2362 1209 2404 vera
1255 2351 1317 2404 et
1364 2342 1522 2405 falsa
1567 2344 1919 2424 astrologia.

627 2433 834 2494 Tertio
866 2431 1120 2512 denique
1153 2431 1314 2492 loco:
1371 2431 1712 2505 „Tertius
1741 2431 2313 2494 Interveniens“
2396 2430 2880 2512 „Responsioni“
2914 2429 3162 2511 propius

451 2529 748 2599 cognatus
797 2520 1054 2595 libellus,
1107 2537 1220 2599 quo
1267 2519 1521 2599 primum
1565 2521 1925 2584 terminatur
1971 2521 2267 2584 volumen.

631 2607 1000 2672 Calendaria
1045 2608 1294 2688 Kepleri
1343 2609 1528 2672 nihilo
1572 2628 1821 2690 prorsus
1870 2611 2150 2674 differunt
2196 2631 2235 2671 a
2271 2606 2655 2672 calendariis
2704 2607 2841 2670 aliis
2889 2605 3051 2669 illius
3099 2613 3163 2667 et

451 2698 812 2778 posterioris
877 2697 1188 2778 temporis.
1279 2697 1614 2779 Adscripta
1660 2708 1802 2762 sunt
1846 2698 2098 2778 singulis
2145 2700 2282 2760 anni
2340 2697 2551 2759 diebus
2606 2696 2813 2776 signa,
2882 2715 3035 2776 quae
3082 2695 3163 2758 ad

441 2797 636 2851 artem
701 2787 996 2851 medicam
1060 2798 1124 2849 et
1179 2785 1642 2867 agriculturam,
1709 2808 1818 2851 nec
1878 2808 1995 2851 non
2044 2808 2195 2869 quae
2254 2787 2328 2849 ad
2376 2794 2776 2866 tempestates
2832 2783 3157 2865 pertinent,

445 2877 695 2939 adscitis
750 2877 1129 2957 planetarum
1192 2876 1560 2957 aspectibus.
1655 2875 1857 2949 Quare
1908 2876 2271 2941 calendaria
2336 2876 2440 2937 illa
2500 2895 2617 2938 non
2663 2876 2900 2955 integra
2944 2873 3157 2953 impri-

447 2967 694 3042 menda,
765 2964 1186 3041 „Practicam“
1237 2972 1476 3028 tantum
1539 2964 1658 3028 illis
1706 2967 2111 3047 subjunctam,
2182 2985 2359 3048 quam
2408 2964 2668 3029 lectores
2714 2964 2953 3027 illorum
2995 2969 3157 3069 tem-

443 3074 651 3137 porum
699 3055 872 3117 avide
921 3054 1376 3137 exspectabant,
1423 3058 1870 3135 proponendam
1919 3055 2274 3119 censuimus.
