3634 5575
1455 376 1776 427 monim
2823 370 2967 446 ‚29

433 518 642 596 Datne
691 530 730 595 7
777 532 915 595 Jan
965 534 1060 595 vel
1107 530 1192 598 28
1235 532 1381 597 Dec.
1432 536 1572 597 anni
1617 534 1959 615 incipientis
2012 532 2207 610 1597,
2272 554 2445 616 quem
2490 534 2601 597 tibi
2647 542 2787 597 tuae
2826 553 2967 597 con-

249 622 408 703 jugi,
463 642 702 698 socero,
753 623 1114 704 collegisque
1162 624 1432 686 omnibus
1482 624 1754 687 foelicem
1798 643 2027 704 precor.

1529 714 1608 778 H.
1658 714 1728 776 Τ.
1824 711 2089 778 Gratiss.
2140 715 2286 777 disc.
2570 763 2577 771 .

2322 802 2416 865 M.
2463 802 2569 865 J0.
2616 798 2874 883 Kepler.

392 958 456 1007 In
499 960 708 1023 epistola
740 958 1024 1024 Kepleri
1059 973 1188 1025 quae
1221 959 1351 1013 hanc
1387 961 1520 1011 brevi
1555 962 1821 1015 subsecuta
1856 968 1933 1013 est
1964 962 2093 1013 haec
2128 976 2239 1013 cnm
2276 961 2342 1011 ad
2377 976 2454 1013 res
2491 962 2812 1019 domesticas,
2858 967 2967 1013 tum

251 1028 314 1079 ad
350 1043 482 1093 opus
519 1031 819 1095 pertinentia
851 1032 1088 1097 legimus:

427 1151 712 1217 Salutem
737 1154 1075 1235 plurimam.
1141 1154 1456 1217 Neminem
1483 1155 1825 1219 mortalium
1852 1155 2129 1219 existimo
2158 1155 2379 1232 vivere,
2428 1157 2597 1237 cujus
2636 1156 2725 1217 ita
2770 1156 2965 1235 fugiat

248 1241 694 1323 providentiam
741 1245 981 1306 fortuna
1026 1262 1165 1317 sua,
1221 1252 1289 1305 ut
1335 1264 1426 1307 me
1475 1264 1610 1306 mea
1655 1245 1847 1325 fugit:
1910 1245 2003 1308 cui
2062 1245 2218 1306 bona
2274 1247 2542 1325 speranti
2598 1252 2661 1307 et
2711 1244 2961 1324 jamjam

249 1331 473 1396 fruenti
522 1331 820 1395 foelicitas
869 1352 900 1395 e
947 1332 1218 1394 manibus
1263 1332 1560 1396 elabitur:
1623 1341 1834 1396 contra
1886 1334 2047 1397 mala
2102 1333 2390 1396 metuenti
2454 1341 2515 1396 et
2562 1333 2817 1415 J'amJ'am
2864 1334 2957 1395 vi-

247 1420 412 1481 denti
461 1420 628 1483 bona
669 1422 967 1485 eveniunt.
1031 1422 1237 1503 Atque
1283 1422 1434 1485 haec
1471 1442 1604 1485 mea
1642 1422 1895 1499 fortuna,
1947 1442 2059 1505 quo
2107 1422 2301 1503 magis
2348 1422 2459 1485 hoc
2505 1430 2769 1503 tempore
2817 1422 2959 1484 mihi

247 1507 588 1583 blanditur,
634 1510 748 1573 hoc
793 1510 986 1591 magis
1031 1508 1176 1573 mihi
1219 1518 1418 1573 metuo
1465 1511 1542 1574 ab
1589 1510 1722 1585 illa,
1770 1520 1867 1587 ut,
1914 1512 1967 1573 si
2012 1511 2332 1592 aliquando
2382 1512 2528 1575 mihi
2571 1512 2680 1573 fiat
2724 1510 2960 1573 infensa

249 1600 342 1669 (ιιι
385 1618 514 1661 ιιοιι
561 1600 721 1661 solet
763 1619 900 1662 esse
946 1602 1260 1673 constans)
1309 1601 1420 1662 hoc
1465 1600 1624 1662 idem
1671 1600 1973 1681 ingenium
2018 1618 2190 1663 suum
2234 1600 2514 1665 retineat.
2595 1601 2753 1663 Nam
2800 1602 2957 1663 bona

249 1687 338 1749 vel
385 1706 574 1751 coeco
621 1688 900 1751 obvenire
949 1698 1011 1751 et
1057 1688 1376 1751 somnianti
1423 1690 1586 1751 nulla
1629 1688 1946 1751 calamitas
1995 1698 2125 1751 est:
2185 1690 2347 1751 mala
2388 1709 2530 1753 vero
2578 1689 2761 1753 etiam
2806 1708 2952 1770 pro-

247 1775 418 1839 vidis'
450 1786 519 1839 et
565 1777 1088 1858 praesagientibus
1135 1778 1346 1858 gravia
1391 1787 1558 1853 sunt,
1614 1780 1830 1841 nedum
1876 1779 1927 1841 si
1986 1780 2134 1841 bene
2182 1789 2499 1858 sperantes
2545 1785 2791 1859 repente
2838 1797 2952 1859 op-

246 1866 532 1945 primant.
603 1866 763 1929 Ecce
795 1866 1201 1929 Comoediam.
1279 1866 1438 1929 Duxi
1486 1886 1640 1929 anno
1687 1862 1771 1931 96
1819 1887 2083 1944 uxorem,
2137 1887 2247 1929 nec
2295 1867 2457 1931 aliud
2504 1876 2631 1930 toto
2678 1866 2955 1931 semestri

247 1956 442 2029 sensi,
514 1956 1002 2018 confirmantibus
1065 1976 1158 2019 me
1225 1956 1414 2019 literis
1476 1956 1965 2035 gravissimorum
2019 1956 2295 2019 virorum.
2396 1958 2627 2019 Laetus
2687 1957 2837 2019 redii
2894 1956 2951 2019 in

248 2042 552 2126 Styriam;
597 2052 666 2107 ut
709 2046 886 2117 veni,⁴
919 2044 1154 2108 nemine
1201 2065 1317 2107 non
1363 2046 1738 2125 gratulante,
1785 2046 1930 2107 mihi
1976 2054 2211 2108 secreto
2259 2046 2585 2119 indicatur,
2630 2063 2725 2108 me
2772 2065 2953 2109 uxore

249 2133 568 2195 excidisse.
672 2133 828 2213 Spes
883 2133 1146 2215 conjugii
1200 2153 1308 2214 per
1361 2144 1654 2197 semestre
1717 2134 1991 2197 radicata
2044 2154 2273 2197 moram
2335 2135 2584 2198 alterius
2646 2136 2953 2197 semestris

249 2222 582 2302 requisivit,
630 2223 818 2285 donec
863 2243 1096 2285 rursum
1141 2223 1560 2293 eradicaretur.
1613 2232 1795 2304 atque
1844 2242 1954 2303 ego
2000 2224 2238 2303 penitus
2284 2224 2427 2286 mihi
2467 2224 2583 2305 ipsi
2620 2224 2951 2305 persuade·-

248 2330 386 2385 rem,
429 2312 674 2375 irritam
717 2332 852 2374 esse
873 2361 890 2389 ,
939 2312 1234 2393 aliamque
1282 2314 1442 2374 vitae
1489 2312 1782 2375 rationem
1833 2313 2058 2375 inirem.
2126 2313 2246 2377 Ubi
2284 2313 2667 2393 desperatum
2712 2312 2951 2393 penitus

249 2407 358 2474 est,
403 2420 475 2463 re
513 2400 650 2481 jam
697 2402 772 2463 ad
820 2401 1208 2465 ministerium
1257 2402 1478 2475 delata,
1528 2420 1666 2463 ecce
1713 2420 1931 2463 novam
1974 2420 2352 2481 περιπετειαν.
2438 2402 2634 2464 Movit
2678 2401 2950 2463 homines

249 2490 562 2553 ministerii
609 2490 940 2565 autoritas,
1007 2500 1070 2553 et
1129 2490 1180 2553 si
1237 2498 1684 2569 comparerent,
1752 2489 2071 2552 ludibrium
2118 2510 2306 2552 suum.
2398 2491 2611 2570 Itaque
2670 2490 2951 2552 certatim

250 2596 450 2641 omnes
489 2580 627 2659 jam
673 2580 917 2653 viduae,
975 2580 1101 2659 jam
1155 2580 1422 2658 parentis
1471 2578 1726 2640 animum
1781 2578 1979 2640 adorti
2036 2598 2138 2640 eos
2186 2586 2631 2681 expugnarunt,
2689 2578 2949 2660 mihique

251 2686 427 2729 novas
477 2669 868 2731 confecerunt
913 2668 1173 2749 nuptias,
1265 2666 1399 2739 Quo
1444 2687 1560 2729 uno
1606 2668 1834 2747 impetu
1880 2675 2230 2729 corruerunt
2274 2668 2473 2729 omnia
2518 2687 2653 2730 mea
2698 2668 2951 2729 consilia

250 2754 316 2818 de
363 2757 490 2820 alia
539 2758 666 2821 vita
711 2758 990 2821 ineunda.
1065 2758 1267 2838 Usque
1307 2758 1457 2820 adeo
1497 2777 1614 2819 non
1653 2764 1748 2820 est
1793 2758 1851 2820 in
1892 2756 2145 2819 hominis
2191 2764 2499 2838 potestate
2547 2756 2675 2820 dies
2722 2758 2947 2820 crasti-

253 2865 374 2910 nus.
465 2849 643 2910 Haec
691 2849 766 2910 ad
814 2856 908 2924 te,
957 2847 1322 2926 Praeceptor
1367 2847 1728 2924 clarissime,
1775 2848 2009 2928 meique
2056 2847 2499 2923 amantissime,
2550 2867 2681 2909 cum
2727 2855 2794 2909 ut
2838 2846 2947 2910 tibi

251 2936 708 3000 sollicitudinem
758 2938 1010 3008 demam,
1058 2944 1180 2998 tum
1229 2937 1304 2998 ob
1352 2955 1544 2998 meum
1591 2937 1955 3016 opusculum.
2034 2934 2322 3007 Quamvis
2362 2957 2464 2998 cur
2498 2955 2694 2998 meum
2732 2937 2946 3010 dicam,

253 3041 428 3086 causa
473 3027 734 3088 obscura
781 3033 842 3087 et
887 3027 1084 3088 tenuis
1131 3033 1244 3086 est.
1320 3025 1418 3087 Illi
1465 3026 1620 3087 enim
1667 3043 1780 3105 ego
1828 3025 2063 3088 Semele
2113 3026 2211 3099 fui,
2263 3033 2328 3087 tu
2372 3025 2629 3105 Jupiter.
2718 3026 2850 3088 Aut
2896 3025 2951 3086 si

250 3113 413 3176 malis
457 3115 774 3177 Minervae
817 3115 960 3178 illud
997 3133 1340 3194 comparare
1371 3132 1544 3195 quam
1574 3115 1830 3176 Libero:
1878 3115 2116 3206 Jupiter
2143 3132 2256 3196 ego
2287 3115 2483 3194 capite
2513 3115 2659 3177 illud
2687 3114 2943 3195 gestavi,

253 3203 352 3264 sed
393 3204 516 3267 nisi
561 3211 626 3266 tu
665 3204 976 3267 Vulcanus
1024 3223 1156 3266 cum
1201 3203 1442 3284 bipenni
1490 3203 1707 3266 fuisses
1757 3194 2203 3280 obstetricatuS,
2253 3223 2551 3286 nunquam
2596 3223 2708 3284 ego
2753 3221 2945 3284 pepe-

253 3290 478 3357 rissem.

415 3381 590 3446 Illius
637 3381 820 3463 igitur
865 3381 1132 3462 opusculi
1179 3377 1310 3444 200
1347 3380 1714 3462 exemplaria
1757 3399 1955 3443 emere
2001 3390 2291 3460 gravatus
2337 3400 2469 3443 sum
2514 3382 2575 3443 in
2622 3381 2945 3462 superiori-

253 3467 354 3532 bus
396 3471 596 3535 literis
656 3471 732 3533 ob
790 3471 940 3534 duas
993 3470 1367 3552 potissimum
1433 3489 1648 3532 causas
1669 3517 1684 3544 ,
1750 3469 2005 3550 primum
2062 3470 2202 3549 quia
2255 3471 2596 3532 metuebam
2652 3479 2943 3545 sumtum;

255 3557 498 3636 deinde,
567 3561 706 3641 quia
763 3561 996 3623 omnino
1053 3559 1196 3622 mihi
1259 3574 1684 3642 proposueram
1706 3604 1722 3632 ,
1787 3560 1917 3620 lata
1980 3577 2181 3620 coram
2234 3559 2562 3621 ministerio
2620 3561 2941 3636 sententia,

255 3647 574 3712 discedere.
666 3650 804 3712 Non
849 3649 1126 3711 videbam
1175 3656 1403 3723 autem,
1465 3667 1742 3729 quorsum
1795 3646 1967 3715 mihi,
2028 3665 2145 3708 non
2192 3646 2293 3708 diu
2339 3648 2435 3708 hic
2480 3656 2941 3720 commoratum,

254 3739 563 3815 prodesset
630 3748 866 3801 tantum
921 3757 1070 3800 onus
1128 3738 1572 3817 exemplarium.
1679 3738 1818 3799 Jam
1874 3743 2009 3797 rato
2062 3753 2195 3798 meo
2250 3736 2527 3816 conjugio
2586 3739 2942 3799 manendum

257 3821 386 3890 mihi
429 3837 567 3891 est.
619 3838 682 3892 et
716 3829 974 3909 pretium
1009 3827 1342 3890 tolerabile.
1409 3827 1544 3890 Non
1591 3845 1790 3906 pugno
1836 3825 2021 3904 igitur
2060 3824 2333 3904 amplius,
2382 3825 2540 3906 quin,
2586 3826 2639 3888 si
2686 3827 2942 3888 nondum

256 3933 375 3978 cum
432 3917 808 4000 typographo
863 3915 1186 3998 pepigisti,
1246 3917 1378 3996 jam
1443 3934 1620 3996 porro
1681 3916 1788 3976 illa
1846 3911 1977 3976 200
2031 3914 2398 3994 exemplaria
2454 3914 2597 3977 mihi
2652 3914 2939 3978 vindices.

259 4001 684 4089 Typographus
727 4025 978 4087 parvam
1013 4024 1240 4067 moram
1269 4024 1460 4085 aequo
1489 4005 1684 4066 animo
1715 4005 1891 4066 ferat.
1958 4001 2110 4065 Mihi
2154 4003 2215 4066 in
2254 4011 2427 4066 tanto
2472 4003 2703 4067 itineris
2748 4005 2938 4066 inter-

256 4095 436 4170 vallo,
503 4105 682 4160 tanta
729 4103 1008 4158 monetae
1053 4095 1350 4156 varietate
1399 4093 1963 4173 tabellariorumque
2006 4093 2258 4173 perfidia
2302 4113 2419 4155 non
2466 4095 2556 4156 ita
2600 4093 2941 4174 expeditum

260 4189 360 4260 est,
406 4187 722 4266 pecuniam
767 4203 1094 4248 numerare.
1186 4183 1403 4246 Tribus
1452 4190 1656 4244 autem
1715 4182 1971 4244 diversis
2017 4181 2233 4244 Suevis
2280 4183 2529 4244 eandem
2573 4201 2725 4262 pene
2772 4201 2938 4243 sum-

260 4287 400 4336 mam
445 4271 534 4340 33
580 4277 932 4338 florenorum
976 4272 1072 4335 hic
1123 4271 1360 4335 Graetii
1397 4271 1528 4351 jam
1575 4271 1908 4344 numeravi,
1959 4290 2136 4352 quam
2182 4271 2269 4332 illi
2315 4291 2423 4353 per
2470 4291 2609 4332 suos
2652 4281 2937 4351 parentes

265 4356 750 4466 Gruppenbachio
810 4368 1120 4426 numerent
1173 4362 1335 4424 intra
1387 4361 1688 4424 trimestre
1745 4359 2002 4441 tempus,
2102 4357 2185 4424 10
2228 4362 2289 4424 fl.
2337 4361 2647 4424 Herwarto
2694 4361 2935 4424 Esslin-

185 4517 190 4526 ,
261 4453 433 4529 gensi,
482 4449 604 4535 8Ἰ,
645 4455 706 4516 fl.
753 4453 939 4516 Lucio
967 4447 1564 4531 Waiblingensi,12
1607 4450 1672 4512 fl.
1719 4449 1945 4512 Murrio
1989 4449 2393 4529 Marpacensi.
2458 4449 2541 4512 Et
2586 4449 2659 4512 de
2709 4449 2935 4512 duobus

261 4537 466 4606 ultimis
503 4545 632 4625 jam
677 4551 876 4606 certus
924 4561 1084 4614 sum,
1144 4541 1216 4603 de
1263 4540 1450 4621 primo
1497 4546 1566 4601 ut
1607 4539 1735 4602 viro
1783 4538 2079 4618 locuplete
2126 4539 2277 4600 bene
2322 4556 2517 4619 spero.
2612 4535 2737 4600 Sed
2782 4539 2933 4602 hanc

263 4623 586 4696 intricatam
635 4631 949 4695 solutionis
996 4632 1156 4693 viam
1191 4627 1600 4712 typographus
1634 4627 1843 4708 procul
1882 4627 2059 4689 dubio
2102 4626 2475 4689 aversabitur
2520 4633 2587 4689 ut
2624 4628 2931 4691 incertam.

265 4711 450 4786 Quare
497 4722 645 4784 nihil
689 4723 778 4785 illi
825 4722 896 4783 de
957 4721 1131 4782 modo
1189 4719 1394 4788 dicaS,
1453 4724 1726 4792 tantum,
1785 4715 2220 4796 persoluturum
2273 4734 2367 4777 me
2427 4713 2723 4780 hominem
2760 4718 2935 4781 ‚intra

268 4799 302 4864 2
341 4827 568 4875 menses
613 4812 692 4874 ab
739 4831 842 4882 eo,
901 4829 1016 4892 quo
1064 4807 1430 4889 exemplaria
1473 4822 1779 4908 accepero.
1876 4803 2241 4887 Opusculum
2288 4805 2481 4886 ipsum
2524 4805 2668 4869 mihi
2711 4807 2931 4888 placet,

267 4902 321 4956 et
361 4902 590 4964 omnino
636 4899 984 4981 gratissima
1027 4907 1124 4962 est
1167 4898 1272 4963 illa
1319 4905 1426 4960 tua
1471 4893 1778 4958 annotatio
1826 4894 1901 4957 de
1946 4890 2299 4958 Aristarcho
2346 4893 2568 4962 Samio.

3545 3359 3577 5546 mffl-UQQQ-ss-ss4h-
3574 3317 3576 3336 A.
3572 3227 3577 3302 -..u
3574 3203 3576 3211 -
3574 3177 3576 3184 .
3574 3143 3576 3158 -
