3634 5575
541 443 668 510 132
1568 441 1794 506 Hymetii
1833 439 2233 507 Cosmographlci

1495 639 1586 701 IN
1634 637 1915 702 CAPUT
1956 625 2299 704 1'11--V111

1613 759 1801 812 NOTA
1839 760 2197 813 AUCTORIS.

694 864 758 942 a)
799 869 994 926 Plures
1035 884 1319 939 corporum
1347 868 1723 923 distinctiones
1764 875 1833 924 et*
1862 871 2006 924 haec
2042 870 2167 940 ipsa
2202 869 2378 923 insius
2422 867 2668 922 invenies
2708 865 2803 919 lib.
2830 863 2929 918 W.
2958 863 3260 933 Epitomes,

533 951 724 1023 aliqua
760 951 947 1015 etiam,
992 956 1179 1004 ortum·
1210 955 1271 1003 et
1306 949 1764 1005 combinationem
1801 951 2136 1022 spectantia,
2180 948 2275 1003 lib.
2308 949 2376 1002 V.
2416 945 2678 1002 Hermon.
2710 946 2845 1014 Cap.
2883 946 2961 1008 1.,
3016 949 3081 997 et
3116 943 3265 998 infra

533 1032 591 1087 in
629 1033 736 1087 hoe
775 1031 897 1102 ipso
935 1029 1125 1084 libello
1169 1029 1305 1100 Cap.
1349 1028 1500 1086 xm.
2436 1065 2445 1074 .

1681 1249 1924 1349 Caput
1976 1247 2115 1324 IX.

595 1383 971 1448 Distributa
1007 1400 1278 1464 corpora
1315 1381 1478 1443 inter
1507 1379 1831 1464 planetas,
1870 1382 2290 1464 proprietates
2322 1386 2611 1463 aptatae,
2652 1378 3081 1442 demonstrata
3118 1394 3200 1438 ea·

1197 1471 1566 1551 corporibus
1601 1471 1891 1553 cognatio
1920 1469 2329 1554 planetarum
2363 1477 2601 1533 mutua.

707 1603 846 1666 Non
891 1620 1136 1681 possum
1181 1601 1534 1682 praeterire,
1589 1601 1730 1682 quin
1776 1602 1873 1664 hic
1920 1601 2125 1684 aliqua
2165 1621 2240 1666 ex
2280 1622 2353 1664 ea
2388 1600 2672 1682 physices
2716 1608 2912 1680 parte,
2963 1615 3115 1676 quae
3164 1603 3260 1659 est

537 1693 612 1756 dc
657 1691 1038 1772 planetarum
1087 1690 1502 1771 qualitatibus,
1553 1691 1845 1767 delibem,
1880 1700 1965 1754 nt
2010 1700 2339 1771 appareat,
2390 1692 2577 1752 etiam
2621 1689 2782 1750 vires
2830 1687 3092 1767 ipsorum
3140 1704 3255 1747 na-

534 1779 763 1844 turales
828 1779 984 1842 hunc
1054 1779 1322 1840 ordinem
1386 1798 1630 1842 servare
1695 1799 1946 1860 eamque
2010 1783 2089 1842 ad
2154 1780 2409 1842 invicem
2461 1778 2911 1860 proportionem
2973 1775 3253 1837 retinere.

532 1869 692 1932 Nam
739 1869 792 1930 si
839 1886 944 1930 eos
990 1867 1292 1948 planetas,
1345 1867 1446 1948 qui
1483 1867 1735 1931 Terram
1771 1870 2075 1944 ambeunt,
2126 1868 2249 1931 illis
2290 1869 2472 1931 etiam
2521 1865 2887 1948 corporibus,
2939 1882 3091 1945 quae
3140 1863 3256 1926 sibi

533 1957 827 2037 inscripta
873 1958 1218 2032 continent,
1281 1975 1641 2032 accenseas,
1708 1956 1957 2022 inclusis
2005 1967 2208 2021 autem
2260 1957 2609 2038 planetisa
2655 1953 2910 2017 Telluris
2960 1955 3104 2015 orbe
3150 1951 3257 2014 illa

530 2065 786 2128 corpora
829 2045 1102 2122 tribuas,
1171 2045 1384 2125 quibus
1433 2055 1682 2126 uterque
1745 2045 2287 2120 circumscribitur,
2356 2046 2514 2127 quod
2574 2045 2803 2126 optima
2849 2043 3080 2104 ratione
3128 2041 3253 2103 fieri

526 2153 709 2215 posse
759 2135 1078 2208 existimo:
1137 2132 1436 2197 Saturnus
1485 2135 1735 2198 habebit
1781 2136 2013 2210 cubum,
2062 2135 2303 2215 Jupiter
2346 2134 2682 2218 pyr-amida,
2731 2133 2899 2196 Mars
2949 2130 3252 2194 dodecac-

529 2226 699 2296 dmn,
750 2226 1053 2288 Venerem
1098 2224 1477 2298 icosaedron,
1525 2224 1892 2287 Mercurium
1938 2226 2285 2287 octaedron.
2372 2225 2561 2286 Terra
2607 2241 2749 2284 vero
2798 2239 2931 2282 cum
2978 2219 3124 2282 nihil
3172 2219 3255 2281 sit

527 2313 643 2375 nisi
707 2312 920 2388 limeS,
985 2311 1182 2374 neutri
1241 2321 1614 2375 accensetur.
1711 2313 1919 2375 Solem
1975 2314 2160 2376 etiam
2216 2322 2279 2375 et
2335 2314 2572 2376 Lunam
2633 2310 2927 2390 astrologi
2988 2309 3251 2372 maximo

527 2401 849 2464 intervallo
897 2422 935 2462 a
973 2401 1193 2462 ceteris
1225 2401 1477 2482 quinque
1509 2401 1907 2482 distinguunt,
1956 2411 2025 2464 ut
2070 2404 2159 2466 ita
2204 2422 2321 2464 non
2370 2421 2519 2482 opus
2566 2401 2649 2463 sit
2695 2400 2926 2463 illorum
2974 2399 3072 2462 hic
3118 2417 3250 2459 me-

527 2491 805 2567 minisse,
856 2497 920 2552 et
965 2508 1246 2552 numerus
1293 2509 1607 2570 corporum
1653 2492 1903 2571 pulchre
1950 2511 2085 2554 cum
2131 2489 2171 2555 5
2220 2492 2484 2572 planetis
2532 2489 2871 2553 conveniat.

699 2577 943 2660 Jupiter
987 2578 1174 2658 igitur
1218 2579 1276 2641 in
1325 2580 1522 2642 medio
1579 2581 1986 2643 maleficarum
2043 2581 2343 2642 beneficus
2399 2580 2529 2660 ipse
2587 2580 2808 2640 multos
2871 2575 2931 2637 in
2980 2561 3248 2638 admira-

524 2668 750 2730 tionem
794 2669 1029 2748 rapuit,
1096 2676 1160 2729 et
1205 2667 1618 2730 Ptolemaeum
1673 2669 1862 2732 etiam
1918 2669 1997 2730 ad
2044 2689 2360 2732 causarum
2410 2667 2939 2748 investigationem
2987 2665 3248 2728 extimu-

523 2757 695 2820 lavit.
729 2759 784 2832 ⁸)
876 2757 1034 2819 Nos
1063 2753 1260 2819 simile
1322 2757 1463 2838 quid
1519 2758 1790 2821 videmus
1848 2757 1907 2819 in
1962 2757 2311 2841 pyramide,
2378 2776 2529 2840 quae
2596 2757 2751 2820 inter
2817 2755 2931 2817 duo
2997 2771 3251 2835 corpora

521 2848 744 2927 partim
790 2853 1083 2927 cognata,
1130 2846 1352 2924 partim
1399 2846 1790 2910 abhorrentia
1836 2845 2092 2909 invicem
2140 2848 2292 2910 adeo
2341 2849 2418 2910 ab
2468 2856 2720 2927 utroque
2779 2845 3118 2925 discrepat,
3182 2851 3251 2906 ut

524 2938 651 2997 fere
699 2936 773 2997 de
825 2936 956 2997 loco
1001 2933 1377 3013 periclitetur
1423 2935 1481 2996 in
1539 2934 1876 2998 ratiociniis
1924 2937 2349 3015 superioribus.
2446 2936 2647 2998 Trium
2695 2934 3065 3013 superiorum
3109 2932 3245 3015 qui-

523 3023 675 3086 libet
719 3042 852 3086 cum
897 3022 1144 3101 reliquis
1191 3022 1440 3085 hostilia
1486 3032 1731 3087 exercet
1785 3024 1943 3087 odia.
1973 3022 2031 3099 ι’)
2125 3026 2341 3089 Tribus
2398 3020 2585 3087 etiam
2642 3041 2842 3085 eorum
2898 3021 3246 3104 corporibus

525 3112 672 3174 nihil
715 3112 959 3193 penitus
1007 3111 1289 3172 convenit
1334 3130 1565 3187 eorum,
1618 3132 1770 3194 quae
1817 3121 2133 3193 apparent.
2228 3114 2397 3176 Mars
2445 3120 2646 3175 tamen
2694 3130 2829 3175 cum
2875 3110 3139 3174 Saturno
3186 3110 3245 3171 iu

525 3201 660 3263 sola
705 3200 943 3264 malitia
988 3199 1317 3278 conspirat.
1411 3202 1565 3263 Huic
1613 3220 1726 3282 ego
1773 3219 2058 3282 comparo
2104 3202 2577 3265 inconstantiam
2634 3201 3023 3282 angulorum,
3093 3218 3245 3281 quae

523 3286 761 3351 illorum
805 3290 1049 3370 propria
1095 3296 1158 3351 et
1204 3292 1532 3352 communis
1579 3298 1682 3353 est
1727 3291 1984 3372 utrique.
2087 3291 2281 3372 Igitur
2326 3290 2621 3353 bonitatis
2668 3298 3084 3371 argumentum
3130 3288 3249 3351 erit

525 3379 928 3454 contrarium,
998 3378 1233 3441 scilicet
1295 3378 1604 3442 stabilitas
1669 3381 2025 3460 angulorum
2082 3382 2140 3443 in
2198 3382 2346 3444 solis
2396 3380 2710 3443 lateribus.
2803 3378 3248 3459 Argumentum

525 3487 630 3530 cur
672 3467 932 3547 Jupiter,
981 3467 1191 3528 Venus
1241 3472 1306 3529 et
1353 3468 1688 3531 Mercurius
1733 3469 1985 3532 benefici
2032 3471 2175 3532 sint.
2254 3469 2480 3546 Cubus,
2529 3468 2780 3532 Saturni
2828 3486 3065 3547 corpus,
3112 3485 3245 3529 me·-

521 3556 671 3617 titur
718 3556 918 3618 omnia
964 3555 1196 3636 reliqua
1241 3576 1353 3618 sua
1398 3559 1779 3634 rectitudine,
1832 3568 1893 3621 et
1938 3561 2189 3639 planeta
2234 3559 2365 3639 ipse
2414 3576 2724 3621 mensores
2770 3557 2986 3630 efficit,
3034 3564 3245 3637 estque

475 3696 480 3701 .
525 3646 722 3725 quoad
769 3645 1070 3725 ingenium
1117 3645 1368 3725 rigidus,
1413 3647 1566 3709 recti
1611 3656 1838 3720 custos,
1884 3666 1960 3708 ne
2008 3649 2198 3711 latum
2240 3666 2497 3728 unguem
2544 3648 2785 3717 cedens,
2834 3645 3242 3719 inexorabilis,

521 3732 889 3796 inflexibilis.
983 3731 1087 3797 Sic
1135 3734 1257 3797 fert
1303 3736 1508 3815 anguli
1554 3736 1874 3799 rectitudo.

702 3821 1000 3901 Cognatio
1047 3822 1508 3885 evidentissima
1554 3833 1652 3887 est
1695 3825 1753 3886 in
1802 3824 2071 3900 basibus,
2123 3844 2243 3905 qua
2290 3844 2420 3887 cum
2467 3824 2735 3905 Jupiter,
2787 3824 3019 3897 Venae,
3070 3822 3240 3884 Mer-

521 3911 720 3973 curius
769 3912 1106 3990 (planetam
1155 3911 1286 3974 dico
1333 3932 1442 3994 pro
1489 3916 1769 3993 corpore)
1819 3913 2033 3975 eadem
2082 3922 2359 3988 utantur,
2408 3932 2653 3976 causam
2700 3911 2991 3975 habemus
3041 3930 3245 3973 eorum

521 4000 840 4074 amicitiae,
893 4008 959 4060 ut
1006 4017 1208 4077 supra.
1303 4002 1464 4063 Nam
1513 4002 1821 4065 stabilitas
1869 4002 2033 4064 inest
2076 4003 2381 4083 triangulo
2428 4004 2701 4083 primum.
2796 4001 2975 4063 Alter
3020 4000 3243 4080 gradus

521 4097 616 4152 est
661 4089 908 4169 planum
951 4105 1250 4166 apparens
1299 4108 1432 4152 cum
1481 4093 1702 4170 angulo
1753 4110 1865 4153 ceu
1910 4091 2213 4155 umbilico.
2291 4092 2383 4154 Ne
2428 4093 2711 4154 miremur
2757 4092 2941 4172 igitur
2987 4090 3241 4169 amplius

521 4178 734 4258 ecquid
781 4178 1124 4262 delitiarum
1171 4196 1359 4257 penes
1408 4178 1620 4242 durum
1667 4188 1732 4240 et
1777 4180 2022 4259 igneum
2058 4182 2320 4242 Martem
2372 4182 2585 4258 lateat,
2634 4181 2805 4261 cujus
2852 4198 3039 4241 causa
3084 4176 3241 4241 deli-

518 4268 723 4328 catula
779 4266 990 4328 Venus
1051 4266 1252 4329 mariti
1321 4269 1616 4331 frustrata
1680 4270 2013 4331 thalamum
2074 4288 2207 4331 cum
2266 4270 2467 4332 Marte
2528 4268 2989 4350 conspiraverit.
3082 4268 3242 4331 Nam

517 4355 739 4417 Martis
787 4353 1292 4437 quinquangulum
1354 4367 1452 4419 est
1507 4358 1566 4419 in
1615 4358 1877 4421 Venere.
1972 4358 2077 4421 Sic
2124 4358 2374 4421 Saturni
2432 4359 2909 4438 quadrangulum
2963 4357 3024 4419 in
3070 4356 3241 4418 Mer-

420 4464 428 4470 ·
519 4444 682 4504 curio
729 4444 1014 4506 conciliat
1061 4444 1304 4507 eosdem
1351 4446 1584 4528 utrique
1633 4466 1850 4510 moreS.
1944 4447 2181 4509 Tertius
2230 4446 2455 4527 gradus
2504 4454 2627 4521 est,
2688 4464 2822 4508 cum
2870 4444 3029 4509 idem
3076 4446 3241 4525 ejus-

447 4543 455 4558 '
519 4530 654 4591 dem
701 4532 760 4594 in
810 4532 1041 4595 duobus
1089 4541 1186 4596 est
1213 4535 1309 4595 vel
1343 4544 1631 4615 apparet:
1683 4546 1747 4598 et
1793 4546 1919 4598 tum
1966 4536 2087 4597 illis
2134 4537 2194 4598 in
2245 4535 2445 4598 causis
2492 4535 2823 4598 communis
2872 4535 3047 4597 amici
3092 4552 3241 4597 cen-

519 4620 704 4682 venit.
792 4620 984 4701 Igitur
1027 4622 1089 4684 in
1135 4624 1316 4686 rebus
1363 4624 1557 4687 Joviis
1607 4626 1888 4687 convenit
1934 4624 2161 4687 Veneri
2208 4644 2345 4687 cum
2390 4624 2710 4698 Mercurio,
2760 4624 2903 4705 quia
2946 4621 3238 4687 communi

511 4706 555 4770 J
557 4709 688 4769 ovis
733 4717 984 4772 utuntur
1032 4710 1186 4775 basi.
1276 4713 1348 4775 In
1395 4712 1700 4777 Saturniis
1746 4714 2048 4777 consentit
2093 4714 2427 4776 Mercurius
2474 4732 2609 4776 cum
2654 4714 2858 4776 Marte
2902 4730 3237 4793 parumper,

515 4797 654 4878 quia
701 4798 760 4859 in
805 4798 914 4861 illo
951 4799 1200 4865 Saturni
1247 4802 1622 4882 quadratum,
1671 4804 1730 4865 in
1771 4804 1883 4866 hoc
1918 4810 2117 4866 tectus
2154 4802 2339 4864 cubus
2371 4810 2485 4865 est.
2553 4804 2835 4884 Apparet
2868 4802 3051 4865 etiam
3078 4802 3237 4874 hine,

513 4904 620 4950 cur
667 4887 892 4950 Veneri
937 4908 1074 4952 cum
1117 4890 1379 4955 Saturno
1427 4892 1592 4954 nulla
1637 4894 1943 4971 cognatio,
1992 4902 2055 4954 et
2102 4911 2255 4973 quae
2301 4891 2649 4970 potissima,
2698 4904 2765 4955 et
2808 4910 2911 4954 cur
2956 4889 3240 4953 Mercurii

515 4978 802 5041 versatile
848 4978 1150 5059 ingenium
1197 4980 1469 5043 omnibus
1519 4986 1776 5063 quatuor
1822 5000 1958 5044 sese
2006 4980 2297 5064 applicet,
2348 4980 2652 5045 minimum
2700 4989 2903 5045 tamen
2946 4978 3155 5043 Marti.
