3634 5575
1606 385 1771 452 capnt
1806 388 1918 440 111.
2999 388 3126 456 147

400 546 703 600 cavendum
728 545 819 600 bio
847 560 886 599 a
910 545 1215 600 collusione
1242 545 1355 600 ista
1380 546 1772 611 accidentaria,
1793 549 1958 619 -quod
1987 548 2156 604 etiam
2183 549 2403 604 sextilis
2431 549 2508 602 sit
2533 548 2786 618 praecise
2813 549 3126 605 dimidiatus

401 624 593 687 trinus,
638 633 699 678 et
746 625 965 678 sextilis
1012 623 1217 678 tertiae
1244 625 1395 680 molli
1442 629 1797 696 respondeat.
1881 628 2023 682 Nam
2069 629 2228 683 docui
2255 644 2378 698 cap.
2409 629 2465 681 6.
2513 628 2611 694 lib.
2643 628 2737 681 IV.
2767 629 3124 684 Harmouico·

398 719 535 768 rum,
586 703 781 758 sextili
806 705 1139 773 respondere
1168 721 1277 758 non
1306 704 1528 760 tertiam
1555 707 1791 770 mollem,
1837 709 1932 760 sed
1969 707 2230 778 diapente
2269 707 2740 778 epidisdiapason:
2789 706 2966 777 ipsam
2993 725 3126 762 vero

400 784 625 838 tertiam
650 783 871 838 mollem
898 799 1233 838 communem
1260 801 1385 838 esse
1414 786 1661 839 sobolem
1696 793 1811 840 tam
1851 787 2267 858 quinquanguli,
2315 795 2478 857 quam
2506 786 2828 858 sexanguli,
2869 787 3001 857 quia
3039 787 3126 842 his

400 863 637 918 numeris
668 863 721 927 5,
764 864 801 919 6
845 863 1339 932 comprehenditur.
1423 865 1634 935 Estque
1674 881 1846 919 causa
1889 867 2274 931 diversissima,
2325 883 2464 937 quae
2502 865 2704 920 trinum
2741 866 2794 920 in
2833 869 2969 920 duos
3001 883 3126 936 per·

400 941 574 996 sectos
604 943 838 998 sextiles
867 942 1060 996 dividit
1106 944 1180 996 ab
1209 943 1312 996 illa
1340 958 1526 1006 causa,
1573 961 1718 1014 quae
1746 946 2008 1016 diapente
2057 946 2112 999 in
2141 949 2277 1000 duas
2309 947 2524 1008 tertias,
2571 944 2839 1014 majorem
2869 952 2928 998 et
2955 947 3126 1001 mino·

397 1034 515 1076 rem
548 1021 757 1076 dividit.
842 1023 901 1076 Id
929 1021 1145 1092 quidem
1172 1023 1264 1076 vel
1311 1041 1381 1076 ex
1413 1023 1518 1076 hoc
1547 1031 1801 1093 apparet,
1855 1027 1998 1095 quod
2039 1033 2232 1095 partes
2282 1033 2412 1079 sunt
2449 1023 2564 1078 illic
2592 1026 2875 1095 aequales,
2918 1025 3012 1079 hic
3045 1025 3126 1080 in·

398 1101 680 1172 aequales.
765 1101 919 1156 Nihil
962 1101 1137 1172 igitur
1164 1101 1478 1178 detrahitur
1514 1102 1791 1158 nobilitati
1835 1104 2038 1158 tertiae
2067 1107 2255 1169 durae,
2306 1105 2446 1158 nihil
2475 1103 2688 1158 accedit
2723 1105 2926 1158 tertiae
2951 1103 3121 1168 molli,

398 1183 543 1250 quod
568 1181 791 1236 sextilis
817 1186 909 1234 est
934 1181 1209 1236 dimidium
1234 1183 1302 1236 de
1332 1181 1493 1245 trino,
1524 1181 1773 1252 quintilis
1800 1201 1910 1237 non
1939 1183 2096 1246 item;
2127 1192 2188 1238 et
2213 1191 2406 1254 posset
2433 1201 2540 1238 non
2567 1184 2790 1238 minoris
2819 1185 2926 1238 hoc
2951 1184 3122 1238 aesti-

396 1261 551 1324 mari,
599 1262 741 1331 quod
789 1261 1035 1331 quintilis
1082 1261 1159 1314 sit
1182 1260 1459 1316 dimidium
1504 1263 1571 1314 de
1620 1261 1896 1332 biquintili
1943 1262 2038 1318 dcc.
2119 1265 2389 1334 Equidem
2435 1281 2544 1318 non
2587 1263 2811 1317 minima
2853 1279 2986 1334 pars
3033 1269 3123 1318 est

396 1340 659 1394 solertiae
688 1341 763 1395 ab
789 1340 1103 1410 huiusmodi
1131 1341 1481 1394 concursibus
1510 1341 1894 1396 accidentariis
1924 1359 2139 1406 cavere,
2181 1344 2291 1414 qui,
2339 1351 2404 1397 ut
2446 1345 2720 1414 quondam
2743 1343 2904 1398 Siren
2929 1343 3126 1400 Sicula

395 1419 731 1490 navigantes
760 1427 947 1482 cantu,
990 1419 1071 1473 sic
1098 1419 1203 1489 ipsi
1230 1419 1693 1490 philosophantes
1720 1422 2020 1492 voluptate
2059 1423 2384 1493 apparentis
2421 1421 2843 1492 pulchritudinis
2891 1423 3120 1493 aptique

393 1515 691 1568 responsus
722 1493 798 1568 (si
826 1499 1043 1570 quidem
1082 1499 1173 1552 hic
1200 1499 1609 1554 adhaerescunt
1634 1501 2002 1556 admiratione
2031 1502 2196 1572 capti,
2243 1502 2338 1556 ubi
2369 1518 2542 1556 causa
2587 1501 2744 1556 nulla
2771 1509 2860 1556 est
2887 1501 3120 1556 alterius

394 1577 451 1632 in
478 1572 689 1646 altero)
719 1579 983 1642 detinent,
1012 1589 1079 1632 ut
1105 1581 1173 1634 ad
1202 1596 1429 1648 scopum
1456 1579 1809 1648 praefinitum
1837 1581 2102 1636 scientiae
2131 1581 2420 1650 pervenire
2449 1599 2558 1634 non
2583 1579 2817 1650 possint.

554 1658 765 1720 Quinta
792 1673 967 1712 causa
995 1667 1083 1711 est
1128 1659 1359 1712 effectus
1389 1660 1663 1712 secundae
1710 1667 1770 1714 et
1796 1661 1982 1724 efficit,
2031 1669 2094 1714 ut
2127 1661 2374 1731 quintilis
2421 1658 2792 1730 imperfectior
2837 1666 3118 1730 aspectus,

392 1738 563 1792 tertia
591 1739 730 1790 dura
774 1735 1145 1807 imperfectior
1173 1731 1387 1806 (potius
1433 1739 1685 1792 alterius-
1712 1735 1963 1809 generis)
1993 1739 2357 1794 consonantia
2401 1740 2502 1794 sit:
2545 1756 2655 1793 non
2691 1737 2876 1801 efficit,
2933 1743 2995 1792 ut
3020 1738 3120 1792 ille

392 1822 655 1887 aspectus
700 1817 866 1886 plane
914 1817 1118 1870 nullius
1164 1817 1459 1880 efficaciae,
1505 1817 1647 1871 haec
1676 1820 2042 1873 consonantia.
2087 1817 2291 1873 nullius
2323 1819 2396 1873 sit
2425 1817 2740 1874 suavitatis.
2824 1817 2969 1872 Nam
3013 1817 3120 1872 hoc
3209 1895 3214 1898 Ι

382 1897 507 1966 jam
550 1897 752 1950 dudum
794 1897 863 1950 de
908 1896 1156 1950 omnibus
1205 1896 1443 1966 quinque
1489 1897 1892 1965 objectionibus
1939 1905 2066 1953 erat
2111 1899 2423 1960 dicendum;
2469 1899 2612 1968 quod
2659 1895 2703 1952 si
2741 1896 3014 1961 valerent,
3061 1896 3120 1950 in

392 1977 601 2031 musica
644 1992 825 2047 aeque
870 1976 1129 2030 valerent
1170 1992 1241 2030 ac
1284 1977 1341 2030 ia
1386 1977 1615 2046 negotio
1662 1984 2016 2047 aspectuumz
2065 1995 2168 2032 nec
2209 1979 2358 2032 ratio
2405 1979 2526 2036 ulla
2561 1975 2824 2041 redditur,
2871 1991 2970 2032 cur
3005 1975 3120 2030 hae

392 2071 597 2127 causae
637 2055 871 2110 valeant
910 2054 1040 2119 illic,
1084 2071 1195 2109 non
1232 2057 1465 2112 valeant
1490 2055 1597 2110 hic.

548 2132 655 2207 gg)
697 2136 785 2188 De
813 2134 1121 2205 octangula
1164 2135 1335 2190 stella
1376 2152 1468 2190 res
1497 2141 1587 2190 est
1611 2136 1747 2190 alia.
1832 2137 1942 2192 Cur
1981 2137 2125 2192 enim
2171 2136 2274 2190 illa
2315 2153 2438 2192 cum
2475 2137 2774 2210 sesquadro
2803 2135 3120 2196 eliminetur

390 2233 489 2272 seu
516 2215 697 2288 magis
726 2221 1099 2285 postponatur
1124 2232 1197 2268 ex
1227 2215 1565 2285 aspectibus,
1612 2232 1723 2270 non
1768 2216 1902 2270 item
1938 2233 1970 2270 e
2009 2217 2218 2272 musica
2248 2216 2563 2270 eliminetur
2609 2223 2777 2273 sexta
2825 2214 2999 2270 minor
3043 2232 3116 2270 ex

389 2295 693 2370 octangulo
718 2300 881 2350 nota:
930 2293 1053 2364 ejus
1080 2294 1163 2348 rei
1193 2311 1391 2348 causas
1419 2310 1528 2365 ego
1557 2295 1807 2364 explicui
1848 2295 1947 2350 lib.
1979 2295 2074 2350 lv.
2103 2297 2370 2352 Hannon.
2403 2311 2527 2364 cap.
2558 2296 2612 2348 6.
2697 2294 2922 2349 Scilicet
2945 2294 3118 2349 etiam

388 2376 536 2432 circa
560 2377 705 2430 bunc
735 2388 919 2445 aequa
944 2375 1084 2428 liunt
1134 2382 1249 2428 tam
1276 2373 1332 2428 in
1359 2373 1568 2428 musica
1596 2390 1760 2445 quam
1803 2374 1953 2428 inter
1977 2381 2254 2445 aspectus,
2306 2376 2486 2445 quoad
2531 2373 2916 2445 proportiones
2963 2375 3116 2444 ipsas

390 2454 425 2509 3
456 2461 515 2508 et
545 2454 579 2508 5
618 2455 689 2508 ad
718 2453 780 2517 8,
831 2461 961 2506 sunt
997 2453 1143 2506 enim
1176 2452 1433 2524 utrinque
1462 2453 1635 2506 viles:
1686 2459 1749 2506 at
1788 2461 2019 2524 propter
2045 2470 2366 2508 concursum
2411 2454 2468 2507 in
2502 2469 2618 2508 una
2663 2453 2906 2507 sectione
2951 2453 3117 2508 trium

386 2533 801 2605 proportionum
830 2529 891 2595 3,
928 2533 961 2586 5
992 2539 1052 2585 et
1073 2533 1142 2596 -5,
1175 2532 1212 2588 8
1242 2540 1302 2586 et
1330 2531 1391 2596 3,
1425 2531 1486 2596 8.
1536 2531 1693 2601 cujus
1722 2534 1868 2588 ratio
1910 2531 2057 2586 inter
2095 2541 2354 2603 aspectus
2392 2533 2636 2587 habetur
2660 2532 2833 2596 nulla,
2881 2531 3118 2588 nobilior

388 2617 481 2668 est
516 2613 659 2666 haec
700 2612 1031 2682 octogonica
1070 2619 1226 2666 secta
1265 2612 1319 2666 in
1371 2611 1596 2666 musica.

545 2687 653 2761 hh)
694 2692 809 2746 Imo
854 2707 985 2744 vero
1012 2697 1075 2744 et
1111 2690 1201 2744 hic
1249 2697 1531 2761 operatur,
1580 2697 1727 2745 teste
1756 2690 2109 2760 experientia
2153 2697 2214 2744 et
2254 2691 2590 2746 contrariam
2629 2690 3113 2761 octangularirex-

384 2773 597 2844 peritur
626 2772 901 2827 formnam
938 2771 996 2825 in
1032 2770 1268 2834 musica3
1316 2771 1527 2827 nullam
1554 2771 1697 2825 enim
1726 2771 2026 2825 sectionem
2061 2769 2400 2841 peculiarem
2429 2770 2742 2827 constituit:
2789 2771 2914 2825 vide
2943 2786 3113 2841 saepe

384 2854 695 2923 allegatum
726 2868 849 2921 cap.
882 2852 935 2905 6.
966 2851 1062 2905 lib.
1092 2853 1185 2905 IV.
1216 2852 1481 2906 Hannon.
1565 2851 1731 2904 Vides
1776 2850 1954 2921 igitur
1981 2866 2206 2905 causam
2251 2852 2406 2905 illam
2454 2850 2700 2921 quintam
2749 2866 2874 2905 esse
2915 2853 2982 2905 de
3029 2852 3110 2905 ni-

382 2932 527 2995 hilm
570 2932 733 3003 quasi
760 2929 855 3001 qui
880 2947 991 2986 non
1016 2930 1253 3000 implent
1275 2930 1583 3000 planitiem,
1632 2930 1669 2983 ii
1698 2947 1807 2985 uon
1835 2930 2054 2999 possint
2095 2930 2214 2985 fieri
2253 2938 2534 3000 aspectus.
2615 2930 2756 2985 Nam
2785 2931 2892 2985 etsi
2921 2930 3110 3001 singu-

384 3013 563 3070 larum
606 3011 913 3080 specierum
948 3028 1060 3065 non
1098 3011 1347 3080 implent,
1389 3018 1453 3064 at
1492 3010 1725 3080 implent
1760 3010 2101 3079 junctarum.

544 3088 605 3156 ii)
648 3089 942 3160 Separatio
988 3090 1181 3161 aliqua
1214 3090 1533 3143 necessaria
1572 3090 1693 3155 fuit,
1742 3090 1840 3143 sed
1883 3089 1988 3145 illa
2015 3091 2086 3145 ob
2105 3088 2318 3145 'causas
2362 3089 2532 3159 longe
2563 3088 2722 3153 alias,
2773 3104 2938 3158 quam
2967 3104 3110 3160 quae

382 3172 472 3225 hic
512 3172 634 3227 loco
678 3168 867 3243 quinto
910 3176 1378 3225 commemoratur.

541 3244 652 3319 kk)
698 3248 942 3319 Optime.
986 3250 1142 3302 valet
1187 3250 1329 3302 enim
1364 3249 1471 3302 hoc
1507 3247 1685 3317 ipsum
1721 3248 1892 3303 etiam
1929 3249 1985 3301 in
2012 3263 2149 3302 vera
2175 3263 2364 3301 causa.
2425 3245 2564 3301 Vide
2593 3247 2854 3301 Harmon.
2885 3246 2980 3301 lib.
3015 3246 3104 3315 [V.

542 3327 609 3395 ll)
652 3330 771 3383 Hoc
798 3328 1019 3382 nimium
1050 3335 1139 3381 est
1165 3334 1224 3382 et
1253 3328 1587 3383 contrarium
1614 3328 1934 3397 praemisso.
2020 3326 2077 3381 Si
2123 3338 2355 3397 propter
2392 3326 2673 3396 ang-ulum,
2722 3326 2911 3397 utique
2941 3326 3106 3381 etiam

382 3417 613 3479 propter
656 3410 921 3481 figurasm
968 3422 1095 3462 uam
1142 3414 1201 3461 et
1242 3408 1428 3478 figura
1472 3424 1574 3477 per
1618 3408 1858 3477 angulos
1889 3406 2243 3461 constituitur
2275 3414 2334 3461 et
2362 3406 2692 3475 angulorum
2719 3406 2968 3461 delectus
3007 3422 3110 3476 per

382 3491 593 3561 figuras
636 3490 719 3543 fit.
802 3488 909 3543 Sed
951 3488 1076 3541 vide
1123 3488 1437 3557 scrupulum
1486 3489 1552 3540 de
1599 3487 1783 3557 figura
1811 3486 2046 3541 centrali
2092 3493 2150 3540 et
2195 3489 2262 3541 de
2291 3484 2769 3539 circumferentiali
2817 3500 3110 3541 excussum

384 3570 479 3624 lib.
521 3570 617 3624 IV.
660 3569 851 3623 Harm.
896 3584 1016 3637 cap.
1062 3567 1117 3623 5.

542 3644 671 3717 mm)
713 3647 821 3702 Hic
847 3647 1241 3717 paragraphus
1270 3645 1655 3716 complectitur
1682 3652 1858 3699 totam
1895 3647 2012 3700 fere
2041 3644 2454 3713 dispositionem
2479 3643 2931 3699 Harmonicorum
2957 3661 3106 3699 meo-
3143 3716 3148 3719 Ι

384 3744 523 3784 rum.
605 3728 747 3783 Nam
794 3744 1075 3783 commune
1126 3726 1263 3781 illud
1308 3726 1719 3797 geometricum,
1768 3732 2034 3795 tanquam
2095 3739 2320 3779 causam
2365 3722 2796 3793 archetypicain,
2845 3723 3102 3793 praemisi

384 3808 480 3863 lib.
512 3809 553 3862 1.
584 3814 645 3861 et
670 3808 737 3862 Π.
755 3848 771 3873 ,
820 3806 945 3878 quid
975 3824 1106 3863 vero
1151 3806 1289 3861 illud
1318 3812 1579 3859 causetur
1622 3806 1677 3859 in
1724 3805 1951 3871 musica,
1995 3803 2276 3875 explicavi
2302 3803 2397 3858 lib.
2429 3804 2555 3867 111..
2599 3802 2726 3871 quid
2773 3803 2828 3858 in
2865 3804 3103 3872 aspecti-

383 3890 485 3943 bus
525 3888 624 3943 lib.
669 3887 763 3941 lv,

540 3964 637 4034 nn)
680 3967 913 4021 Frustra
953 3964 1057 4019 has
1088 3981 1284 4019 causas
1314 3984 1385 4020 ex
1415 3963 1723 4019 Ptolemaei
1752 3962 1968 4019 musicis
2016 3968 2348 4033 expectatae
2390 3977 2426 4015 a
2451 3976 2538 4015 me
2567 3979 2706 4027 esse,
2763 3964 2940 4017 lector
2987 3960 3104 4033 ipse

382 4048 541 4111 dicet,
590 4046 638 4100 si
676 4047 894 4117 quando
938 4050 1193 4099 auctores
1239 4045 1299 4099 hi
1346 4063 1464 4100 cum
1496 4044 1630 4099 meis
1660 4042 1805 4097 notis
1835 4045 2088 4107 edantur,
2136 4043 2259 4097 Deo
2287 4040 2459 4095 vitam
2487 4051 2847 4113 prorogante.
2907 4044 3102 4111 (comp.

382 4140 552 4185 annot.
592 4130 704 4195 38.)
786 4126 1003 4179 Haeret
1050 4124 1193 4177 enim
1234 4124 1587 4179 Ptolemaeus
1640 4124 1695 4178 in
1751 4123 2025 4186 numeris,
2081 4130 2148 4176 ut
2187 4138 2382 4184 causa,
2428 4120 2546 4175 sine
2595 4127 2856 4192 respectu
2895 4120 3102 4190 figura·

380 4225 526 4272 rum,
588 4213 656 4260 ιιι
711 4204 923 4260 numeri
973 4205 1278 4267 numerati;
1342 4204 1532 4275 itaque
1584 4210 1643 4257 et
1694 4202 2009 4258 harmonias
2061 4202 2354 4255 nonnullas
2410 4217 2534 4257 cum
2571 4202 2857 4256 veteribus
2896 4198 3104 4268 iniuste

379 4249 689 4357 proscribit,
734 4290 793 4339 et
832 4284 1133 4339 intervalla
1174 4286 1443 4354 quaedam
1484 4286 1631 4337 inter
1672 4283 1940 4337 concinna
1979 4282 2182 4351 recipit
2220 4282 2374 4336 nullo
2417 4280 2637 4335 illorum
2676 4282 2890 4335 merito.
2964 4280 3108 4333 Vide

382 4368 571 4421 Harm.
612 4382 770 4421 meae
810 4365 910 4419 lib.
954 4364 1049 4419 111.
1080 4354 1153 4429 ⁸³)

541 4441 639 4516 oo)
678 4446 767 4501 De
820 4444 906 4499 his
964 4448 1194 4513 praeter
1245 4442 1653 4512 propositiones
1704 4458 1743 4496 a
1778 4439 2104 4511 Dasypodio
2145 4438 2458 4509 exscriptas
2517 4438 2653 4493 nihil
2701 4439 2829 4493 vidi.
2911 4439 3106 4509 Neque

380 4532 572 4581 tamen
610 4542 739 4597 spes
782 4532 887 4589 est,
930 4522 989 4577 in
1026 4522 1257 4579 Euclide
1296 4528 1577 4593 repertum
1618 4521 1704 4587 iri,
1749 4536 1891 4591 quae
1917 4520 2290 4583 Ptolemaeus,
2335 4534 2478 4589 quae
2505 4518 2866 4589 Porphyrius,
2911 4526 3108 4573 aetate

379 4606 737 4677 posteriores,
778 4621 890 4661 non
927 4603 1159 4659 habent.
1194 4594 1266 4669 ⁸⁴)

2557 4882 2684 4934 ¹0*
