3634 5575
615 384 744 466 {72
1637 397 1863 462 Mysterii
1900 397 2300 465 cosmograpbioi

609 569 772 622 sunt.
867 557 1162 640 Optarem
1208 566 1408 622 autem
1457 560 1985 639 (quemadmodum
2032 577 2126 620 me
2173 576 2376 620 coram
2422 559 2651 621 dixisse
2709 559 3051 622 meminisse
3094 559 3333 641 potes),

611 647 1009 730 Copernicum
1057 649 1488 711 dimensionum
1535 649 1746 710 harum
1793 648 2180 710 fundamenta
2227 666 2343 709 non
2383 647 2684 729 antiquas,
2734 649 2843 709 sed
2890 667 3079 710 novas
3114 648 3335 710 obser-

609 738 890 799 vationes
939 738 1320 801 assumsisse.
1419 734 1666 798 Grande
1713 736 1875 797 enim
1922 745 1987 797 et
2032 737 2291 798 immane
2336 737 2708 818 postulatum
2752 737 2903 799 illud
2932 745 3030 798 est
3076 737 3211 810 (lib.
3246 737 3333 798 V.

609 844 742 905 cap.
793 823 932 898 30.)
980 846 1111 888 cum
1172 825 1642 898 concedendum,
1693 824 1917 905 inquit,
1954 833 2267 906 putamus,
2316 826 2927 889 commensurationes
2974 825 3336 887 circulorum

609 915 906 978 mansisse
965 935 1003 976 a
1056 914 1404 976 Ptolemaeo
1454 915 1815 975 etiamnunc.
1920 913 2079 976 Nam
2152 913 2287 993 ipsa
2351 914 2617 976 Terrena
2672 913 3335 994 eccentricitassdimi-

611 1012 759 1066 nuta
824 1003 976 1066 alios
1034 1022 1310 1066 numeros
1374 999 1734 1082 postulatd).
1830 1003 1961 1064 Nec
2028 1002 2185 1063 enim
2238 1021 2446 1064 verum
2504 1012 2627 1078 est,
2696 1003 2853 1085 quod
2912 1000 3211 1065 Rheticus
3272 1000 3337 1064 in

609 1091 952 1153 narratione
1001 1091 1165 1164 dicit,
1215 1091 1370 1172 quod
1415 1091 1472 1152 in
1522 1090 1821 1153 Mercurio
1871 1091 2037 1152 nulla
2084 1109 2315 1172 quoque
2363 1091 2521 1154 sicut
2566 1093 2625 1154 in
2669 1093 2826 1154 Jove
2874 1090 3173 1154 sentiatur
3220 1109 3333 1152 ec-

610 1178 1010 1242 centricitatis
1065 1180 1350 1242 mutatio:
1420 1199 1557 1240 nam
1622 1199 1740 1241 non
1803 1178 2081 1241 similiter
2136 1178 2300 1242 Solis
2358 1181 2611 1262 apogaei
2676 1182 2837 1243 latus
2894 1198 3002 1242 suo
3060 1197 3339 1260 apogaeo

611 1268 861 1330 claudit.
953 1268 1086 1330 Huc
1134 1269 1389 1342 accedit,
1441 1269 1598 1349 quod
1635 1268 2045 1330 Ptolemaicae
2095 1269 2549 1331 observationes
2597 1269 2750 1332 satis
2797 1287 3043 1332 crassae
3090 1277 3155 1330 et
3180 1283 3337 1345 par-

613 1357 754 1418 tiles
803 1363 961 1432 sunt,
1011 1375 1161 1437 quas
1208 1356 1445 1419 omnino
1491 1358 1957 1438 praecisioribus
2005 1357 2303 1438 corrigere
2344 1359 2683 1438 oportebat.
2778 1357 2904 1421 Sed
2952 1357 3025 1418 de
3072 1357 3167 1418 his
3212 1357 3345 1438 jam

609 1445 837 1507 frustra
883 1446 1164 1526 conqueri
1212 1445 1373 1507 licet.
1470 1447 1539 1507 In
1587 1453 1692 1508 tuo
1740 1453 1941 1508 autem
1987 1446 2328 1526 proposit0‚
2394 1446 2444 1509 si
2492 1447 2717 1510 numeri
2765 1431 2824 1509 hi
2873 1453 3172 1524 utcunque
3220 1441 3342 1506 tibi

607 1533 1036 1613 respondeant,
1087 1543 1147 1596 te
1195 1541 1372 1613 putes
1403 1533 1598 1596 officio
1630 1542 1734 1596 tuo
1775 1535 2017 1616 egregie
2059 1535 2343 1609 functum,
2394 1535 2625 1614 tibique
2674 1535 3171 1638 quemadmodum
3204 1532 3341 1597 Co-

609 1622 890 1701 pernicus
949 1621 1107 1701 apud
1163 1621 1483 1684 Rbeticum
1541 1623 1600 1684 in
1659 1623 1923 1703 epistola
1974 1623 2364 1688 vehementer
2418 1625 2770 1704 gratuleriS,
2829 1623 3169 1686 certissima
3226 1641 3341 1702 spe

610 1711 821 1781 fretus,
871 1711 1220 1791 propediem
1268 1711 1422 1785 fore,
1491 1718 1560 1772 ut
1603 1711 1919 1773 occasione
1967 1712 2206 1786 horum,
2274 1731 2426 1792 quae
2475 1732 2513 1773 a
2557 1722 2620 1774 te
2666 1711 3147 1792 ingeniosissime
3194 1719 3349 1773 sunt

614 1797 884 1874 inventa,
933 1806 1141 1861 cetera
1187 1818 1448 1880 quoque,
1499 1819 1650 1880 quae
1689 1801 1822 1880 jam
1870 1800 2063 1860 adhuc
2113 1799 2295 1862 dubia
2341 1809 2505 1876 sunt,
2536 1809 2621 1864 et
2667 1811 3142 1864 astronomorum
3188 1819 3345 1862 coe-

608 1893 740 1948 tum
787 1906 902 1948 non
950 1906 1164 1967 parum
1211 1897 1511 1968 torquent,
1561 1888 1919 1969 planissima
1964 1889 2086 1951 sint
2135 1889 2490 1962 futura“·).-

1371 2063 1459 2126 IN
1506 2062 1786 2128 CAPUT
1832 2063 2229 2130 DECIMUM
2273 2063 2581 2130 NONUM

1535 2219 1552 2236 .
1663 2187 1893 2238 noran
1930 2186 2286 2239 merolus,

772 2288 835 2360 a)
881 2295 1265 2350 Refractiones
1311 2296 1601 2352 stellarum
1650 2298 1908 2368 appellat
1949 2299 2139 2369 Tycho
2180 2298 2453 2359 Brabeus,
2500 2296 2593 2367 qui
2635 2296 2781 2350 banc
2826 2295 3109 2352 doctrinae
3156 2302 3345 2352 astro-

605 2373 855 2430 nomicae
901 2383 1118 2446 partem
1165 2375 1456 2430 constituit
1501 2377 1887 2448 excoluitque,
1938 2377 2035 2432 lib.
2084 2379 2669 2450 Progymnasmatum,
2714 2375 2809 2447 qui
2852 2395 2927 2432 ex
2972 2394 3038 2431 eo
3084 2383 3345 2446 tempore

607 2453 813 2525 prodiit
857 2454 913 2508 in
959 2456 1153 2518 lucem,
1203 2472 1366 2526 quam
1392 2455 1562 2512 etiam
1603 2464 1823 2527 partem
1864 2458 1967 2512 feci
2000 2457 2366 2513 astronomiae
2397 2455 2579 2510 Partis
2612 2455 2844 2526 Opticae
2892 2463 3024 2510 ante
3060 2455 3129 2511 15
3160 2472 3346 2510 annos

523 2565 534 2574 -
615 2532 820 2596 editae,
869 2536 1110 2606 auxique
1154 2535 1210 2588 in
1255 2535 1408 2605 Epit.
1455 2540 1607 2592 Astr.
1656 2538 1753 2591 lib.
1803 2539 1847 2592 I.

772 2609 838 2685 b)
889 2615 976 2670 Ita
1016 2614 1282 2669 creditum
1328 2621 1417 2669 est
1460 2616 1743 2688 hucusque
1790 2620 1858 2671 de
1902 2615 2204 2676 Mercurio;
2253 2633 2353 2669 nec
2394 2632 2557 2687 nego,
2607 2630 2867 2686 magnam
2912 2633 3035 2668 esse
3082 2631 3344 2669 verorum

611 2693 780 2748 etiam
814 2693 934 2762 ejus
963 2701 1210 2748 motuum
1238 2693 1630 2761 diversitatem,
1677 2698 1771 2751 sed
1803 2714 1945 2767 quae
1986 2696 2315 2767 quantitatis
2359 2700 2448 2748 est
2491 2711 2598 2748 non
2644 2695 2853 2748 formae
2901 2712 2999 2748 seu
3039 2694 3344 2765 principio·

609 2792 747 2846 rum,
797 2779 861 2829 ut
906 2775 1174 2829 hactenus
1221 2765 1579 2839 docebamur;
1627 2777 1714 2832 his
1761 2776 1903 2832 enim
1950 2775 2231 2871 principiis
2278 2775 2374 2830 ille
2416 2774 2553 2831 nihil
2599 2772 2779 2829 differt
2820 2791 2857 2829 a
2902 2775 3118 2830 ceteris.

777 2852 831 2920 c)
879 2855 1167 2925 sequebar
1195 2854 1248 2909 id
1277 2857 1537 2925 temporis
1567 2874 1902 2912 communem
1932 2856 2260 2927 opinionem,
2309 2856 2638 2910 Mercurium
2666 2860 2861 2909 ventos
2908 2856 2966 2915 in
2993 2854 3179 2926 specie
3206 2872 3345 2910 con·

613 2934 788 2990 citare
815 2952 954 3006 prae
983 2935 1182 2989 ceteris
1209 2936 1471 3004 planetis.
1547 2940 1624 2991 At
1665 2954 1748 2991 me
1795 2938 2091 2992 multorum
2136 2952 2398 2991 annorum
2445 2936 2627 2990 docuit
2656 2935 3024 3005 experientia,
3072 2953 3183 2990 non
3208 2952 3343 2989 esse

607 3014 934 3071 distributas
963 3014 1330 3069 mutationum
1359 3033 1530 3071 aurae
1559 3018 1762 3073 formas
1793 3018 1939 3072 inter
1953 3018 2257 3087 ‘planetam
2306 3018 2401 3069 sed
2432 3016 2776 3087 generaliter
2820 3016 3041 3069 incitari
3078 3022 3343 3071 naturam

605 3096 965 3151 sublunarem
993 3095 1066 3149 ab
1095 3095 1414 3165 aspectibus
1461 3096 1710 3153 binorum
1739 3099 1833 3151 vel
1877 3114 1914 3151 a
1941 3095 2276 3152 stationibus
2318 3096 2685 3187 singulorum3
2732 3102 2799 3149 ut
2842 3095 2926 3150 ita
2960 3097 3203 3149 exsudet
3240 3112 3341 3151 va·

605 3192 772 3245 pores
819 3182 920 3229 aut
965 3174 1141 3229 fumos
1189 3194 1264 3229 ex
1303 3177 1580 3231 montibus
1629 3184 1688 3231 et
1733 3177 1963 3232 officinis
2011 3176 2405 3239 subterraneis,
2454 3175 2545 3245 qui
2588 3192 2825 3245 vapores
2871 3182 2932 3228 et
2978 3174 3109 3229 fumi
3156 3176 3298 3229 vel
3281 3194 3341 3231 m

605 3256 848 3329 pluvias,
897 3256 988 3309 vel
1034 3254 1088 3309 in
1127 3255 1300 3319 nives,
1347 3258 1441 3310 vel
1487 3256 1794 3322 chasmata,
1842 3258 1934 3310 vel
1963 3257 2208 3319 fulmina,
2257 3257 2349 3309 vel
2376 3254 2694 3327 grandines,
2734 3255 2823 3307 vel
2854 3262 3049 3309 tentos
3091 3257 3339 3327 degene—

605 3342 748 3401 rent,
777 3352 880 3428 pro
909 3335 1332 3390 circumstantiis
1379 3338 1623 3391 locorum
1669 3344 1728 3391 et
1755 3345 2079 3407 temporum.
2131 3328 2319 3389 Venti
2366 3342 2516 3389 certe
2570 3335 2760 3427 magni
2804 3336 2892 3388 vel
2925 3352 3204 3406 nunquam
3241 3338 3339 3390 vel

605 3415 885 3471 rarissime
933 3422 1062 3469 sunt
1107 3416 1237 3469 soli:
1286 3415 1479 3485 pluvia
1525 3418 1696 3470 omnis
1748 3424 1879 3471 ante
1928 3435 1987 3472 se
2016 3423 2211 3471 ventos
2260 3414 2399 3487 agit,
2450 3432 2568 3469 cum
2606 3413 2838 3485 primum
2865 3414 3079 3487 ingruit
3122 3416 3341 3486 impetu

615 3501 774 3558 acta3
804 3502 865 3549 et
892 3512 1014 3549 cum
1045 3496 1340 3565 plurimum
1369 3496 1560 3551 furunt
1585 3496 1756 3558 venti,
1785 3497 1839 3551 id
1869 3497 2123 3551 indicium
2152 3503 2241 3549 est
2268 3495 2524 3549 humidae
2553 3494 2961 3549 constitutionis
2992 3495 3140 3550 anni.
3216 3500 3341 3549 Aut

607 3574 837 3630 enimin
864 3576 1138 3630 montanis
1167 3576 1330 3647 pluit,
1378 3579 1522 3630 unde
1550 3576 1700 3631 venti
1749 3577 1979 3647 spirant,
2031 3583 2131 3630 aut
2176 3576 2273 3629 nix
2322 3576 2393 3629 ibi
2441 3574 2689 3639 solvitur,
2739 3581 2841 3628 aut
2866 3590 3043 3644 vapor
3078 3576 3337 3629 humidus

605 3656 816 3726 impetu
845 3672 1060 3710 sursum
1085 3656 1238 3711 latus
1269 3656 1403 3710 alibi
1431 3656 1486 3710 in
1515 3663 1711 3727 guttas
1743 3660 1979 3729 cogitur,
2029 3656 2166 3710 alibi
2194 3661 2459 3710 aestuans
2506 3655 2561 3708 in
2590 3670 2885 3723 supernum
2914 3655 3093 3725 frigus
3136 3655 3337 3725 impin·

606 3735 764 3809 gitur
805 3736 1128 3807 resilitque3
1175 3751 1320 3806 quae
1363 3736 1578 3807 quidem
1623 3737 1794 3791 etiam
1840 3739 1981 3791 lenis
2024 3752 2196 3791 aurae
2243 3736 2469 3807 genesis
2514 3742 2619 3797 est,
2666 3750 2787 3787 cum
2826 3734 3028 3789 ebullit
3055 3750 3230 3805 vapor
3256 3754 3337 3791 ex

607 3816 794 3887 aliquo
813 3822 1019 3880 monte,
1049 3816 1528 3887 repercutiturque
1557 3822 1616 3872 et
1642 3818 1835 3872 defluit
1876 3817 1930 3871 in
1960 3832 2145 3871 omnes
2182 3814 2529 3870 circumcirca
2574 3816 2799 3887 plagas.
2880 3816 2987 3869 Est
3013 3815 3126 3871 ·ubi
3154 3816 3334 3871 omnis

607 3902 710 3952 aer
735 3913 840 3967 per
867 3902 1018 3950 totas
1047 3895 1392 3950 continentes
1431 3905 1696 3953 extensus
1744 3898 2015 3968 principio
2053 3902 2233 3951 motus
2262 3896 2393 3951 dato
2442 3894 2497 3948 in
2535 3894 2807 3949 montanis
2839 3894 3075 3949 omnium
3122 3896 3335 3950 altissi-

607 3976 708 4031 mis
737 3976 794 4031 in
819 3976 976 4031 fluxu
1003 3976 1373 4031 constituitur.
1457 3978 1548 4031 Ita
1576 3977 1746 4032 omnis
1774 3984 1973 4032 ventus
2016 3978 2089 4031 ab
2118 3975 2367 4030 omnibus
2406 3975 2713 4044 promiscue
2758 3976 2941 4029 causis
2970 3976 3061 4028 vel
3104 3976 3333 4029 investi-

605 4056 926 4128 gationibus
983 4062 1221 4111 naturae
1275 4056 1540 4111 concitari
1595 4064 1806 4129 potest;
1868 4075 1969 4112 nec
2024 4058 2198 4111 solum
2255 4054 2507 4109 incusare
2554 4060 2745 4124 potest
2792 4054 3118 4109 Mercurium
3175 4061 3333 4109 ortus
3405 4045 3418 4056 ⁶

606 4144 914 4191 ventorum.

770 4214 826 4282 d)
875 4216 1060 4286 Supra
1095 4215 1312 4280 dictum,
1362 4217 1416 4271 id
1444 4234 1555 4271 non
1581 4233 1704 4270 esse
1744 4215 2053 4287 probabile,
2105 4232 2205 4269 nee
2252 4223 2366 4269 tam
2394 4220 2685 4270 accuratas
2714 4220 2961 4268 veterum
2989 4212 3331 4268 observatio·

610 4314 706 4352 nes
740 4297 809 4351 ad
837 4295 942 4350 hoc
989 4298 1332 4366 probandum
1358 4296 1676 4368 requisitas,
1723 4304 1788 4351 ut
1824 4294 2219 4350 demonstratio
2254 4295 2529 4349 efficiatur
2555 4294 2885 4349 necessaria.
2975 4296 3165 4363 Itaque
3214 4310 3331 4347 am-

609 4378 828 4447 plector
855 4376 1081 4431 axioma
1109 4376 1397 4447 Copernici
1422 4376 1514 4432 hic
1539 4378 1796 4446 positum,
1854 4377 2288 4439 „concedendum
2317 4392 2390 4429 sc.
2422 4374 2978 4429 commensurationes
3006 4372 3331 4427 circulorum

610 4456 936 4511 mansisse.“
986 4457 1048 4511 Id
1093 4456 1238 4511 enim
1285 4459 1488 4513 suadet
1529 4457 1667 4511 coeli
1714 4464 1921 4512 natura
1960 4462 2021 4509 et
2066 4455 2309 4510 inductio
2356 4472 2393 4509 a
2438 4454 2683 4524 planetis
2730 4454 2948 4509 ceteris.

767 4532 828 4606 e)
873 4536 962 4591 Ita
989 4543 1122 4591 tunc
1163 4536 1258 4591 ille
1287 4538 1512 4592 solebat
1537 4536 1642 4592 has
1669 4537 1830 4591 dictis
1858 4536 2104 4591 animare
2134 4552 2342 4606 speque
2370 4549 2551 4598 curas,
2596 4534 2687 4604 qui
2708 4535 2833 4597 etsi,
2878 4535 3058 4604 quoad
3084 4541 3323 4603 tempus,

609 4632 710 4686 spe
755 4616 981 4680 excidit,
1027 4634 1132 4672 neo
1157 4616 1302 4673 enim
1348 4616 1732 4689 „propediem“
1766 4622 1873 4679 est.
1920 4618 2063 4687 quod
2092 4614 2291 4687 viginti
2320 4621 2577 4685 quatuor,
2598 4612 2757 4668 annis
2784 4615 3059 4686 sequitur;
3104 4613 3327 4669 tandem

610 4702 800 4751 tamen
839 4696 960 4766 spei
1001 4714 1136 4753 suae
1179 4714 1398 4767 compos
1441 4703 1530 4777 est
1570 4696 1751 4752 factus
1793 4713 1895 4766 per
1936 4712 2115 4750 meum
2156 4712 2295 4765 opus
2337 4694 2740 4751 Han-monicum.
