3634 5575
537 335 666 406 160
1557 335 1782 402 umoris
1815 335 2219 406 mmmm

1269 545 1358 610 IN
1397 544 1684 652 'CAPUT
1727 543 2129 610 DECIMUM
2174 543 2525 609 SEXTUM

1579 668 1810 721 nom:
1849 668 2205 722 merolus.

689 774 756 846 a)
795 783 876 832 At
925 776 1046 846 jam
1105 777 1163 830 in
1204 778 1382 832 lucem
1433 778 1669 848 prolatis
1713 777 2273 847 contemplationibus
2325 775 2686 842 harmonicis,
2748 777 2938 832 decisa
2988 783 3077 832 est
3118 776 3261 830 baec

529 857 921 922 controversia,
983 856 1082 912 lib.
1127 856 1194 910 V.
1237 856 1428 910 Harm.
1510 857 1750 912 Primum
1810 857 1955 910 enim
1998 857 2317 927 corporibus
2361 856 2494 928 ipsis
2549 857 2788 929 quinque
2830 859 3087 912 ademtae
3128 862 3261 909 suut

529 935 914 1010 proportiones
955 936 1168 990 orbium
1211 953 1284 989 ex
1324 943 1523 1007 parte:
1579 937 1779 991 ultima
1821 953 1895 990 sc.
1940 943 2001 991 et
2042 935 2457 991 absolutissima
2511 935 2721 991 orbium
2782 935 3071 1008 proportio
3114 951 3257 988 com-

529 1016 704 1072 munis
747 1023 836 1070 est
877 1015 1031 1069 facta
1069 1022 1130 1069 et
1171 1016 1490 1084 corporibus
1533 1023 1593 1069 et
1632 1016 1933 1088 harmoniis
1976 1032 2134 1086 prop.
2181 1015 2257 1070 48
2300 1022 2360 1070 et
2404 1016 2494 1070 49.
2540 1032 2663 1086 cap.
2699 1015 2794 1071 IX.
2882 1015 3001 1079 Quo
3044 1013 3259 1068 nomine

531 1095 668 1151 nihil
727 1114 803 1150 ex
864 1095 996 1149 solis
1039 1093 1360 1164 corporibus
1421 1095 1477 1149 in
1535 1095 1683 1149 hanc
1742 1097 1831 1149 vel
1894 1096 2047 1149 illam
2106 1103 2319 1165 partem
2380 1097 2447 1148 de
2503 1096 2664 1151 Luna
2719 1095 2990 1168 disputari
3049 1101 3256 1164 potest.

529 1177 744 1232 Deinde
803 1175 848 1228 si
910 1173 1147 1228 maxime
1190 1192 1265 1228 ex
1307 1175 1440 1228 solis
1501 1174 1740 1246 quinque
1783 1175 2103 1245 corporibus
2163 1175 2533 1229 formarentur
2586 1175 2971 1246 proportiones
3028 1173 3256 1237 orbium,

529 1257 696 1324 hujus
739 1261 926 1311 umen
967 1253 1312 1308 formationis
1353 1256 1544 1308 modus
1589 1255 1730 1308 alius
1750 1296 1763 1318 ,
1825 1262 1891 1308 ut
1930 1255 1986 1308 in
2026 1270 2135 1325 quo
2176 1254 2460 1325 inscriptio
2514 1255 2726 1310 orbium
2766 1255 3005 1326 physica
3048 1253 3258 1324 gradus

527 1334 886 1406 permotionis
925 1333 1344 1404 proportionum
1383 1334 1848 1405 geometricorum
1890 1335 2268 1388 aemularetur
2282 1375 2297 1397 ,
2360 1333 2645 1388 stabilitus
2687 1342 2777 1389 est
2816 1350 2979 1404 prop.
3024 1333 3119 1387 46.
3160 1331 3256 1386 47.

528 1413 716 1470 Tertio
757 1419 982 1470 constat
1021 1429 1096 1468 ex
1139 1413 1388 1468 omnibus
1430 1413 1582 1468 illius
1627 1413 1757 1467 libri
1801 1413 2177 1468 axiomatibus
2218 1419 2278 1468 et
2317 1413 2802 1484 propositionibus,
2844 1415 3095 1469 ultimam
3122 1411 3261 1466 limi-

527 1495 795 1550 tationem
835 1491 1208 1564 proportionis
1251 1493 1641 1548 diastematum
1693 1493 1814 1547 lieri
1866 1493 2235 1548 necessariam
2284 1500 2517 1564 propter
2556 1501 2735 1548 motus
2772 1496 3155 1564 planetarum3
3200 1497 3265 1544 ut

532 1592 608 1628 sc.
669 1574 818 1628 inter
871 1579 1152 1628 extremos
1211 1579 1392 1626 motus
1451 1589 1577 1626 esse
1635 1579 1869 1643 possent
1926 1572 2247 1627 barmoniae
2289 1579 2497 1628 certae.
2580 1573 2636 1627 Si
2696 1574 2827 1638 hoc,
2888 1573 3048 1629 nulla
3086 1570 3261 1642 igitur

535 1660 730 1726 potest
767 1649 968 1707 haberi
1007 1650 1154 1706 ratio
1193 1652 1388 1706 Lunae
1431 1653 1656 1706 Terram
1697 1651 2247 1716 circumcursitantis,
2309 1660 2375 1706 ut
2413 1669 2556 1723 quae
2615 1653 2755 1708 nibil
2795 1653 3009 1708 confert
3066 1653 3137 1710 ad
3179 1650 3259 1704 in·

536 1734 818 1810 citandum
860 1731 950 1784 vel
991 1731 1388 1786 retardandum
1430 1732 1598 1786 ullius
1639 1731 1905 1801 planetae
1946 1739 2169 1795 motum,
2210 1750 2313 1786 nec
2352 1733 2679 1787 curriculum
2704 1749 2861 1788 suum
2904 1733 3052 1786 circa
3077 1730 3261 1786 Solem

539 1818 787 1876 exercet,
831 1827 934 1864 nec
974 1827 1048 1864 ex
1077 1809 1208 1864 Sole
1250 1811 1527 1881 regularis
1569 1819 1808 1882 apparet
1848 1811 1970 1881 ejus
2012 1819 2210 1866 motus.
2294 1813 2436 1866 Nam
2460 1807 2552 1866 ‘ex
2588 1811 2717 1867 Sole
2759 1813 3040 1883 inspectus
3065 1811 3261 1865 Lunae

537 1899 718 1947 motus
760 1891 1041 1944 videretur
1081 1890 1367 1944 saltuatim
1409 1891 1683 1946 incedere.
1767 1891 1860 1946 Sic
1912 1891 2087 1962 igitur
2128 1893 2195 1946 de
2237 1892 2370 1946 orbe
2412 1891 2652 1947 Telluris
2712 1900 2799 1947 est
2852 1891 3259 1962 disputandum,

542 1989 608 2027 ao
649 1971 693 2025 si
734 1971 930 2025 Lunae
975 1970 1188 2024 coelum
1229 1970 1436 2023 nullam
1477 1969 1528 2024 ei
1572 1969 1878 2025 crassitiem
1914 1973 2159 2026 adderet.

659 2048 760 2117 ‘b)
803 2051 960 2104 Haec
999 2049 1219 2120 gemino
1261 2066 1428 2105 seusu
1467 2057 1704 2121 possunt
1746 2051 1955 2121 accipi;
1998 2051 2231 2120 primus,
2274 2051 2459 2106 textui
2500 2051 2856 2113 conveniens,
2900 2057 2990 2104 est
3028 2050 3143 2104 hict
3200 2053 3267 2102 ut

543 2131 620 2186 sit
661 2130 876 2200 quidem
917 2129 1066 2184 orbis
1108 2145 1250 2216 cum·
1269 2131 1436 2193 nodo,
1481 2131 1576 2184 sed
1618 2131 1933 2184 includatur
1974 2129 2159 2185 orbita
2200 2129 2495 2200 planetae,
2534 2137 2731 2186 tantae
2774 2129 3158 2199 spissitudinis,
3200 2135 3267 2182 ut

541 2213 718 2266 nodus
757 2209 850 2264 bio
891 2225 990 2264 seu
1029 2210 1223 2264 Lunae
1263 2210 1506 2273 coelum,
1549 2211 1733 2264 lateat
1771 2217 1949 2265 totum
1990 2210 2157 2275 intus,
2200 2209 2339 2265 nihil
2380 2211 2679 2281 impediens
2726 2210 2971 2264 extimae
3012 2209 3264 2264 intimae·

543 2305 654 2362 que
693 2288 1004 2360 superficiei
1045 2289 1439 2344 rotunditatem
1481 2291 1814 2344 absolutam.
1898 2289 2063 2345 Alter
2088 2305 2285 2344 seusus
2310 2291 2505 2346 horum
2530 2291 2823 2346 verborum
2860 2295 3053 2360 posset
3077 2287 3265 2358 -arripi

549 2371 690 2424 iste:
751 2371 898 2440 quod
937 2368 992 2422 in
1034 2386 1244 2440 genere
1287 2371 1584 2424 absurdum
1625 2369 1720 2433 sit,
1781 2371 1999 2424 Lunam
2043 2370 2326 2425 circumire
2366 2371 2591 2426 Terram
2606 2411 2621 2435 ,
2684 2371 2809 2423 dum
2866 2369 3009 2424 baec
3045 2368 3265 2424 iuterim

544 2451 696 2504 circa
738 2448 924 2504 Solem
973 2448 1194 2506 incedit.
1278 2449 1354 2504 Ut
1409 2448 1586 2520 igitur
1637 2449 1784 2504 hanc
1824 2449 1991 2504 etiam
2052 2449 2417 2519 objectionem
2470 2451 2706 2506 diluam:
2768 2448 2916 2512 dico,
2976 2449 3119 2519 quod
3158 2449 3265 2504 hoc

549 2537 682 2586 tunc
721 2528 1043 2584 concinnum
1088 2527 1256 2583 videri
1297 2529 1575 2600 potuerit,
1639 2546 1759 2582 cum
1801 2531 2041 2584 nondum
2088 2529 2293 2584 detecti
2345 2537 2536 2586 essent
2572 2529 2823 2585 Joviales
2882 2529 3146 2598 planetae
3206 2535 3267 2582 et

543 2617 735 2664 cetera
777 2608 833 2662 in
877 2608 1034 2662 coelo
1077 2625 1237 2664 nova.
1322 2612 1402 2663 At
1442 2625 1516 2662 ex
1559 2626 1666 2679 quo
1709 2609 1810 2662 illa
1838 2609 2053 2674 scimus,
2097 2609 2418 2664 concinnum
2447 2625 2791 2681 nequaquam
2826 2609 3063 2678 amplius
3092 2607 3263 2662 videri

543 2690 726 2752 debet,
771 2705 879 2741 non
921 2705 1063 2751 esse,
1107 2689 1250 2758 quod
1294 2688 1509 2742 omniuo
1553 2694 1656 2751 est,
1702 2691 1875 2742 nodus
1918 2705 1992 2743 sc.
2036 2690 2385 2760 quadruplex
2432 2691 2579 2745 circa
2619 2690 2843 2751 Jovem,
2889 2689 2935 2742 si
2978 2704 3077 2758 pro
3118 2689 3261 2742 nodo

543 2783 807 2840 corporeo
849 2767 1038 2839 spatia
1079 2767 1468 2822 curriculorum
1507 2766 1814 2839 intelligas,
1860 2767 1939 2822 sic
1980 2769 2126 2823 circa
2164 2769 2358 2824 Jovem
2402 2771 2789 2833 ordinatorum,
2837 2776 2904 2823 ut
2945 2767 3090 2823 circa
3130 2768 3260 2823 Ter·

543 2864 662 2903 ram
700 2848 896 2902 Lunae
950 2848 1274 2903 curriculum
1333 2848 1642 2902 ordinatum
1692 2856 1796 2902 est.
1880 2848 2022 2903 Nam
2076 2851 2142 2902 de
2186 2866 2453 2921 corporea
2493 2850 2701 2904 orbium
2761 2848 3041 2903 soliditate
3094 2862 3263 2917 supra

545 2928 685 2983 satis
730 2934 966 2991 cautum,
1013 2932 1076 2980 et
1113 2932 1344 2980 cavetur
1384 2927 1552 2981 etiam
1593 2928 1649 2981 in
1689 2936 1855 2981 textu
1898 2928 2166 2998 sequenti.
2200 2922 2277 2998 ⁶⁸)

705 3004 760 3071 c)
801 3007 1111 3061 consensus
1163 3007 1218 3059 in
1273 3007 1382 3059 hoc
1433 3007 1726 3061 multorum
1779 3024 1885 3077 per
1922 3024 2107 3061 omnes
2150 3015 2370 3063 aetates
2418 3008 2895 3081 pbilosophorum,
2959 3006 3049 3077 qui
3090 3020 3262 3076 supra

547 3089 751 3158 vulgus
801 3102 1005 3157 sapere
1055 3091 1186 3141 sunt
1234 3085 1382 3148 ausi;
1444 3086 1728 3157 Diogenes
1767 3088 2028 3142 Laertius
2070 3092 2452 3161 Anaxagorae
2506 3088 2735 3150 tribuit3
2791 3088 2932 3142 libro
2982 3103 3129 3150 meo,
3172 3084 3261 3139 cui

547 3166 774 3221 titulus:
819 3167 890 3220 ad
935 3165 1285 3221 Vitellionem
1322 3165 1767 3235 Paralipomena,
1813 3168 1997 3237 capite
2038 3170 2107 3221 de
2146 3169 2269 3221 luce
2311 3169 2565 3232 siderum,
2614 3168 2862 3239 allegavi
2902 3166 3263 3221 Plutarchum

548 3248 616 3301 de
657 3244 800 3301 facie
839 3245 1052 3301 Lunae.
1135 3245 1355 3300 Citatur
1396 3254 1456 3299 et
1495 3246 1829 3301 Aristoteles
1870 3248 1941 3301 ab
1968 3252 2234 3303 Averroe.
2316 3250 2522 3305 Verum
2560 3248 2667 3303 hoc
2708 3250 2913 3319 dogma
2950 3254 3261 3318 postremus

548 3326 838 3383 Galilaeus
881 3325 1184 3395 telescopio
1225 3325 1458 3396 Belgico
1501 3326 2029 3381 confirmatissimum
2080 3328 2335 3385 reddidit.
2418 3328 2556 3383 Vide
2606 3326 2777 3383 etiam
2818 3326 3261 3381 dissertationem

543 3422 721 3461 meam
748 3420 881 3459 cum
923 3404 1118 3460 nuncio
1161 3405 1375 3459 sidereo
1419 3406 1681 3460 Galilaei.

703 3478 760 3551 d)
805 3486 974 3539 Certa
1015 3483 1229 3556 quidem
1271 3492 1360 3539 est
1398 3486 1684 3558 proportio
1727 3488 1869 3550 ista,
1930 3502 2003 3541 sc.
2048 3502 2191 3557 quae
2240 3488 2263 3541 l
2312 3488 2383 3541 ad
2428 3486 2502 3541 59
2562 3486 2803 3542 circiter:
2862 3493 2924 3540 at
2976 3484 3260 3558 proportio

541 3564 784 3637 corporis
826 3564 971 3618 Solis
1024 3565 1093 3618 ad
1151 3566 1336 3619 orbem
1377 3565 1635 3621 Mercurii
1691 3574 1781 3620 est
1834 3566 2005 3636 paulo
2050 3566 2195 3631 alia;
2258 3584 2330 3621 sc.
2392 3584 2501 3621 non
2542 3566 2751 3624 medius
2796 3566 2943 3621 orbis
2984 3564 3259 3627 Mercurii,

541 3648 638 3700 sed
679 3644 899 3699 intimus
941 3651 1002 3698 et
1041 3644 1466 3715 angustissimus
1508 3653 1597 3699 est
1637 3646 2025 3708 assumendus;
2084 3645 2169 3700 cui
2210 3645 2267 3700 in
2308 3646 2525 3701 tabella
2570 3646 2767 3715 capitis
2816 3646 2887 3700 15
2943 3646 3262 3699 tribuuntur

549 3728 679 3790 14⁰,
741 3740 862 3778 cum
902 3724 1046 3778 Solis
1098 3725 1503 3779 semidiameter
1559 3743 1633 3779 ex
1675 3728 1869 3779 eadem
1918 3726 2141 3779 Tellure
2192 3725 2504 3795 inspectus,
2566 3726 2850 3780 contineat
2904 3726 3116 3780 minuta
3161 3722 3259 3787 1⁵;

541 3822 711 3877 quare
751 3805 869 3859 fere
909 3810 1000 3857 est
1038 3805 1324 3873 proportio
1372 3820 1514 3874 quae
1563 3806 1587 3858 1
1638 3807 1710 3860 ad
1751 3806 1848 3861 56.

702 3881 758 3950 e)
801 3885 892 3938 Ita
931 3883 1150 3953 quidem
1187 3890 1320 3939 tunc
1359 3885 1685 3948 censebam,
1745 3892 1807 3940 at
1846 3891 2049 3954 postea
2098 3884 2155 3938 in
2196 3884 2494 3939 Comment.
2556 3885 2623 3937 de
2662 3885 2846 3939 Marte
2888 3900 2957 3937 ne
2999 3884 3102 3937 hoc
3144 3884 3259 3954 qui·

545 3968 666 4021 dem
707 3964 998 4019 intellectu
1037 3962 1094 4016 in
1133 3970 1345 4017 motore
1387 3980 1526 4033 opus
1568 3980 1692 4017 esse
1733 3963 2119 4018 demonstravi.
2201 3965 2345 4018 Nam
2370 3963 2475 4018 etsi
2505 3965 2889 4035 proportiones
2916 3970 3105 4017 certae
3134 3972 3265 4017 sunt

543 4043 927 4117 praescriptae
967 4042 1206 4097 motibus
1248 4044 1498 4098 omnibus
1516 4085 1531 4109 ,
1594 4043 1756 4115 idque
1799 4045 1872 4098 ab
1914 4042 2295 4114 intelligentia
2334 4044 2459 4114 ipsa
2499 4060 2758 4115 suprema
2802 4051 2863 4097 et
2900 4042 3096 4108 unica,
3158 4043 3265 4097 boc

541 4132 645 4191 est,
693 4140 730 4179 a
767 4125 890 4179 Deo
933 4128 1211 4177 creatore:
1265 4122 1400 4178 illae
1440 4131 1627 4178 tamen
1676 4124 2063 4195 proportiones
2104 4131 2347 4179 motuum
2390 4123 2516 4179 iude
2570 4138 2608 4179 a
2646 4123 2929 4180 creatione
2976 4123 3262 4197 bucusque

541 4210 937 4261 conservantur
978 4202 1335 4257 invariabiles
1355 4244 1368 4267 ,
1413 4221 1522 4257 non
1563 4220 1664 4273 per
1705 4204 2050 4258 intellectum
2092 4203 2333 4273 aliquem
2374 4204 2571 4259 motori
2610 4212 2979 4267 concreatum,
3023 4204 3121 4257 sed
3161 4220 3264 4273 per

541 4288 678 4339 duas
719 4300 810 4338 res
854 4282 1022 4344 alias;
1065 4282 1243 4353 prima
1285 4289 1387 4346 est,
1434 4284 1885 4353 aequabilissima
1925 4289 1985 4337 et
2023 4282 2281 4353 perennis
2323 4285 2531 4337 rotatio
2574 4283 2816 4355 corporis
2857 4282 3097 4347 Solaris,
3143 4300 3263 4337 cum

542 4364 726 4436 specie
769 4362 852 4417 sui
909 4362 1307 4425 immateriata,
1365 4362 1421 4415 in
1464 4369 1639 4417 totum
1691 4365 1943 4418 mundum
1986 4370 2313 4430 emanante,
2367 4380 2509 4434 quae
2569 4364 2780 4434 species
2822 4363 2994 4416 vicem
3034 4362 3261 4417 motoris

540 4448 828 4514 praestat;
873 4443 1059 4496 altera
1099 4456 1270 4496 causa
1310 4448 1440 4496 suut
1479 4443 1815 4497 libramenta
1855 4449 1918 4497 et
1957 4443 2305 4513 magneticae
2334 4442 2661 4498 directiones
2692 4458 2979 4513 corporum
3020 4442 3263 4512 ipsorum

542 4523 820 4578 mobilium
861 4521 1228 4577 immutabilia
1266 4527 1326 4575 et
1363 4523 1648 4591 perennia.
1733 4524 1809 4577 Ut
1850 4522 1931 4576 sic
1971 4538 2147 4593 aeque
2188 4539 2296 4577 nou
2338 4522 2517 4594 magis
2558 4522 2633 4577 sit
2674 4540 2811 4593 opus
2842 4522 3111 4577 creaturis
3140 4520 3261 4578 istis

541 4602 836 4657 intellectu
894 4604 965 4656 ad
1013 4604 1250 4657 tuendas
1301 4608 1545 4656 motuum
1598 4602 2011 4673 proportiones,
2075 4609 2245 4673 atque
2304 4603 2483 4657 librae
2530 4603 2783 4657 lancibus
2824 4610 2886 4656 et
2928 4602 3262 4673 ponderibus

543 4688 728 4737 mente
769 4689 858 4737 est
899 4698 1036 4753 opus
1079 4684 1152 4737 ad
1191 4682 1526 4752 prodendam
1567 4684 1980 4753 proportionem
2020 4684 2341 4752 ponderum.
2426 4682 2549 4737 Etsi
2606 4690 2735 4737 sunt
2776 4682 2893 4737 alia
2931 4689 3265 4753 argumenta

547 4761 744 4833 quibus
786 4762 1074 4831 probatur,
1116 4762 1298 4817 inesse
1328 4761 1383 4816 in
1411 4762 1734 4832 corporibus
1762 4764 2119 4835 planetarum
2148 4763 2349 4817 saltem
2377 4762 2617 4817 Telluris
2646 4768 2707 4817 et
2732 4762 2878 4817 Solis
2920 4762 3261 4816 intellectum

544 4841 802 4915 aliquem,
845 4858 952 4897 nou
993 4842 1206 4913 quidem
1247 4841 1710 4908 ratiocinativum,
1759 4850 1825 4899 ut
1852 4843 1909 4897 in
1936 4842 2185 4905 homine;
2234 4848 2485 4897 attamen
2514 4843 2831 4898 instinctum
2868 4842 3017 4897 utin
3044 4843 3261 4912 planta,
