3634 5575
1431 388 1756 441 moenium.
2857 390 2943 461 49

243 545 414 607 dicos
458 562 664 617 novos.
713 548 804 609 uti
847 565 952 609 eos
996 546 1138 609 mihi
1183 566 1432 626 praeses
1477 548 1915 611 ordinariorum
1962 550 2091 631 (qui
2136 548 2196 611 in
2235 548 2609 613 dedicatione
2654 550 2945 615 nominati

243 637 417 707 sunt)
464 635 649 696 frater
695 635 856 698 illius
887 635 1188 714 capitanei
1223 635 1432 698 itidem
1467 655 1577 717 pro
1606 637 1835 718 aliquot
1862 638 2280 703 nativitatibus
2310 638 2461 701 dono
2492 638 2677 701 dedit.
2742 640 2945 703 Nolim

243 730 446 785 autem
491 732 744 797 metuas,
793 732 861 785 ut
904 724 1097 785 minus
1143 724 1312 787 dives
1361 744 1474 805 ego
1520 726 1676 789 fiam.
1752 728 1909 789 Nam
1938 727 2275 807 hujusmodi
2302 725 2554 808 aucupia
2599 746 2739 789 rara
2782 736 2939 793 sunt.

242 809 558 887 Quamvis,
608 812 660 873 si
687 812 852 876 Deus
883 812 1126 875 cuilibet
1157 813 1396 877 animali
1435 814 1600 880 dedit
1634 814 2033 877 instrumenta
2070 816 2231 878 vitae
2280 816 2740 893 conservandae,
2791 836 2941 899 quae

241 900 468 966 invidia
513 909 632 973 est,
677 902 730 965 si
776 901 984 963 eodem
1029 902 1276 966 consilio
1327 910 1667 966 astronomo
1716 904 1988 985 adjungit
2032 904 2463 985 astrologiam?
2534 906 2695 969 Illud
2738 906 2941 987 itaque

237 990 520 1069 poculum
565 988 898 1069 Schillingo
937 998 1150 1059 ‚nostro
1195 992 1528 1072 propinavi,
1577 992 1667 1053 uti
1713 994 1844 1055 loco
1890 1002 1995 1057 tuo
2039 996 2457 1073 responderet,
2506 1012 2831 1075 precorque
2875 1002 2943 1057 ut

240 1097 428 1139 sanus
475 1086 537 1141 et
581 1087 832 1159 vegetus
878 1086 944 1141 et
987 1080 1118 1161 ipse
1163 1081 1547 1162 respondeas.
2925 1152 2933 1161 ,

421 1166 548 1230 Sed
593 1168 672 1231 ad
718 1168 982 1231 libellum
1027 1188 1220 1233 meum
1266 1170 1464 1232 redeo.
1557 1168 1750 1233 Estne
1797 1168 2095 1233 sufficiens
2154 1170 2265 1233 hoc
2312 1190 2389 1233 ex
2432 1170 2781 1235 infelicitate
2827 1171 2938 1234 de-

238 1255 484 1319 ductum
513 1263 942 1337 argumentum,
991 1256 1302 1320 materiam
1335 1259 1550 1319 falsam
1581 1258 1764 1321 esse?
1828 1259 1927 1321 An
1967 1278 2195 1339 poenas
2242 1260 2337 1323 luo
2376 1258 2659 1339 juvenilis
2691 1260 2938 1323 temeri-

237 1344 388 1406 tatis
435 1353 499 1407 et
542 1346 864 1409 affectatae
897 1347 1224 1427 pompae?
1316 1347 1636 1428 Tycbonis
1673 1356 1837 1409 certe
1890 1348 2153 1410 rationes
2217 1368 2309 1411 me
2374 1348 2521 1411 nihil
2578 1356 2821 1411 movent
2874 1356 2942 1411 ut

237 1433 525 1497 dubitem.
599 1435 758 1500 Nam
802 1435 916 1497 etsi
962 1435 1200 1498 vitiosis
1247 1437 1632 1499 abscessuum
1677 1436 2160 1516 proportionibus
2208 1456 2240 1498 e
2272 1434 2602 1518 Copernico
2651 1438 2940 1501 desumtis

239 1524 336 1595 (ut
402 1542 479 1584 ex
545 1524 676 1605 ipso
739 1522 1045 1603 intelligo)
1109 1524 1634 1604 superaedificavi:
1721 1524 1929 1587 vitium
1992 1532 2194 1587 tamen
2258 1526 2419 1589 inest
2476 1525 2939 1606 particularibus

235 1611 518 1687 motibuS,
570 1611 666 1692 qui
697 1612 973 1692 exiguam
1001 1612 1261 1675 inferunt
1287 1614 1662 1676 varietatem.
1729 1613 2001 1675 Veniant
2044 1614 2105 1675 in
2152 1616 2340 1677 lucem
2386 1614 2517 1694 ejus
2563 1615 2939 1678 narrationes

241 1702 574 1776 coelestes;
631 1700 950 1763 videbitur.
1039 1702 1254 1763 Placet
1298 1704 1546 1783 optime,
1595 1703 2036 1784 deprehendere
2084 1702 2279 1782 ipsum
2324 1704 2726 1780 observando,
2784 1703 2941 1785 quod

241 1808 352 1870 ego
397 1790 812 1852 ratiocinando
858 1791 1244 1870 collegeram,
1310 1800 1607 1871 praeter
1663 1790 2049 1854 circuitum
2108 1792 2305 1854 circa
2357 1792 2655 1855 eundem
2700 1790 2939 1855 Solem

240 1878 426 1942 nihil
476 1880 630 1941 fere
687 1879 1018 1958 pluribus
1071 1880 1397 1959 planetis
1453 1899 1810 1943 commune
1868 1899 2027 1942 esse
2076 1880 2353 1944 debere.
2448 1881 2659 1963 Itaque
2705 1898 2939 1943 rursum

239 1968 477 2047 gestio:
541 1968 700 2031 Veni
748 1967 950 2049 Tycho
1007 1976 1070 2030 et
1113 1968 1236 2031 noli
1281 1970 1544 2032 tardare.
1636 1970 1949 2049 Deponam
1996 1977 2196 2031 autem
2242 1969 2400 2050 apud
2444 1980 2506 2033 te
2554 1988 2745 2033 meam
2794 1987 2936 2049 spe-

241 2056 621 2133 culationem,
670 2063 738 2119 ut
773 2058 966 2137 judex
1006 2057 1116 2131 sie,
1163 2079 1239 2119 an
1288 2058 1605 2121 conveniat
1651 2077 1783 2120 cum
1811 2058 2112 2141 Tychone,
2164 2059 2215 2119 si
2261 2060 2313 2120 is
2356 2060 2628 2135 prodeat.
2700 2057 2941 2139 Jupiter

239 2146 419 2209 debet
465 2146 688 2209 habere
735 2145 1212 2212 mediocritatem
1257 2147 1318 2209 in
1367 2147 1600 2211 duabus
1641 2156 1841 2209 motus
1896 2148 2277 2227 particularis
2337 2148 2757 2230 qualitatibus,
2814 2146 2939 2211 Sa·-

239 2243 446 2297 turnus
497 2254 807 2298 excessum
851 2236 916 2297 in
959 2255 1098 2311 una,
1147 2236 1448 2298 defectum
1491 2238 1550 2298 in
1597 2236 1817 2312 altera,
1866 2236 2037 2298 Mars
2084 2235 2359 2317 opposito
2404 2239 2580 2300 modo
2630 2255 2941 2302 excessum

243 2324 335 2385 vel
382 2322 730 2399 d‘efectum3
777 2330 906 2386 tres
951 2324 1286 2405 superiores
1333 2325 1556 2387 debent
1601 2326 1718 2387 alio
1763 2326 1823 2387 in
1872 2344 2089 2405 genere
2128 2325 2439 2405 qualitatis
2467 2325 2714 2401 versari,
2764 2342 2941 2406 quam

240 2414 350 2475 duo
397 2412 734 2479 inferiores.
827 2413 1037 2475 Venus
1085 2413 1265 2475 debet
1319 2413 1375 2475 in
1435 2413 1558 2477 suis
1612 2422 1808 2478 motus
1872 2414 2265 2495 qualitatibus
2321 2434 2455 2478 esse
2516 2413 2811 2495 opposita
2836 2413 2939 2476 uni

239 2502 560 2577 Merena-ic,
607 2510 676 2564 ut
701 2501 940 2581 Jupiter
967 2502 1232 2567 Saturno
1270 2503 1548 2565 et‘Marti
1591 2503 1786 2566 simul.
1850 2501 1990 2565 Jam
2028 2521 2178 2583 quae
2225 2503 2299 2565 de
2346 2503 2731 2584 ampliatione
2778 2502 2941 2565 orbis

237 2591 411 2653 annui
456 2590 624 2666 dicit,
674 2599 908 2653 tantum
955 2590 1149 2665 abest,
1199 2599 1266 2653 ut
1309 2611 1405 2653 me
1453 2593 1796 2656 absterreat
1829 2611 1868 2652 a
1896 2590 2229 2673 Copernico
2279 2593 2405 2664 (vel
2434 2592 2619 2653 etiam
2648 2612 2687 2653 a
2713 2588 2753 2655 5
2800 2608 2937 2653 cor-

238 2679 532 2759 poribus),
583 2688 652 2742 ut
688 2680 890 2759 potius
919 2699 1026 2741 suo
1057 2679 1246 2759 ipsum
1277 2680 1616 2763 Tychonem
1661 2680 1863 2761 gladio
1912 2680 2087 2743 ferire
2134 2681 2407 2744 mediter.
2472 2678 2694 2753 Quint>-
2720 2698 2939 2761 ergone

243 2777 332 2832 tot
377 2769 740 2832 monstrosis
787 2769 1046 2833 motibus
1091 2777 1226 2832 tota
1268 2771 1457 2833 moles
1503 2770 1542 2835 5
1580 2771 1959 2852 planetarum
1994 2791 2113 2832 una
2146 2790 2279 2832 cum
2307 2769 2471 2848 Sole,
2518 2778 2723 2832 centro
2767 2769 2936 2851 ipso-

239 2877 398 2935 rum,
469 2858 774 2920 volvitur?
865 2857 1108 2929 Quanto
1165 2858 1400 2921 facilius
1453 2861 1618 2924 credi
1670 2867 1878 2940 potest
1925 2855 2255 2939 Copernico
2274 2908 2292 2936 ,
2360 2859 2546 2922 solius
2608 2858 2671 2922 id
2717 2859 2939 2922 Terrae

237 2956 394 3008 motu
457 2947 629 3010 fieri:
697 2965 826 3008 cum
889 2949 1070 3010 iidem
1135 2948 1406 3028 utrinque
1464 2950 1586 3011 sint
1640 2951 1908 3012 effectus.
2002 2947 2127 3011 Sed
2173 2949 2313 3030 quid
2368 2967 2480 3028 ego
2526 2948 2684 3011 tibi?
2775 2945 2937 3019 Quid

239 3035 551 3118 Tychoni?
641 3035 906 3098 Dubium·
943 3037 1062 3101 iion
1127 3045 1261 3114 est,
1327 3037 1464 3118 quin
1519 3039 1648 3118 ipse
1713 3038 1824 3099 hoc
1883 3037 2206 3117 intelligat.
2298 3037 2536 3118 Ergone
2586 3037 2779 3100 solum
2825 3038 2937 3099 bas

239 3125 504 3188 rationes
538 3124 744 3198 habet,
790 3143 938 3204 quas
969 3125 1300 3205 Copernico
1331 3128 1642 3207 opponat?
1705 3128 1804 3190 An
1852 3127 2048 3207 major
2092 3126 2187 3188 his
2228 3127 2560 3190 rationibus
2595 3126 2689 3188 vis
2735 3126 2935 3200 inerit,

237 3215 334 3276 ubi
377 3215 436 3276 in
489 3214 890 3276 fundamentis
935 3215 1060 3276 suis
1109 3224 1172 3277 et
1215 3216 1578 3278 sufficienter
1615 3216 2190 3278 considerabuntur?
2251 3217 2322 3278 Id
2353 3216 2554 3296 utique
2581 3214 2935 3278 videbimus.

241 3301 414 3366 Certe
461 3302 621 3384 quod
670 3303 843 3379 dicit,
892 3323 960 3364 se
1005 3305 1067 3365 in
1113 3305 1262 3366 meis
1310 3303 1502 3368 literis
1549 3306 1814 3368 rationes
1864 3304 2133 3379 dedisse,
2181 3305 2405 3368 nullam
2449 3305 2680 3385 reperio
2726 3312 2939 3366 contra

237 3401 450 3454 motum
485 3393 754 3466 Terrae,
816 3411 994 3472 quam
1049 3393 1386 3456 absolutam
1441 3395 1822 3474 negationem
1880 3403 1943 3456 et
1997 3393 2209 3456 deinde
2264 3393 2577 3476 physicam
2620 3393 2931 3468 rationem,

241 3499 408 3560 quam
451 3491 521 3544 tu
567 3481 931 3544 sufficienter
977 3481 1275 3544 refutasti.
1349 3481 1506 3544 lllud
1551 3483 1706 3545 forte
1755 3483 1875 3546 vim
1912 3483 2173 3564 aliquam
2208 3483 2475 3545 obtinere
2514 3483 2728 3563 possit,
2780 3481 2937 3564 quod

240 3580 470 3634 auctam
519 3589 654 3632 esse
699 3570 918 3632 Martis
964 3570 1472 3636 eccentricitatem
1522 3571 1933 3652 deprehendit.
2028 3569 2142 3633 Cui
2188 3570 2408 3633 rationi
2464 3570 2581 3633 duo
2626 3571 2777 3633 haec
2823 3571 2935 3634 ob-

232 3657 388 3736 jicio.
482 3659 747 3722 Primum
793 3668 1033 3721 veteres
1079 3659 1590 3722 eccentricitatem
1636 3661 1855 3724 Martis
1901 3679 1973 3721 eo
2020 3660 2196 3722 modo
2242 3659 2716 3739 investigarunt,
2764 3678 2939 3741 quem

239 3747 358 3826 ipse
403 3747 863 3810 insufficientem
912 3749 1078 3810 dicit.
1170 3747 1424 3811 Dubites
1470 3749 1681 3830 igitur,
1743 3769 1819 3812 an
1866 3749 2075 3811 vitium
2128 3748 2190 3812 in
2248 3748 2441 3811 veteri
2486 3746 2935 3811 eccentricitate

240 3837 422 3904 insit?
490 3835 722 3898 Deinde
755 3835 1120 3916 Copernicus
1156 3835 1418 3916 ἀπογεια,
1463 3857 1578 3902 non
1624 3837 1845 3918 ἀφηλια
1891 3838 2279 3920 computavit,
2329 3838 2430 3900 ille
2470 3838 2729 3900 fortasse
2768 3855 2934 3898 com-

240 3925 469 4004 putabit
498 3924 736 4004 ἀφηλια.
802 3926 1063 3989 Videtur
1100 3927 1254 3988 enim
1292 3927 1498 4006 vigore
1535 3926 1955 4010 hypothesium
2000 3945 2243 3990 suarum
2286 3927 2399 3988 hoc
2446 3927 2644 3990 facere
2694 3925 2934 3988 debere.

244 4013 434 4077 Valde
482 4016 638 4076 enim
683 4014 1002 4078 absurdum
1047 4024 1229 4092 esset,
1278 4015 1330 4077 si
1376 4025 1660 4096 punctum
1705 4016 1950 4098 aliquod
1994 4017 2053 4079 in
2098 4016 2317 4079 vicinia
2362 4014 2525 4078 Solis
2571 4033 2680 4094 pro
2728 4023 2935 4078 centro

245 4099 280 4166 5
323 4103 700 4184 planetarum
747 4111 1100 4167 assumeret.
1192 4105 1369 4166 Adde
1417 4113 1480 4166 et
1525 4104 1697 4176 illud,
1747 4105 1905 4186 quod
1950 4114 2177 4169 certum
2223 4104 2459 4167 omnino
2506 4104 2615 4179 sit,
2666 4115 2937 4168 centrum

245 4187 282 4252 5
325 4193 556 4255 orbium
600 4193 718 4271 ipsi
773 4212 888 4254 non
945 4193 1280 4275 aequaliter
1335 4193 1495 4255 circa
1541 4193 1788 4256 Terram
1842 4195 1954 4268 ire,
2022 4212 2157 4254 cum
2212 4193 2533 4275 aliquando
2588 4191 2949 4274 ampliorem.

243 4280 540 4361 periodum
584 4283 784 4344 facere
831 4282 1082 4356 debeat,
1131 4282 1450 4362 aliquando
1498 4283 1922 4362 angustiorem.
2013 4282 2088 4344 Id
2132 4282 2289 4344 enim
2334 4299 2581 4344 necesse
2628 4291 2727 4343 est
2770 4280 2939 4343 illum

244 4379 498 4433 statuere
557 4371 636 4432 ad
679 4370 846 4434 illam
894 4369 1288 4434 differentiam
1349 4367 1424 4432 1⁰
1463 4366 1573 4432 45‘
1619 4371 1679 4432 in
1725 4373 1925 4434 Marte
1970 4371 2427 4450 producendam.
2520 4371 2733 4450 Itaque
2778 4388 2934 4431 non-

247 4459 376 4522 dum
419 4479 513 4522 me
569 4469 774 4522 movet
815 4461 965 4522 haec
1010 4459 1188 4522 ratio.
1280 4460 1352 4521 In
1397 4459 1808 4523 librationibus
1866 4460 2031 4540 globi
2069 4459 2289 4522 Terrae
2338 4468 2403 4521 et
2445 4459 2676 4521 ratione
2724 4457 2935 4539 aequi-

245 4547 563 4612 noctiorum
589 4547 986 4630 suspicionem
1015 4549 1254 4630 quidem
1292 4549 1440 4610 facit
1483 4544 1730 4628 alicujus
1777 4548 2151 4624 incommodi,
2200 4549 2309 4612 sed
2336 4547 2481 4610 nibil
2522 4557 2728 4627 aperte
2766 4548 2931 4611 dicit.

244 4634 370 4716 Ego
400 4657 554 4700 .vero
599 4657 720 4700 non
764 4639 976 4700 terreri
1021 4638 1131 4700 sed
1177 4637 1377 4700 doceri
1422 4638 1579 4701 volo.
1668 4637 2143 4700 Immensitatem
2187 4639 2381 4700 solam
2426 4636 2629 4713 habet,
2679 4655 2797 4717 qua
2840 4654 2935 4698 me

249 4743 358 4787 non
400 4727 782 4789 mediocriter
827 4737 1043 4790 movet.
1139 4724 1264 4789 Sed
1311 4744 1418 4789 nos
1465 4726 1682 4788 mundo
1733 4721 1986 4807 quidem'
2011 4726 2185 4808 parvi
2230 4745 2460 4801 sumus,
2510 4726 2759 4788 mundus
2803 4725 2937 4786 Deo

247 4833 358 4876 non
403 4823 498 4878 est
542 4834 814 4896 magnus.
887 4816 972 4878 Et
1017 4823 1156 4880 sunt
1199 4815 1465 4877 rationes
1503 4815 1929 4878 immensitatis
1975 4815 2155 4879 illius.
2228 4815 2435 4878 Etiam
2479 4815 2539 4876 in
2584 4815 2695 4878 hoc
2740 4815 2935 4882 minus

250 4921 464 4984 aequus
500 4905 756 4982 videtur,
807 4905 962 4987 quod
986 4903 1289 4986 postulat:
1343 4905 1594 4968 eandem
1629 4905 1760 4970 dari
1801 4905 2245 4986 proportionem
2292 4904 2653 4985 quiescentis
2700 4915 2765 4967 et
2802 4923 2935 4966 mo-

347 5007 520 5058 xenion
545 5010 684 5059 opert
707 5010 744 5052 1.
2476 5007 2511 5060 4
