3634 5575
655 398 746 465 20
1846 394 2168 446 Prooemium.

657 561 782 635 dis,
851 558 1118 645 adhibito
1173 556 1468 621 Herculeo
1525 554 1749 637 lapide.
1840 555 1925 617 Et
1970 563 2171 618 tamen
2218 554 2396 616 hodie
2440 553 2615 617 m'odo
2662 552 2805 616 mihi
2851 559 3059 615 natum
3105 562 3201 615 est
3252 554 3375 615 hoc

657 608 1004 723 consilium,
1074 667 1208 709 cras
1265 646 1525 708 fortasse
1581 643 1943 749 displicebit.
2036 644 2473 725 Lougitudines
2531 662 2605 704 ex
2665 641 2982 723 posteriori
3028 642 3375 725 capiendae

657 746 834 800 erunt
899 756 974 799 ex
1037 736 1270 799 ratione
1335 734 1664 797 itineraria.
1762 730 2045 797 Ceterum
2104 735 2319 814 vulgus
2364 731 2743 794 minutiorum
2786 750 3073 811 pagorum
3120 750 3197 793 ex
3245 751 3374 793 nu-

656 846 820 889 mero
865 845 1150 907 passuum
1195 826 1255 887 in
1301 823 1500 905 plano,
1557 842 1631 885 ex
1674 831 1997 904 prospectu
2044 824 2421 904 fastigiorum
2464 822 2523 882 in
2571 820 2713 883 altis
2750 820 3055 883 montibus
3098 821 3371 900 capiam,

656 924 724 978 ut
786 916 1134 977 Munsterus
1167 909 1218 989 Ι’)
1285 916 1482 977 docet.
1574 912 1706 975 Nec
1749 920 1896 992 puto
1957 912 2356 976 necessariam
2424 910 2606 972 ullam
2655 910 2730 971 de
2774 910 3082 989 superficie
3132 909 3373 993 sphae-

655 1005 784 1067 rica
828 1004 1258 1085 cogitationem
1303 1003 1362 1064 in
1410 1002 1689 1081 regione,
1746 1002 1918 1080 cujus
1982 1007 2081 1063 est
2143 1002 2321 1081 long:
2368 996 2485 1074 40,
2544 1000 2651 1061 lat.
2702 996 2789 1061 20
2854 998 2950 1059 vel
2996 995 3083 1061 30
3126 998 3371 1061 millia-

654 1094 826 1156 rium.
939 1094 1107 1155 Haec
1163 1092 1302 1173 quin
1359 1091 1684 1154 scriberem
1739 1089 2066 1171 praeterire
2132 1110 2247 1153 non
2310 1088 2499 1169 potui.
2592 1088 2773 1150 Vale.
2866 1082 2972 1149 20.
3040 1084 3143 1151 30.
3212 1084 3370 1150 Oct.

651 1202 748 1246 an.
805 1177 993 1247 1595.

1558 1268 1739 1330 Hum.
1785 1266 1859 1329 T.
1911 1265 2308 1330 Gratissimus
2355 1266 2503 1329 disc.
2993 1332 3001 1340 ,

2631 1352 2724 1415 Μ.
2772 1351 2875 1416 Jo.
2920 1351 3179 1436 Καρῶν.

789 1513 1174 1567 Maestlinus
1211 1514 1463 1580 respondit
1497 1514 1544 1569 d.
1585 1511 1669 1563 27.
1708 1514 1851 1565 Febr.
1892 1530 1937 1565 v.
1977 1514 2051 1567 St.
2098 1511 2231 1563 1596
2270 1511 2514 1577 (Hansch.
2550 1529 2599 1578 p.
2638 1508 2871 1574 4-1¹):

791 1586 998 1647 Quoties
1036 1588 1098 1638 de
1133 1588 1232 1637 tuis
1269 1586 1764 1637 demonstrationibus
1779 1622 1796 1645 ,
1842 1588 2015 1651 quibus
2054 1586 2310 1651 Copernici
2344 1586 2639 1651 hypotheses
2676 1598 2709 1633 a
2742 1584 2888 1649 priori
2924 1583 3205 1633 doctissime
3240 1598 3368 1649 pro-

647 1659 738 1709 bas
758 1692 773 1715 ,
825 1658 990 1724 cogito
1007 1694 1020 1717 ,
1071 1658 1388 1711 vehementer
1421 1658 1540 1708 mihi
1577 1658 1814 1723 gratulor,
1852 1658 1981 1723 quod
2015 1659 2219 1709 tandem
2256 1656 2431 1722 aliquis
2468 1658 2537 1706 vir
2573 1656 2745 1706 doctus
2780 1655 3058 1705 inveniatur
3078 1690 3093 1713 ‚
3148 1657 3231 1720 qui
3276 1656 3366 1705 isti

647 1728 1028 1794 impudentium
1061 1730 1522 1781 mathematicorum
1555 1729 1732 1779 turbae
1769 1730 1846 1779 his
1874 1729 2129 1793 Copernici
2164 1729 2516 1793 hypothesibus
2552 1727 2915 1791 obloquentium
2952 1740 3039 1777 ora
3080 1727 3367 1777 obtundere

648 1800 815 1851 audet.
889 1800 1043 1866 quue
1077 1806 1220 1851 tanto
1256 1802 1442 1865 magis,
1499 1800 1628 1865 quod
1677 1801 1829 1850 etiam
1866 1806 2100 1851 creatoris
2138 1801 2393 1851 consilium
2426 1802 2480 1851 in
2513 1798 2681 1847 mundi
2718 1800 2967 1849 creatione
3000 1798 3241 1862 patescit:
3312 1806 3367 1848 et

647 1872 776 1937 quod
811 1872 1132 1937 sphaerarum
1168 1872 1404 1923 dimensio
1421 1907 1436 1929 ,
1473 1886 1602 1937 quae
1638 1873 1840 1921 summis
1878 1872 2146 1923 artificibus
2160 1908 2174 1933 ,
2226 1873 2317 1935 ipsi
2354 1886 2543 1937 quoque
2582 1868 2848 1932 Copernico
2884 1884 2970 1933 pro
3007 1870 3367 1933 computandis

646 1942 1166 2008 prosthaphaeresibus
1202 1944 1504 1993 solummodo
1541 1958 1574 1993 a
1607 1944 1861 2005 posteriori
1890 1958 1984 2008 per
2020 1944 2381 1995 observationes
2418 1940 2707 2007 indaganda.
2739 1942 2848 1999 fuit,
2882 1944 2989 2004 jam
3014 1956 3047 1991 a
3068 1942 3217 2004 priori
3240 1941 3363 1991 adi-

644 2022 751 2065 tum
785 2015 1093 2079 patefactum
1127 2014 1310 2066 habere
1345 2014 1552 2064 videtur.
1624 2013 1829 2064 Interim
1883 2021 2054 2065 tamen
2104 2016 2219 2065 dum
2270 2015 2331 2065 de
2370 2016 2466 2063 tuis
2513 2014 2725 2063 numeris
2760 2011 2906 2075 paulo
2944 2012 3226 2077 diligentius
3270 2026 3364 2062 co-

641 2087 764 2151 gito,
798 2086 940 2136 video
977 2100 1100 2136 sane
1134 2088 1188 2135 in
1225 2100 1480 2150 corporum
1508 2086 1811 2150 regularium
1844 2089 2063 2136 numeris
2100 2086 2221 2135 nihil
2257 2086 2521 2136 desiderari
2538 2120 2553 2142 ‚
2600 2089 2656 2133 at
2690 2084 2743 2132 in
2778 2085 2994 2133 numeris
3028 2083 3363 2147 sphaerarum

635 2156 807 2208 mundi
842 2157 984 2208 video
1021 2164 1072 2207 te
1122 2159 1428 2221 potissimum
1483 2170 1710 2209 numeros
1763 2171 1909 2207 meae
1953 2157 2169 2208 tabellae
2214 2163 2437 2207 secutum
2474 2170 2581 2207 esse
2598 2190 2613 2213 ,
2666 2160 2719 2204 et
2752 2168 2817 2204 ea
2852 2168 2981 2220 quae
3016 2156 3167 2205 totius
3202 2154 3364 2218 thus

637 2228 823 2294 negotii
858 2228 1130 2293 praecipua
1163 2236 1296 2287 sunt,
1333 2228 1448 2280 inde
1485 2228 1800 2280 exstruxisse.
1876 2229 2166 2279 Existimavi
2204 2236 2389 2283 autem,
2428 2242 2535 2292 nec·
2560 2226 2703 2277 aliter
2730 2224 2849 2275 mihi
2871 2226 3169 2289 persuadere
3192 2228 3363 2292 potui,

637 2306 907 2365 antequam
941 2300 1037 2350 hoc
1073 2302 1233 2363 ipsum
1267 2300 1394 2359 vidi,
1443 2308 1494 2351 te
1531 2300 1639 2348 illos
1673 2300 2070 2364 magnitudinum
2108 2300 2425 2365 sphaerarum
2461 2312 2687 2349 numeros
2722 2296 2800 2347 vel
2837 2313 2897 2348 ex
2931 2299 3036 2363 ipso
3074 2297 3359 2362 Copernico

640 2367 713 2432 (in
752 2374 892 2435 cujus
927 2371 1137 2421 lectione
1175 2376 1228 2421 te
1267 2372 1451 2434 optime
1488 2376 1738 2421 versatum
1775 2386 1886 2421 esse
1921 2368 2163 2437 agnosco)
2201 2372 2278 2420 vel
2314 2386 2374 2420 ex
2409 2368 2709 2420 resolutione
2734 2383 3042 2419 numerorum
3066 2368 3360 2421 tabularum

633 2441 1008 2493 Prutenicarum
1062 2445 1311 2493 sumsisse.
1383 2442 1570 2492 Verum
1624 2447 1824 2507 praeter
1878 2445 2295 2507 exspectationem
2346 2448 2521 2491 contra
2574 2439 2713 2502 rideo
2762 2440 2951 2490 factum
2987 2455 3111 2491 esse.
3185 2441 3354 2494 Inter-

636 2514 834 2567 mittere
879 2514 1033 2579 igitur
1075 2529 1173 2563 non
1224 2516 1362 2579 potui
1377 2549 1392 2571 ,
1449 2516 1566 2579 quin
1611 2520 1664 2563 te
1699 2513 1797 2565 hac
1834 2516 2045 2578 epistola
2078 2528 2328 2564 monerem
2342 2548 2357 2573 ,
2415 2512 2645 2562 videlicet
2678 2511 2807 2575 quod
2840 2512 2911 2561 illi
2946 2512 3165 2563 tabellae
3202 2526 3356 2563 meae

635 2581 808 2649 (quam
844 2592 964 2635 ante
998 2584 1179 2635 multos
1218 2600 1376 2635 annos
1413 2580 1700 2650 conscripsi)
1741 2587 1933 2635 numeri
1969 2601 2031 2637 ex
2064 2586 2169 2649 ipso
2198 2584 2468 2649 Copernico
2503 2583 2787 2633 immediate
2824 2585 3089 2647 exscripti,
3124 2599 3228 2634 non
3269 2586 3355 2633 in-

633 2662 885 2721 tegrarum
921 2655 1240 2719 sphaerarum
1275 2657 1644 2722 magnitudines
1681 2658 1943 2721 explicent
1982 2657 2071 2707 sed
2105 2656 2419 2721 planetarum
2456 2661 2652 2705 tantum
2687 2654 2952 2705 distantias
2989 2668 3023 2705 a
3060 2662 3232 2706 centro
3268 2670 3351 2705 or·

632 2727 704 2776 bis
741 2729 913 2794 magni
947 2726 1187 2777 habeant
1260 2728 1332 2777 Ut
1365 2744 1409 2776 v.
1449 2743 1496 2794 g.
1537 2728 1653 2777 dum
1687 2722 1728 2796 B
1777 2731 1831 2778 in
1868 2744 2091 2794 apogaeo
2130 2729 2396 2778 eccentrici
2430 2728 2507 2775 sui
2544 2726 2698 2775 distat
2736 2738 2769 2773 a
2804 2734 2972 2776 centro
3010 2727 3136 2776 orbis
3173 2728 3353 2795 magni

635 2795 698 2847 9⁰
734 2794 840 2858 42⁴,
879 2799 1096 2864 qualium
1135 2784 1499 2849 semidiameter
1535 2799 1662 2849 orbis
1699 2801 1869 2866 magni
1907 2809 1984 2850 est
2017 2815 2133 2864 pars
2168 2815 2304 2859 una3
2359 2814 2526 2849 verum
2560 2801 2666 2862 ipse
2702 2792 2742 2866 5
2780 2805 2885 2848 tum
2920 2800 2971 2848 in
3008 2800 3235 2863 epicyclii
3272 2801 3350 2848 sui

633 2871 865 2936 perigaeo
903 2877 995 2920 est.
1069 2871 1199 2936 Ergo
1237 2884 1516 2935 apogaeum
1553 2870 1772 2933 ejusdem
1806 2878 1914 2921 tum
1950 2872 2103 2922 multo
2151 2871 2299 2922 altius
2335 2871 2492 2921 abest.
2568 2870 2753 2920 Contra.
2785 2871 2871 2929 fit,
2924 2871 2967 2919 si
3012 2870 3061 2920 in
3108 2873 3351 2936 perigaeo

633 2943 903 2992 eccentrici
937 2942 1017 2990 sit.
1093 2941 1239 3002 Quod
1273 2943 1316 2991 si
1351 2957 1436 3005 pro
1475 2943 1895 3006 eccentrepicyclo
1932 2949 2213 2993 assumatur
2248 2948 2503 2994 eccentrus
2539 2943 2773 3000 eccentri,
2812 2942 2887 2991 vel
2926 2942 3151 3006 epicyclii
3178 2943 3349 3006 episy-

635 3012 759 3070 clus,
795 3013 906 3076 pari
941 3012 1085 3062 modo
1122 3028 1202 3064 res
1237 3028 1294 3062 se
1328 3012 1546 3063 habebit.
1621 3013 1692 3062 At
1725 3016 1915 3064 numeri
1948 3015 2025 3064 tui
2060 3014 2286 3064 videntur
2322 3029 2461 3074 eam,
2500 3028 2628 3078 qnae
2666 3019 2743 3063 est
2777 3013 3091 3078 planetarum
3126 3015 3351 3064 maxima

634 3090 688 3134 et
721 3083 928 3134 minima
963 3096 997 3133 a
1033 3091 1202 3135 centro
1239 3085 1367 3134 orbis
1402 3085 1574 3150 magni
1611 3085 1879 3144 distantia,
1916 3101 2002 3149 pro
2038 3086 2149 3149 ipsa
2182 3085 2422 3149 sphaerae
2457 3085 2671 3149 ipsorum
2705 3085 3046 3150 magnitudine
3084 3087 3312 3148 accipere
3334 3101 3349 3132 ε

633 3169 747 3206 cum
783 3160 954 3205 tamen
993 3169 1070 3214 ea,
1109 3157 1210 3206 sive
1245 3161 1442 3219 propter
1479 3162 1763 3206 eccentrum
1799 3158 2019 3207 eccentri
2059 3157 2161 3206 sive
2199 3157 2671 3220 eccentrepicyclum
2706 3156 2783 3206 vel
2820 3157 3044 3221 epicyclii
3070 3157 3349 3221 epicyclum

631 3227 788 3277 multo
823 3228 890 3276 sit
923 3229 1096 3289 major.
1169 3226 1242 3277 Ut
1283 3227 1478 3277 interim
1526 3226 1588 3278 de
1633 3228 1743 3277 aliis
1786 3228 2077 3279 latitudines
2123 3229 2509 3294 gubernantibus
2555 3228 2747 3278 orbibus
2782 3227 2905 3278 nihil
2941 3228 3119 3278 dicam.
3192 3227 3349 3278 Porro

635 3312 728 3364 ego
767 3297 908 3348 illam
939 3312 1104 3348 meam
1139 3298 1365 3349 tabulam
1400 3298 1516 3348 olim
1551 3301 1814 3364 conscripsi
1824 3301 1843 3357 ',
1883 3307 1940 3350 ut
1975 3305 2029 3350 et
2060 3299 2181 3349 mihi
2218 3305 2269 3350 et
2303 3299 2411 3350 aliis
2424 3335 2437 3361 ,
2476 3300 2649 3364 quibus
2684 3314 2795 3350 eam
2830 3299 3187 3364 inspiciendam
3222 3313 3345 3350 con·

633 3370 761 3420 cessi
776 3403 792 3427 ,
845 3369 1131 3432 adjumento
1169 3376 1324 3430 esset,
1377 3368 1633 3434 Copernici
1667 3371 1775 3420 illos
1809 3386 2037 3423 numeros
2072 3369 2219 3437 (quos
2254 3372 2433 3421 retinui
2469 3368 2661 3433 omnes)
2697 3371 2887 3434 plenius
2925 3371 3253 3438 cognoscendi
3293 3375 3349 3420 et

630 3442 954 3491 incitamento
993 3441 1190 3491 eosdem
1227 3441 1390 3507 quoad
1425 3441 1532 3491 fieri
1566 3447 1753 3506 potest,
1790 3441 1994 3494 ulterius
2031 3443 2343 3500 extendendi,
2381 3457 2475 3493 nec
2510 3457 2609 3492 non
2645 3442 2955 3492 examinandi
2972 3477 2986 3500 ,
3023 3441 3344 3508 quemadmo-

635 3511 753 3562 dum
792 3527 852 3562 ex
886 3519 1028 3576 parte
1065 3513 1140 3562 his
1175 3513 1382 3579 pagellis
1419 3511 1668 3575 adJunctis
1707 3527 1740 3564 a
1771 3529 1853 3566 me
1888 3516 2076 3566 sactum
2110 3515 2275 3564 videre
2311 3521 2467 3578 potes.
2543 3513 2683 3574 Quas
2735 3527 2900 3562 coram
2944 3513 3033 3562 tibi
3066 3519 3345 3563 monstrare

631 3585 800 3642 malui,
839 3584 928 3636 sed
963 3584 1082 3649 quia
1117 3585 1297 3634 diutius
1333 3599 1482 3649 quam
1519 3585 1758 3648 opinabar
1793 3587 1912 3638 abes
1928 3621 1941 3643 ‚
1999 3593 2053 3636 et
2086 3588 2209 3651 quia,
2238 3593 2288 3636 te
2324 3587 2521 3635 interim
2554 3587 2609 3634 in
2644 3585 2929 3636 adornando
2966 3585 3145 3648 scripto
3158 3619 3173 3642 ,
3212 3583 3346 3650 quod

629 3657 761 3720 typis
799 3655 1082 3718 excudatur,
1118 3656 1346 3708 laborare
1382 3656 1604 3722 intelligo
1619 3691 1634 3716 ,
1671 3656 1782 3708 ideo
1819 3672 1909 3708 eas
1946 3657 2011 3708 ad
2046 3664 2099 3707 te
2132 3659 2328 3706 mittere
2364 3655 2517 3716 volui,
2554 3662 2613 3705 ut
2648 3659 2719 3706 eis
2754 3653 2989 3719 inspectis
3024 3669 3190 3706 meam
3224 3671 3341 3706 sen-

632 3728 844 3777 tentiam
880 3726 941 3776 de
979 3727 1224 3777 distantiis
1259 3728 1447 3778 orbium
1481 3730 1662 3778 rectius
1697 3731 1994 3793 perciperes,
2031 3743 2127 3779 nec
2161 3730 2389 3793 praecoci
2424 3728 2739 3778 festinatione
2776 3729 3089 3778 occasionem
3122 3727 3337 3778 nonnul-

629 3799 690 3848 lis
739 3804 792 3848 et
845 3804 987 3848 tuum
1039 3801 1274 3864 scriptum
1325 3807 1377 3848 et
1419 3813 1500 3848 me
1549 3797 1811 3864 (siquidem
1859 3807 1910 3849 te
1956 3801 2055 3850 mei
2102 3801 2253 3848 etiam
2288 3801 2588 3849 mentionem
2623 3801 2788 3850 facere
2824 3797 3071 3865 intelligo)
3110 3799 3343 3849 eludendi

627 3869 984 3934 suppeditares.
1055 3870 1136 3920 De
1185 3869 1262 3920 his
1309 3884 1433 3920 sane
1486 3870 1669 3920 dudum
1713 3877 1765 3920 te
1823 3871 2266 3922 commonefactum
2322 3871 2566 3934 oportuit:
2623 3886 2791 3921 verum
2837 3885 2929 3936 ego
2964 3871 3182 3934 profecto
3218 3869 3343 3919 nihil

627 3940 788 3990 miuus
826 3941 1046 4006 cogitare
1081 3942 1220 4005 potui
1236 3977 1251 3999 ,
1301 3953 1450 4006 qnam
1499 3942 1630 4006 quod
1665 3942 1780 3991 solis
1813 3942 1908 3992 illis
1942 3942 2145 3993 tabulae
2180 3956 2325 3992 meae
2360 3943 2575 3992 numeris
2595 3977 2610 4000 ,
2666 3944 2749 4007 qui
2782 3943 3105 4006 particulares
3140 3947 3342 3992 tautum

630 4017 764 4068 sunt,
799 4012 1068 4074 insisteres,
1107 4013 1196 4063 sed
1232 4027 1324 4077 ego
1362 4012 1557 4062 omnino
1593 4016 1782 4076 putavi,
1819 4021 1871 4064 te
1906 4015 2065 4078 ipsum
2102 4028 2161 4063 ex
2182 4013 2469 4098 Copernico,
2504 4027 2593 4064 seu
2628 4028 2689 4064 ex
2720 4016 2873 4078 ipsius
2908 4013 3339 4067 demonstrationi·

627 4083 747 4141 bus,
805 4082 1023 4133 adhibito
1079 4083 1270 4134 calculo
1319 4083 1695 4134 Prutenicarum
1743 4085 2024 4134 tabularum
2045 4081 2093 4146 ⁸)
2149 4085 2315 4134 omnia
2358 4085 2635 4149 plenissime
2680 4089 2787 4149 jam
2822 4087 2971 4136 fuisse
3006 4092 3337 4150 persecutum.

631 4154 777 4205 Haec
813 4154 1023 4204 candido
1061 4156 1226 4205 animo
1263 4157 1449 4218 scripta
1484 4156 1694 4206 candide
1733 4157 1951 4220 accipias
1986 4172 2123 4222 rogo.
2196 4155 2326 4207 Vale
2364 4157 2560 4219 optime.

772 4225 1058 4285 „,“'1'abula
1101 4226 1163 4276 de
1199 4240 1299 4290 qua
1333 4225 1413 4275 hic
1447 4227 1837 4278 Maestlinus
1884 4229 1991 4294 agit
2027 4226 2183 4292 (apud
2216 4227 2537 4277 Hanschium
2557 4243 2605 4291 p.
2646 4223 2870 4288 5-11),
2897 4223 3085 4278 eadem
3118 4227 3221 4277 fere
3256 4241 3337 4276 re·
3398 4221 3402 4226 ’

627 4297 750 4355 fert,
806 4311 935 4362 quae
978 4295 1274 4348 Maestlinus
1329 4298 1562 4348 addenda
1614 4299 1943 4349 Prodromo
1997 4299 2163 4363 illique
2218 4298 2569 4357 „Rhaetici
2618 4298 2920 4350 narrationi⁸⁴
2979 4298 3041 4348 de
3080 4296 3338 4361 Copernici

617 4369 835 4420 inventis
872 4369 1001 4432 typis
1035 4369 1360 4434 imprimenda
1395 4372 1617 4428 curavit,
1671 4371 1766 4420 hoo
1801 4372 1944 4424 titulo
1980 4372 2247 4434 inscripto:
2306 4370 2400 4422 De
2452 4371 2951 4421 dimensionibus
2998 4370 3237 4419 orbium
3274 4376 3339 4420 et

627 4438 1036 4504 sphaerarum
1087 4442 1484 4498 coelestium,
1535 4445 1727 4505 juxta
1775 4442 2041 4492 tabulas
2094 4441 2486 4493 Prutenicas
2537 4458 2608 4494 ex
2658 4443 2991 4492 sententia
3036 4440 3169 4493 Nic.
3226 4440 3334 4490 Co-

625 4511 900 4575 pernici

767 4581 878 4631 Hoc
917 4581 1089 4646 quibus
1127 4583 1289 4632 causis
1323 4587 1486 4632 motus
1521 4583 1707 4644 fecerit,
1746 4585 1798 4634 in
1834 4584 2144 4648 praefatione
2181 4584 2463 4647 appendicis
2497 4581 2595 4634 his‘
2614 4584 2839 4648 exponit:
2884 4581 2994 4642 „Ne
3031 4582 3147 4647 quid
3174 4583 3335 4633 erudi·

625 4654 814 4708 tissimo
869 4658 922 4703 et
971 4653 1359 4719 ingeniosissimo
1416 4654 1682 4704 doctissimi
1733 4656 2070 4705 mathematici
2127 4653 2198 4704 M.
2238 4655 2270 4705 J
2272 4657 2446 4706 oannis
2481 4656 2684 4719 Kepleri
2723 4653 2985 4704 Prodromo
3030 4660 3083 4705 et
3119 4653 3335 4704 disertae

627 4725 826 4774 Rhetici
859 4723 911 4773 N
913 4725 1147 4774 arrationi
1184 4726 1380 4775 deesset
1397 4759 1412 4784 ‚
1452 4739 1630 4789 operae
1665 4728 1875 4790 pretium
1912 4727 2049 4783 duxi,
2090 4729 2177 4784 eis,
2216 4727 2505 4790 appendicis
2540 4727 2677 4785 loco,
2716 4727 3043 4777 dimensiones
3077 4727 3333 4791 magnitu-

627 4797 796 4846 dinum
830 4791 932 4846 sive
971 4795 1284 4847 altitudinum
1317 4796 1634 4860 sphaerarum
1668 4799 1853 4856 mundi,
1892 4799 2065 4862 quibus
2102 4799 2314 4848 erratica
2349 4799 2512 4848 sidera
2545 4803 2817 4855 moventur,
2854 4798 3123 4848 seeundum
3149 4797 3333 4866 Coper—

626 4869 725 4918 nici
759 4867 1055 4932 hypotheses
1090 4869 1401 4935 subjungere.
1475 4869 1584 4918 Etsi
1623 4877 1792 4920 autem
1827 4883 1919 4920 eae
1957 4884 2017 4919 ex
2051 4871 2157 4934 ipso
2196 4869 2462 4933 Copernico
2479 4906 2493 4931 ,
2532 4871 2712 4934 partim
2750 4871 2901 4920 etiam
2937 4885 2995 4920 ex
3028 4869 3331 4928 Ptolemaeo,

627 4941 810 5006 absque
845 4939 1013 4990 labore
1051 4941 1246 5004 excerpi
1281 4947 1334 4990 et
1367 4942 1608 4993 conscribi
1643 4942 1945 5007 potuissent,
1992 4941 2148 4992 malui
2182 4947 2352 4992 tamen
2390 4941 2453 4991 ab
2489 4941 2693 4992 Erasmo
2728 4940 3037 4993 Rheiuholdo
3074 4955 3162 4993 eas
3198 4941 3331 4992 acci-
