3634 5575
576 385 702 455 146
1586 377 1811 440 Mysterii
1851 374 2249 442 Gomcgrapbici

570 545 903 606 uincendum,
952 559 1061 612 quo
1108 542 1279 596 stella
1324 537 1705 610 cotangularis
1744 536 2120 590 associaretur
2163 534 2450 597 diametro,
2497 535 2604 588 sub
2639 535 2830 588 eodem
2871 533 3030 605 quasi
3065 545 3298 603 genere,

570 627 913 682 reclamante
942 631 1166 676 natura.
1246 621 1425 674 Recte
1454 617 1627 688 igitur
1654 617 1878 679 factum,
1925 617 2068 686 quod
2097 631 2205 667 non
2235 612 2484 683 acquievi
2513 614 2642 667 huic
2669 611 3065 667 distributioni.

730 697 815 772 w)
855 703 977 756 Hoc
1020 703 1191 771 plane
1220 715 1339 754 sum
1366 703 1591 752 secutus
1638 697 1693 748 in
1741 696 1838 749 lib.
1870 697 1937 748 V.
1969 694 2284 748 Harmonie.
2330 695 2425 746 sed
2479 693 2532 746 in
2581 692 2840 747 instituto
2873 692 3112 746 diverso.
3194 690 3306 744 nie

574 785 715 840 enim
764 783 1099 874 quaerebam
1147 785 1327 833 ortum
1370 775 1777 832 harmoniarum
1804 775 2174 844 singularunm
2219 780 2282 826 at
2327 773 2423 826 lib.
2453 773 2522 826 V.
2551 771 3004 826 Harmonicorum
3047 771 3302 824 delectus

574 865 719 918 inter
756 861 877 931 jam
924 868 1077 914 ortas
1124 865 1215 912 est
1259 854 1563 918 institutus,
1613 871 1757 924 quae
1794 853 2086 908 harmonia
2123 852 2318 922 quibus
2357 851 2618 921 planetis,
2663 867 2774 944 qua
2817 851 3092 905 mediante
3117 851 3308 921 figura

574 943 754 997 solida
782 941 1210 993 consociaretur.
1296 938 1449 990 Cubo
1493 935 1667 1006 igitur
1704 934 1809 986 etsi
1849 951 1958 986 non
1985 939 2136 986 recte
2178 931 2268 984 hic
2295 931 2626 986 adscribitur
2665 930 2786 1001 ipse
2815 937 2968 984 ortus
2995 943 3302 984 consonan-

576 1022 691 1076 tiae
738 1021 1021 1089 diapason,
1066 1024 1217 1072 recte
1261 1023 1449 1070 tamen
1494 1015 1641 1068 dicto
1688 1013 1783 1067 lib.
1824 1015 1890 1066 V.
1933 1007 2384 1066 Harmoniconim
2431 1009 2744 1066 associatur
2789 1011 2964 1080 ipsum
3001 1009 3304 1079 diapasom

575 1118 685 1155 non
730 1115 903 1152 causa
948 1105 1123 1160 ortus,
1170 1097 1264 1150 sed
1312 1111 1485 1148 causa
1530 1091 1962 1146 cohabitationis
2009 1091 2156 1144 inter
2199 1090 2463 1162 planetas
2499 1093 2752 1153 eosdem:
2792 1093 2946 1143 recte
2992 1088 3310 1143 associatur

576 1181 854 1241 octaedrm
898 1179 1042 1248 quod
1072 1176 1195 1229 cubi
1224 1172 1467 1243 conjunx
1496 1180 1601 1235 est,
1632 1171 2002 1241 disdiapason,
2047 1168 2135 1223 cui
2176 1168 2230 1222 in
2261 1170 2582 1225 harmonica
2607 1171 2852 1224 sectione
2889 1169 3162 1223 adhaeret
3185 1167 3305 1222 dia·

579 1266 851 1314 tessaron.
935 1257 1075 1310 Vide
1116 1253 1214 1308 lib.
1261 1255 1329 1306 V.
1374 1269 1496 1322 cap.
1542 1253 1595 1305 9.
1640 1268 1793 1342 prop.
1841 1251 1878 1306 8
1919 1257 1980 1303 et
2027 1245 2116 1304 12.

734 1332 803 1401 x)
844 1336 953 1390 Hic
978 1335 1177 1389 iterum
1208 1332 1439 1387 fortuito
1468 1327 1701 1402 (quippe
1742 1331 1797 1384 in
1827 1329 2206 1399 speculatione
2237 1345 2344 1381 non
2373 1326 2624 1397 propria)
2663 1329 2718 1382 in
2745 1343 2936 1382 verum
2978 1325 3138 1380 incidi
3167 1339 3308 1396 qua·

576 1419 885 1472 damtenus.
920 1479 928 1485 .
967 1415 1109 1468 Nam
1137 1429 1297 1482 prop.
1334 1413 1403 1466 15
1434 1418 1495 1464 et
1522 1411 1617 1464 27.
1666 1409 1799 1464 dicti
1829 1409 2030 1478 capitis
2059 1409 2112 1462 9.
2157 1409 2497 1461 dodecaedro
2537 1409 2749 1477 quidem
2785 1409 3050 1477 diapente
3075 1404 3304 1477 obfiffl't,

576 1496 863 1550 icosaedro
891 1511 1025 1547 vero
1052 1501 1287 1562 utraque
1320 1497 1624 1553 sextaruim
1668 1489 1850 1543 tertiis
1877 1490 2058 1542 locum
2084 1488 2446 1560 nullumxesse
2473 1489 2745 1556 probatur
2769 1505 2927 1558 prop.
2959 1487 3015 1541 6.

738 1570 799 1645 y)
844 1575 933 1628 De
975 1574 1085 1626 hac
1124 1571 1363 1625 materia
1404 1576 1494 1623 est
1534 1586 1687 1623 meus
1728 1568 1872 1622 liber
1911 1569 2004 1622 IV.
2047 1566 2515 1621 Harmoniccrum.

736 1647 797 1720 z)
838 1653 1043 1706 Parum
1090 1650 1298 1720 aliquid
1338 1650 1395 1703 in
1437 1650 1543 1702 hac
1570 1648 1984 1718 comparatione
2011 1648 2420 1709 emendandum,
2471 1647 2590 1700 vide
2621 1647 2714 1701 lib.
2747 1645 2839 1700 IV.
2870 1647 3060 1700 Hal-m.
3089 1659 3213 1713 cap.
3247 1645 3306 1698 6.

737 1744 833 1812 aa)
875 1747 1234 1816 Nequaquam
1282 1761 1413 1798 vero
1456 1744 1692 1797 debilem
1740 1725 2092 1812 experientia
2151 1748 2411 1805 testatur,
2479 1744 2574 1795 sed
2633 1743 2914 1796 fortiorem
2968 1757 3138 1811 saepe
3180 1739 3307 1809 ipsc

578 1828 757 1889 trino;
810 1841 1033 1880 causam
1080 1842 1153 1878 ex
1202 1824 1336 1878 meis
1383 1823 1663 1892 principiis
1710 1825 1781 1875 do
1824 1822 1922 1877 lib.
1971 1823 2066 1876 IV.
2117 1823 2303 1876 Harm.

736 1902 837 1970 bb)
884 1905 1033 1958 Puta
1070 1905 1125 1957 in
1154 1903 1478 1958 Tetrabiblo
1525 1905 1591 1955 de
1629 1902 1958 1972 Astrologia
1985 1899 2206 1970 scripto.
2239 1894 2318 1970 ⁶¹)
2397 1903 2477 1954 At
2504 1899 2560 1954 in
2587 1900 2949 1964 Harmonicis,
3000 1915 3142 1970 quae
3169 1903 3308 1952 tunc

578 1988 816 2041 nondum
842 1984 1103 2046 videram,
1148 1999 1373 2036 causam
1406 1983 1553 2036 hanc
1583 1981 1781 2072 tang-it,
1818 1983 1914 2034 sed
1955 1982 2118 2044 male,
2163 1987 2227 2034 ut
2254 1999 2327 2034 ex
2357 1979 2490 2034 meis
2519 1979 2663 2034 notis
2693 1981 2766 2034 ad
2793 1979 3172 2034 Ptolemaeum
3199 1991 3306 2048 pa-

580 2065 746 2120 tebit:
796 2063 1011 2116 omnino
1058 2062 1201 2115 enim
1249 2069 1311 2114 et
1352 2077 1517 2113 unum
1560 2067 1619 2113 et
1647 2060 1886 2130 quinque
1934 2061 2100 2130 signa
2145 2067 2404 2129 aspectus
2461 2058 2804 2114 constituunt
2848 2057 3118 2122 efficaces,
3163 2071 3308 2128 quos

580 2137 809 2216 appello
857 2141 1218 2196 semisextum
1264 2147 1324 2193 et
1364 2140 1740 2209 quincuncem.

740 2219 825 2287 cc)
867 2223 991 2274 Hoc
1018 2223 1089 2274 ad
1124 2219 1343 2274 literam
1372 2219 1575 2271 falsum
1604 2223 1710 2271 est.
1794 2217 1936 2270 Nam
1973 2217 2119 2270 inter
2147 2218 2378 2272 chordas
2413 2221 2437 2272 1
2472 2226 2532 2272 et
2566 2179 2636 2272 12
2670 2223 2760 2272 est
2785 2215 3161 2287 trisdiapason
3188 2214 3310 2285 epi-

580 2303 859 2372 diapente,
911 2300 989 2353 sic
1034 2299 1179 2352 inter
1228 2299 1459 2352 chordas
1493 2297 1527 2350 5
1556 2303 1617 2351 et
1653 2295 1723 2351 12
1771 2302 1862 2350 est
1905 2296 2076 2350 tertia
2115 2296 2296 2350 minor
2337 2313 2509 2366 supra
2549 2297 2835 2368 diapason.
2918 2295 3086 2350 Aliud
3133 2294 3316 2366 igitur

579 2379 903 2436 habebam
886 2396 944 2432 ιιι
974 2378 1155 2434 animo
1182 2395 1305 2432 cum
1332 2378 1475 2430 haec
1494 2377 1667 2430 verba
1695 2376 2007 2438 scriberem,
2040 2375 2268 2439 scilicet,
2301 2377 2508 2430 nullam
2537 2393 2660 2430 esse
2689 2377 2986 2430 sectionem
3013 2374 3315 2445 tripliciter

580 2460 969 2522 harmonicam,
1017 2475 1163 2529 quae
1203 2459 1541 2526 respondeat
1578 2456 1729 2510 hisce
1778 2455 2133 2514 divisionibus
2173 2455 2377 2520 circuli,
2427 2456 2558 2525 quia
2598 2457 2706 2509 etsi
2740 2457 2788 2513 1.
2828 2455 2925 2518 12,
2959 2456 3090 2508 item
3121 2451 3309 2509 5.12.

572 2545 889 2602 consonent,
940 2545 1002 2592 at
1034 2538 1261 2591 residua
1295 2539 1358 2589 11
1394 2542 1454 2590 et
1482 2535 1517 2590 '1
1558 2529 1864 2589 abhorrent
1906 2536 1978 2588 ab
2019 2535 2267 2605 utrisque
2307 2536 2569 2589 terminis.
2652 2538 2732 2588 At
2771 2551 2880 2588 non
2923 2549 3047 2588 esse
3077 2535 3312 2588 eandem

572 2619 845 2675 rationem
874 2623 1201 2686 aspectuum
1249 2632 1391 2686 quae
1436 2621 1527 2668 est
1552 2614 2052 2678 consonantiarum,
2099 2617 2268 2668 doceo
2313 2631 2414 2683 per
2452 2619 2628 2668 totum
2663 2614 2862 2667 librum
2892 2612 3312 2668 1V.Hsrmoni-

576 2713 779 2761 corum,
822 2696 1125 2767 praecipue
1168 2711 1288 2765 cap.
1334 2697 1389 2748 6.

734 2770 833 2845 dd)
875 2775 1098 2830 Minime
1153 2792 1227 2829 ex
1283 2775 1397 2837 his,
1476 2780 1539 2827 at
1594 2774 1735 2827 bene
1790 2792 1866 2828 ex
1919 2773 2112 2844 figuris
2167 2771 2376 2844 planis,
2444 2787 2670 2844 quarum
2727 2790 2836 2828 non
2891 2769 3298 2845 ignobilissima

578 2860 788 2911 dodeca
832 2872 985 2909 onus.

729 2873 835 3001 ’95
879 2936 1001 2987 Hoc
1047 2932 1201 2987 initio
1250 2932 1401 2985 facto
1449 2932 1605 3001 coepi
1648 2948 1859 3003 aug-ere
1905 2946 2186 2985 numerum
2229 2938 2579 3001 aspectuum:
2627 2933 2735 2986 etsi
2770 2932 2917 2988 male
2953 2930 3160 2987 adscivi
3193 2946 3312 2985 ses-

583 3017 867 3087 quadrum,
912 3029 1013 3067 seu
1038 3014 1249 3083 gradus
1282 3010 1599 3075 135,‘male
1628 3012 1781 3065 omisi
1812 3012 2168 3066 semisextum
2207 3026 2306 3065 seu
2333 3028 2420 3082 gr.
2451 3010 2546 3065 30.
2629 3014 2770 3067 Vide
2798 3028 2968 3085 saepe
2997 3012 3312 3083 allegatum

584 3110 711 3165 cap.
756 3096 813 3149 6.
859 3093 956 3147 lib.
1001 3093 1095 3146 IV.
1142 3092 1406 3145 Harmon.

719 3188 805 3256 ‘in
852 3192 1109 3245 Frustra:
1158 3204 1284 3241 nam
1330 3188 1625 3241 confirmat
1655 3188 2006 3256 experientia
2051 3188 2336 3259 quintilem
2377 3196 2436 3242 et
2473 3188 2846 3259 biquintilem;
2893 3190 2960 3243 de
3008 3188 3311 3259 sesquadro

581 3288 729 3334 vero,
781 3286 879 3324 cur
922 3270 1021 3323 ille
1047 3268 1222 3321 minus
1270 3267 1345 3320 sit
1391 3268 1609 3330 efficax,
1660 3282 1824 3338 quam
1867 3267 2064 3337 reliqui
2113 3285 2318 3331 omnes,
2366 3284 2572 3322 causae
2621 3268 2718 3323 lib.
2747 3270 2841 3324 IV.
2871 3269 3062 3323 Harm.
3095 3284 3216 3338 cap.
3251 3264 3308 3320 5.

583 3352 880 3405 traduntur
925 3349 1093 3419 long-e
1140 3348 1412 3401 diversae.
1514 3348 1665 3401 Istae
1712 3364 1844 3401 vero
1905 3346 1994 3400 hic
2038 3347 2348 3401 recensitae
2406 3348 2642 3419 quinque
2691 3366 2895 3404 causae
2961 3354 3092 3403 sunt
3151 3345 3311 3401 nobis

582 3431 781 3483 iterum
822 3429 1166 3491 refutandae,
1222 3444 1289 3480 ne
1333 3434 1566 3481 teneant
1610 3426 1898 3496 quintilem
1933 3433 1999 3479 'et
2040 3425 2402 3497 biquintilem.

740 3509 883 3562 Nam
912 3510 1054 3578 quod
1082 3522 1309 3560 causam
1338 3508 1573 3575 primam
1601 3506 1824 3569 attinet,
1874 3506 2018 3560 sitmt
2054 3522 2174 3559 cum
2203 3507 2350 3560 trino
2379 3506 2598 3561 sextilis
2639 3506 2834 3577 implet
2861 3507 3140 3570 circulum,
3189 3522 3312 3559 cum

582 3590 856 3658 quadrato
884 3589 1187 3657 quadratus
1208 3585 1379 3649 alius,
1432 3588 1511 3639 sic
1538 3585 1707 3639 etiam
1738 3601 1859 3638 cum
1887 3584 2105 3655 quintili
2151 3586 2431 3650 tridecilis,
2477 3602 2596 3641 cum
2632 3586 2912 3658 biquintili
2939 3584 3144 3649 decilis,
3188 3602 3312 3639 cum

582 3670 884 3738 sesquadro
928 3668 1233 3736 sequadrus
1274 3664 1507 3734 implent
1535 3664 1949 3729 semicirculum,
2001 3682 2102 3718 nec
2138 3667 2396 3735 repudiat
2432 3668 2532 3720 hos
2562 3668 2788 3721 musica.
2871 3666 2996 3720 Non
3023 3672 3112 3719 est
3137 3665 3314 3739 igitur

582 3748 835 3801 efficacia
877 3747 950 3800 ab
994 3747 1101 3799 hac
1144 3745 1548 3815 adaequatione
1592 3742 1934 3799 semicirculi.

741 3826 997 3880 Secunda
1042 3840 1215 3878 causa
1262 3826 1332 3877 ad
1374 3840 1489 3879 rem
1518 3830 1636 3877 est:
1681 3830 1744 3877 at
1789 3824 1890 3877 illa
1931 3840 2039 3877 non
2081 3824 2303 3894 penitus
2345 3826 2604 3895 repudiat
2635 3824 2938 3895 quintilem,
2987 3828 3082 3879 sed
3111 3826 3312 3880 solum-

584 3908 741 3960 modo
772 3904 1233 3973 imperfectiorem
1275 3903 1412 3956 facit
1456 3904 1599 3957 trino
1628 3910 1687 3956 et
1715 3904 1924 3968 sextili,
1975 3911 2239 3975 quantum
2269 3906 2482 3975 quidem
2511 3904 2637 3975 ipsa
2664 3906 2859 3975 pollet,
2905 3922 3024 3959 cum
3052 3907 3176 3959 sola
3203 3922 3314 3960 non

582 3986 671 4038 sit.
758 3984 1095 4039 lrrationale
1156 3990 1343 4036 autem
1391 3982 1469 4036 sic
1514 3999 1767 4053 nuncupo
1812 4000 1932 4037 cum
1981 3985 2178 4055 vulgo,
2245 3986 2387 4054 quod
2433 3986 2490 4038 in
2534 3986 2879 4039 Harmonicis
2937 3985 3070 4038 mihi
3115 3985 3318 4041 dicitur

582 4064 882 4119 ineffabile.

740 4143 932 4198 Tertia
972 4158 1144 4197 causa
1179 4142 1436 4197 coincidit
1462 4158 1583 4195 cum
1612 4142 1813 4210 primm
1859 4142 2030 4195 omnis
2069 4141 2212 4196 enim
2258 4140 2312 4195 in
2341 4142 2682 4197 semicirculo
2711 4144 2956 4215 angulus
2991 4150 3175 4198 rectus
3203 4151 3312 4197 est.

581 4224 659 4277 Et
684 4224 731 4276 si
775 4222 943 4277 aliter
972 4222 1294 4276 informetur
1322 4223 1463 4275 haec
1491 4238 1679 4283 causa,
1731 4222 1872 4291 quod
1914 4220 2024 4275 bini
2059 4238 2276 4292 semper
2315 4229 2574 4291 aspectus
2604 4222 3152 4278 efficiant·su1mnam
3179 4224 3313 4277 duo·

578 4320 701 4357 rum
743 4310 1033 4365 rectorum,
1078 4320 1219 4355 nunc
1260 4302 1634 4354 semicirculus
1678 4300 1878 4353 iterum
1919 4308 2008 4353 est
2049 4318 2235 4355 eorum
2277 4318 2552 4357 mensura.

745 4384 959 4445 Quarta
987 4398 1161 4435 causa
1187 4381 1360 4434 futilis
1394 4387 1497 4443 est,
1546 4381 1591 4433 si
1620 4380 1763 4433 enim
1792 4380 1966 4437 tertia
1993 4382 2171 4448 mollis
2201 4382 2324 4435 ideo
2351 4389 2442 4436 est
2465 4384 2858 4453 quodammodo
2885 4384 3151 4452 perfecta,
3183 4383 3316 4453 quia

580 4462 757 4515 utitur
784 4464 977 4515 eadem
1007 4460 1271 4514 divisione
1303 4476 1423 4513 cum
1452 4460 1729 4528 perfectis,
1770 4459 1891 4513 scil.
1923 4462 2280 4525 duodenaria,
2325 4476 2458 4515 sane
2489 4468 2548 4515 et
2575 4460 2767 4515 divisio
2805 4462 3086 4516 vicenaria
3111 4462 3314 4516 consti·

582 4540 758 4593 tuitur
787 4541 1106 4609 adjumento
1136 4540 1547 4610 quaternariae,
1596 4546 1657 4591 et
1683 4539 2068 4610 sexagenaria
2095 4542 2390 4595 ternariae.
2475 4541 2534 4595 Si
2572 4541 2746 4595 tertia
2772 4544 2913 4596 dura
2940 4558 3050 4595 non
3079 4544 3318 4612 quadrat

583 4620 653 4671 ad
696 4619 1105 4685 duodenarium,
1136 4618 1333 4688 majori
1363 4618 1597 4671 termino
1620 4618 1673 4681 5,
1726 4635 1860 4672 sane
1907 4636 2085 4689 neque
2132 4622 2306 4674 tertia
2347 4621 2530 4674 mollis
2569 4624 2811 4691 quadrat
2855 4623 2926 4675 ad
2962 4622 3312 4685 vicenarium,

581 4696 779 4765 majori
807 4698 1037 4751 termino
1067 4702 1122 4753 6.
1205 4700 1444 4753 Rursum
1482 4697 1529 4751 si
1568 4698 1741 4751 tertia
1776 4697 1958 4751 mollis
2003 4698 2124 4752 ideo
2153 4700 2398 4754 habetur
2431 4716 2534 4770 pro
2571 4701 2842 4770 perfecta,
2887 4700 3022 4771 qnia
3047 4708 3138 4755 est
3163 4702 3316 4757 dimi·
3363 4686 3384 4698 ⁹

582 4776 728 4831 dium
754 4776 927 4846 ipsius
956 4776 1235 4847 diapente,
1282 4777 1465 4848 magis
1496 4778 1669 4832 tertia
1694 4779 1834 4832 dura
1861 4778 2163 4833 habebitur
2203 4796 2305 4850 pro
2337 4781 2606 4849 perfecta,
2652 4781 2784 4851 quia
2809 4787 2870 4834 et
2897 4780 3022 4851 ipsa
3049 4788 3138 4835 est
3161 4781 3318 4835 dimi·

581 4856 728 4910 dium
756 4854 928 4926 ipsius
958 4856 1217 4928 diapente
1248 4874 1523 4929 superans
1554 4861 1786 4922 tantum,
1833 4863 2098 4929 quantum
2128 4859 2301 4914 tertia
2328 4860 2510 4915 mollis
2540 4860 2722 4916 deficit
2749 4878 2787 4919 a
2814 4859 3048 4917 dimidio.
3122 4862 3320 4933 Itaque
