3634 5575
589 398 718 468 546
1786 402 2108 453 Prooemium.

773 558 1073 639 Keplerus
1121 579 1300 641 quum
1365 560 1424 621 in
1471 561 1668 623 indice
1717 578 2007 623 summam
2067 561 2252 622 libelli
2302 562 2396 623 sui
2439 561 2570 640 ipse
2624 560 2982 641 prodiderit,
3040 560 3122 622 nil
3164 580 3295 622 am-

593 651 750 730 plius
797 649 1135 711 addendum
1180 648 1298 709 rati
1346 667 1550 709 sumus
1597 650 1672 709 de
1721 648 1825 724 iis,
1892 668 2043 729 quae
2090 650 2297 711 insunt
2342 649 2478 710 huie
2524 651 2693 711 suavi
2744 650 3061 728 opusculo,
3119 666 3305 727 prae-

599 739 771 817 cipue
803 756 937 797 eum
987 737 1213 811 eadem,
1268 755 1418 815 quae
1449 738 1510 797 in
1541 735 1691 799 libro
1722 738 1795 798 de
1826 736 2027 799 Stella
2058 738 2235 798 Nova
2264 738 2607 817 conscripto
2656 756 2771 799 non
2803 738 3001 799 omitti
3030 743 3303 815 possunt,

593 827 692 888 hie
738 825 953 886 iisdem
1010 825 1134 886 fere
1191 824 1390 885 verbis
1445 825 1893 903 praemittenda
1956 826 2230 887 fuissent.
2325 826 2455 887 Hoc
2510 834 2774 901 tantum,
2842 826 2999 907 quod
3064 824 3305 903 saepius

598 914 884 989 diximus,
945 931 1282 983 monemuS,
1347 931 1422 972 ea
1475 913 1640 985 loca,
1697 912 1754 973 in
1814 912 2027 991 quibus
2084 913 2519 975 defendendam
2584 915 2855 993 suscepit
2908 912 3303 992 astrologiam

597 1001 914 1081 Keplerus,
963 1002 1078 1061 n‘on
1129 1001 1186 1060 in
1234 1000 1408 1078 pejus
1455 999 1507 1061 ei
1555 1002 1851 1061 vertenda
1898 1018 2052 1069 esse,
2102 1000 2243 1079 quia
2288 1009 2350 1062 et
2396 1021 2606 1063 munus
2654 1001 2923 1063 habebat
2967 1020 3005 1061 a
3035 999 3304 1063 Caesare

598 1089 1050 1162 demandatum,
1113 1095 1176 1149 et
1218 1087 1348 1166 ipse
1404 1108 1506 1160 ea,
1573 1088 1786 1166 quibus
1853 1089 2219 1168 astrologiae
2289 1090 2487 1161 „filiae
2554 1096 2807 1151 matrem
2870 1088 3303 1155 astronomiam

599 1176 860 1238 alentis“
910 1177 1044 1255 plus
1082 1176 1253 1255 justo
1302 1175 1562 1237 tribuere
1611 1176 1875 1247 videtur,
1923 1175 2261 1255 restringit,
2320 1178 2557 1259 semper
2603 1196 2959 1257 comparans
3006 1176 3305 1239 rationem

597 1263 970 1343 astrologiae
1015 1283 1149 1325 eum
1198 1262 1303 1324 illa
1347 1263 1700 1338 medicinae,
1751 1281 1929 1365 quan]
1977 1264 2249 1326 Feseliffs
2296 1266 2677 1345 profiteatur,
2724 1266 2817 1327 eui
2866 1284 3042 1345 quam
3090 1282 3305 1344 parum

596 1360 767 1413 certa
812 1352 960 1413 fides
1011 1359 1268 1425 constet,
1316 1370 1425 1432 per
1462 1351 1606 1431 joca
1652 1358 1716 1413 et
1759 1352 1924 1413 seria
1966 1352 2207 1431 probat.
2453 1386 2464 1395 —

769 1440 925 1519 Agit
969 1439 1044 1501 de
1092 1440 1203 1500 hoc
1251 1440 1454 1502 libello
1501 1438 1574 1501 E.
1625 1439 2007 1502 Scheibelius
2054 1442 2111 1501 in
2165 1438 2687 1514 „Oekonomische
2734 1440 3145 1503 Naehriehten
3196 1441 3306 1503 der

587 1527 1010 1590 Schlesischen
1058 1527 1506 1589 Patriotischen
1554 1526 2009 1591 Gesellsehaft“
2060 1531 2186 1599 (an.
2247 1524 2473 1603 1776),
2523 1530 2799 1591 refutans
2847 1528 3133 1591 vaticinia
3168 1526 3304 1591 Ca-

492 1676 498 1679 .
591 1616 908 1691 lendarii,
961 1616 1116 1695 quod
1165 1621 1380 1679 vocant
1425 1617 1714 1678 seculare.
1811 1614 2188 1678 Scheibelius
2236 1618 2489 1677 laudans
2537 1618 2775 1696 quidem
2820 1616 3072 1697 Kepleri
3118 1616 3304 1696 inge-

587 1704 770 1777 nium,
817 1722 950 1765 eum
997 1705 1174 1783 longe
1219 1704 1342 1765 alia.
1367 1703 1501 1781 ipsi
1549 1704 1631 1766 sit
1677 1704 1979 1766 sententia
2024 1704 2201 1765 nimis
2246 1704 2465 1785 premit
2512 1724 2602 1777 ea,
2652 1725 2807 1785 quae
2856 1706 2931 1766 de
2964 1703 3307 1783 astrologia

588 1791 892 1869 Keplerus
956 1791 1015 1851 in
1081 1792 1193 1852 hoc
1257 1790 1462 1852 libello
1526 1792 1834 1870 proponit,
1902 1792 2143 1854 minime
2210 1792 2503 1855 rationem
2558 1792 2789 1855 habens
2838 1812 3074 1868 eorum,
3146 1811 3307 1873 quae

567 1879 766 1945 ,modo
813 1879 1068 1941 diximus
1115 1878 1190 1939 de
1237 1878 1344 1941 illa
1387 1879 1634 1959 Kepleri
1679 1878 2040 1943 conditione.

767 1964 1118 2027 Schiireri
1167 1968 1616 2045 responsionem
1663 1968 1742 2029 ad
1787 1967 2013 2029 Feselii
2060 1967 2343 2041 libellum,
2394 1967 2570 2029 nimis
2616 1968 2897 2031 diffusam
2944 1966 3109 2041 (220
3152 1986 3302 2049 pag.

585 2054 646 2115 in
693 2050 822 2127 4.),
851 2054 930 2115 -in
978 2074 1095 2133 qua
1141 2056 1536 2133 astrologiam
1581 2055 1759 2118 anxie
1809 2056 2111 2131 defendit,
2172 2074 2331 2117 anno
2385 2050 2576 2117 1611.
2625 2057 2950 2135 prodiisse,
2992 2056 3305 2119 monuisse

586 2142 867 2205 sufficiat.
960 2143 1092 2203 Hoc
1139 2148 1374 2205 tantum
1421 2142 1715 2215 addimus,
1766 2141 2127 2205 Seharerum
2172 2144 2231 2205 in
2280 2144 2447 2205 calce
2498 2143 2635 2207 libri
2662 2144 2755 2205 soi
2800 2154 3101 2210 ‚mortuum
3138 2162 3301 2207 nun-

586 2229 748 2293 ciare
794 2230 843 2290 F
846 2230 1098 2293 eselium
1141 2250 1348 2293 menso
1391 2230 1740 2310 Septembri
1792 2228 1982 2293 1610.
