3634 5575
661 299 794 367 430
1775 304 1861 359 n·
1897 301 2257 381 mamone·

663 459 985 523 similium.
1035 478 1106 521 eo
1154 461 1278 523 sere
1329 462 1542 537 modo,
1613 480 1730 543 quo
1791 462 2065 524 videmus
2108 460 2172 523 in
2216 458 2555 523 visceribus
2602 460 2857 525 hominis
2914 459 3157 523 omnia
3200 458 3420 539 quidem
3527 517 3528 530 ,

663 548 990 630 purgantis
1035 550 1464 617 commotiones
1510 551 1822 614 humorum
1866 550 2124 625 efficere,
2176 550 2285 612 sed
2332 538 2683 631 specialiter
2724 549 3211 613 rhabarbarum
3266 546 3419 611 bilis:
3529 615 3532 624 ,

667 640 838 711 (nam
898 656 1050 719 quae
1107 639 1368 705 facultas
1415 640 1784 721 geometriae
1830 658 2027 719 capax
2072 644 2197 714 est,
2274 658 2393 701 non
2448 640 2533 701 sit
2584 640 2694 703 illa
2752 640 2995 703 coloris
3050 636 3421 716 aliarumque
3529 639 3544 689 ἵ,

665 728 724 789 in
771 726 960 789 radiis
1009 728 1370 807 qualitatum
1391 729 1460 811 ?)
1505 728 1824 809 potissima
1868 736 2073 791 tamen
2120 726 2391 790 varietas
2438 736 2535 791 est
2580 730 2659 790 ab
2702 729 2838 809 ipsa
2882 745 3279 807 corporum,
3338 726 3419 788 iu-
3530 713 3534 738 ⁴

663 816 874 895 primis
924 816 1187 894 Terrae,
1239 818 1668 898 dispositione·
1735 836 1915 898 quam
1974 816 2111 879 aliis
2155 818 2431 897 partibus
2478 817 2731 899 aliisque
2784 815 3211 897 temporibus
3256 815 3423 875 habet

667 905 874 969 aliam.
943 902 1202 975 Quando
1249 908 1425 983 enim,
1476 906 1734 987 exempli
1781 926 1987 981 causa,
2035 924 2217 967 verno
2263 914 2531 987 tempore
2578 907 2857 969 humores
2906 908 2984 968 in
3042 904 3419 985 septentrio-

667 994 790 1057 nali
836 995 1060 1057 Terrae
1107 996 1470 1071 medietate,
1529 1004 1776 1075 propter
1822 994 1986 1058 Solis
2034 1014 2383 1072 accessum,
2452 997 2527 1058 de
2584 1016 2699 1077 quo
2752 1016 2993 1077 supra,
3076 994 3417 1067 abundant,

666 1094 808 1145 tunc
871 1084 969 1146 vel
1034 1084 1376 1147 levissimus
1433 1091 1718 1165 aspectus
1801 1102 2281 1165 quorumcunque
2346 1085 2727 1165 planetarum
2806 1084 3215 1149 facultatem
3273 1082 3419 1145 illam

666 1172 891 1234 Terrae
939 1173 1224 1245 concitat,
1273 1182 1342 1235 ut
1387 1193 1522 1236 sese
1571 1180 1967 1248 commoveat,
2018 1179 2083 1233 et
2126 1173 2363 1253 copiam
2412 1173 2675 1254 aliquam
2711 1193 3029 1254 vaporum
3072 1172 3165 1234 ad
3208 1171 3415 1233 imbres

669 1262 1156 1343 progenerandos
1205 1265 1480 1325 exsudet.
1573 1262 1720 1325 Alio
1765 1269 2035 1341 tempore
2096 1262 2195 1323 vel
2251 1262 2383 1324 loco
2448 1271 2733 1342 aspectus
2792 1264 2985 1343 longe
3046 1260 3416 1323 fortissimus

671 1352 920 1421 Terram
967 1351 1206 1433 quidem
1255 1352 1550 1427 stimulat,
1599 1350 1708 1413 sed
1752 1357 2002 1431 propter
2048 1350 2338 1413 materiae
2386 1352 2687 1415 defectum
2730 1371 2950 1433 parum
3008 1350 3223 1413 elicit.

1767 1440 2031 1501 Thesis
2075 1438 2276 1501 XLV.

851 1528 988 1600 Quo
1035 1530 1170 1591 loco
1215 1528 1610 1608 concipienda
1655 1536 1752 1591 est
1815 1528 1941 1591 alia
2005 1527 2251 1607 insuper
2318 1528 2575 1591 necdum
2640 1528 2889 1609 cognita
2944 1544 3201 1591 causa:
3260 1526 3409 1605 cujus

676 1618 976 1697 ignoratio
1022 1616 1472 1697 praedictiones
1520 1618 1965 1696 astrologorum
2008 1617 2395 1679 vehementer
2436 1618 2661 1680 turbat.
2726 1617 2885 1681 Nam
2932 1625 3015 1680 ut
3070 1617 3141 1679 in
3191 1615 3409 1677 homine

669 1714 810 1768 sunt
873 1707 1170 1787 quaedam
1231 1704 1540 1768 humorum
1604 1706 1870 1786 periodi,
1939 1725 2089 1787 quae
2138 1706 2434 1783 efficiunt,
2504 1714 2569 1768 ut
2628 1707 2804 1768 homo
2848 1714 3127 1787 praeter
3176 1720 3405 1765 causam

671 1795 1010 1857 evidentem
1055 1795 1265 1858 crebro
1311 1794 1370 1857 in
1420 1795 1682 1876 aliquem
1727 1796 2009 1857 affectum
2064 1802 2375 1857 vertatur:
2442 1794 2741 1857 interdum
2803 1796 2902 1857 vel
2968 1795 3123 1857 sine
3194 1793 3409 1853 musice

671 1885 755 1946 sit
797 1883 1035 1959 hilaris,
1101 1902 1334 1947 rursum
1397 1885 1563 1947 nulla
1621 1884 1929 1947 suavitate
1986 1904 2025 1945 a
2068 1884 2345 1947 tristibus
2394 1884 2862 1964 cogitationibus
2910 1883 3134 1947 averti
3182 1882 3402 1963 possit.-

672 1974 750 2035 ad
797 1972 1051 2035 eundem
1097 1973 1276 2052 plane
1315 1973 1558 2035 modum
1586 1972 1987 2053 deprehendo,
2028 1980 2272 2053 praeter
2310 1982 2594 2055 aspectus
2634 1994 2768 2037 esse
2820 1975 2977 2037 alias
3024 1981 3103 2036 et
3135 1970 3401 2034 fortiores

671 2062 986 2143 magisque
1033 2062 1338 2125 durabiles
1385 2082 1636 2136 causas,
1687 2079 1841 2141 quae
1888 2062 2188 2138 efficiunt,
2233 2071 2305 2124 ut
2348 2062 2586 2142 integer
2631 2063 2846 2143 aliquis
2892 2082 3137 2135 annus,
3191 2066 3397 2141 quanto

671 2158 940 2231 tempore
988 2151 1188 2213 nullus
1235 2158 1519 2229 aspectus
1569 2151 1764 2228 durat,
1813 2150 2059 2212 humore
2104 2150 2359 2231 ideoque
2407 2159 2470 2212 et
2517 2152 2735 2231 frigore
2782 2151 2967 2213 nimio
3016 2150 3393 2213 detineatur:

671 2240 732 2301 in
780 2258 894 2320 quo
939 2240 1168 2315 videas,
1215 2239 1313 2300 vel
1361 2239 1698 2303 levissimos
1746 2247 2049 2319 aspectae,
2101 2241 2335 2320 quoties
2380 2240 2669 2315 incidunt,
2700 2240 3017 2319 plurimum
3064 2238 3395 2319 pluviasn-

671 2329 772 2390 vel
818 2335 1128 2391 ventorum
1175 2327 1350 2402 ciere,
1403 2326 1596 2409 qualis
1643 2328 1760 2390 fuit
1803 2347 1995 2391 annus
2040 2328 2159 2390 iste
2214 2324 2401 2404 1601,
2452 2328 2571 2389 alio
2620 2346 2762 2390 vero
2810 2346 2969 2391 anno
2998 2336 3201 2389 tanta
3228 2325 3392 2388 sicci-

674 2424 774 2479 tas
821 2424 932 2492 est,
981 2424 1049 2479 ut
1093 2416 1203 2479 sub
1251 2416 1382 2479 dies
1427 2424 1779 2497 aspectuum
1826 2416 1975 2479 nihil
2018 2416 2133 2479 nisi
2162 2418 2511 2492 nubeculae,
2552 2423 2661 2479 aut
2706 2418 2837 2481 loco
2866 2434 3181 2497 vaporum
3216 2416 3395 2477 fumus

675 2513 1049 2582 excernatur,
1101 2505 1296 2587 qualis
1343 2505 1462 2569 fuit,
1506 2524 1694 2567 annus
1747 2501 1939 2569 1599.

1748 2594 1897 2656 The
1916 2593 2023 2655 sis
2068 2593 2303 2656 XLVI.

851 2683 954 2744 An
1002 2683 1151 2745 haec
1197 2690 1325 2745 tam
1371 2681 1618 2745 evidens
1663 2682 1931 2745 varietas
1968 2702 2045 2743 ex
2091 2682 2417 2761 eclipsibus
2446 2680 2611 2744 Solis
2656 2692 2721 2744 et
2763 2682 2974 2745 Lunae
3024 2684 3227 2763 (quae
3268 2682 3391 2741 sunt

679 2772 888 2836 itidem
932 2772 1090 2838 inter
1136 2778 1439 2852 aspectae,
1487 2772 1722 2834 scilicet
1763 2772 1923 2834 inter
1968 2771 2415 2854 conjunctiones
2462 2778 2526 2833 et
2562 2772 2973 2852 oppositiones
3003 2764 3389 2838 referendae)

609 2851 632 2870 ³
675 2861 1011 2944 proveniat,
1058 2861 1558 2924 considerandum
1603 2861 1895 2942 relinquo.
1988 2861 2393 2924 Statuendum
2436 2860 2621 2940 igitur
2676 2868 2879 2937 esset,
2941 2879 3087 2924 eam
3151 2861 3230 2924 de
3286 2873 3387 2936 qus

675 2961 807 3012 tam
849 2951 1040 3014 multa
1086 2949 1232 3026 dixi,
1279 2947 1634 3012 facultatem
1681 2951 2001 3012 animalem
2032 2950 2273 3025 Terrae,
2324 2949 2525 3014 subita
2568 2943 2845 3014 luminis
2846 2952 3184 3014 amissione
3214 2945 3385 3009 vehe—

677 3047 910 3102 menter
967 3039 1384 3108 consternari,
1469 3048 1532 3102 et
1597 3040 1893 3120 quendam
1948 3039 2121 3118 quasi
2188 3040 2471 3102 affectum
2529 3039 2843 3120 concipere
2908 3039 3091 3122 inque
3151 3035 3385 3101 multum

675 3137 912 3207 tempus
957 3146 1310 3208 prorogare,
1374 3130 1531 3209 quod
1575 3137 1642 3190 et
1686 3128 2139 3208 Theophrastus
2194 3147 2315 3190 non
2358 3128 2577 3210 ubique
2624 3129 2933 3190 fabulosus
2978 3129 3257 3191 sensisse
3299 3121 3382 3182 vi

677 3219 872 3280 detur.
966 3216 1104 3280 Nisi
1149 3217 1305 3280 enim
1353 3226 1460 3280 aut
1501 3219 1658 3280 hanc
1707 3237 1954 3280 causam
2016 3218 2286 3298 alleges,
2354 3224 2463 3278 aut
2524 3219 2799 3280 omnibus
2856 3219 3065 3282 causis
3130 3209 3381 3298 physicis

676 3307 924 3386 rejectis
998 3307 1112 3368 hoc
1177 3314 1430 3369 naturae
1515 3325 1666 3387 opus
1746 3306 2107 3368 ordinarium
2184 3306 2701 3368 extraordinariae
2772 3306 2891 3368 Dei
2974 3301 3378 3388 providentiae

677 3394 1079 3470 transcribere,
1129 3396 1432 3477 explicare
1477 3416 1598 3458 nou
1642 3393 1903 3475 poteris,
1966 3415 2083 3476 qua
2126 3395 2362 3457 ratione
2410 3395 2669 3476 eclipses
2714 3403 2843 3459 tam
2889 3395 3017 3459 sint
3060 3394 3378 3459 ominosas

1745 3483 1891 3546 The
1908 3484 2013 3546 sis
2058 3484 2324 3547 XLVII.

853 3575 947 3636 At
991 3573 1188 3654 magis
1236 3579 1704 3636 consentaneum
1749 3580 1878 3648 est,
1924 3573 2083 3637 idem
2130 3573 2227 3634 hic
2274 3574 2497 3636 Terrae
2545 3574 2702 3653 quod
2766 3573 3175 3636 animantibus
3230 3583 3375 3629 mor-

679 3661 922 3724 talitate
971 3662 1180 3726 demta
1225 3662 1502 3736 evenire,
1569 3669 1638 3724 ut
1699 3681 1777 3724 ex
1838 3663 2077 3725 interna
2135 3663 2394 3744 quadam
2450 3661 2840 3741 dispositione
2896 3683 3039 3726 suos
3086 3663 3372 3723 humorum

677 3751 963 3814 circuitus
1028 3759 1092 3812 et
1159 3751 1331 3832 quasi
1375 3750 1615 3812 morbos
1662 3752 1927 3815 habeat:
1997 3771 2151 3833 quae
2194 3751 2249 3812 si
2296 3758 2461 3826 sunt,
2520 3751 2689 3830 leges
2738 3759 2802 3813 et
2846 3758 3124 3832 tempora
3169 3741 3371 3810 circui-

679 3848 844 3902 tuum
891 3859 967 3901 ex
1012 3839 1398 3918 plurimorum
1444 3859 1732 3901 annorum
1780 3840 2023 3902 collatis
2068 3839 2626 3910 observationibus,
2684 3841 2844 3920 quod
2898 3841 3190 3904 hactenus
3232 3847 3367 3896 uon·

682 3929 823 3990 dum
869 3935 966 3990 est
1013 3927 1272 4003 factum,
1318 3928 1780 4008 investigandae
1840 3936 1999 3992 sunt.
2096 3928 2145 3992 O
2164 3931 2409 3992 aesius
2469 3928 2567 3990 hic
2630 3929 2799 4010 cyclo
2864 3917 3369 3993 decemnovennali

680 4017 890 4078 Lunae
938 4017 1164 4096 aliquid
1208 4017 1450 4091 tribuit;
1515 4018 1610 4079 cui
1673 4017 1909 4098 quidem
1975 4019 2122 4082 fides
2180 4019 2371 4080 omnis
2424 4017 2700 4097 derogari
2747 4037 2867 4080 non
2910 4026 3137 4120 potest.
3227 4013 3365 4076 Nam

679 4112 742 4168 et
785 4105 970 4168 maris
1018 4114 1228 4168 aestus
1275 4106 1521 4170 maximi
1566 4114 1708 4186 post
1761 4103 1841 4170 19
1890 4127 2077 4170 anuos
2126 4107 2204 4169 ad
2226 4167 2232 4176 ,
2252 4107 2499 4170 eosdem
2546 4107 2687 4170 anni
2734 4107 2863 4170 dies
2910 4107 3133 4170 reverti
3178 4126 3214 4166 a
3247 4117 3363 4162 ma-

677 4193 898 4258 ritimis
947 4194 1244 4258 seruntur:
1295 4203 1360 4256 et
1403 4196 1580 4258 Luna
1625 4195 1969 4258 humoribus
2017 4195 2362 4273 destinata,
2428 4195 2565 4258 huic
2620 4197 2895 4276 negotio,
2953 4197 3114 4279 quod
3162 4195 3227 4257 in
3268 4190 3364 4250 hu·-

677 4301 908 4348 morum
953 4301 1208 4346 excessu
1253 4284 1352 4347 vel
1401 4285 1642 4348 defectu
1685 4284 1987 4361 consistit,
2034 4286 2252 4348 idonea
2296 4285 2489 4348 videri
2530 4293 2755 4365 potest.

1735 4374 2002 4437 Thesis
2046 4375 2343 4438 XLVIII.

859 4459 984 4524 Sed
1029 4468 1096 4524 et
1138 4462 1324 4524 tertia
1367 4481 1554 4526 causa
1597 4481 1821 4543 magna
1866 4463 2381 4526 verisimilitudine
2438 4481 2505 4524 se
2560 4461 2857 4525 insinuat.
2908 4461 3133 4524 multas
3174 4455 3355 4522 sublu-

681 4548 846 4612 naris
909 4559 1166 4612 naturae
1239 4551 1710 4624 commotiones,
1775 4571 1929 4633 quas
1992 4553 2146 4614 citra
2210 4560 2491 4632 aspectus
2547 4551 2849 4614 interdum
2911 4551 3182 4614 accidere
3238 4537 3354 4611 dixi,

679 4638 826 4702 cieri
869 4639 948 4702 ab
995 4639 1358 4702 harmonicis
1404 4640 1782 4719 planetarum
1828 4641 2108 4704 motibus.
2186 4641 2431 4704 Etenim
2476 4640 2531 4702 si
2570 4639 3064 4720 proportionatus
3092 4637 3354 4702 radiorum

681 4728 935 4807 angulus
981 4729 1096 4792 hoc
1142 4728 1360 4792 efficit:
1428 4729 1632 4810 quidni
1677 4736 1740 4792 et
1783 4730 2225 4810 proportionati
2269 4731 2543 4793 binarum
2588 4729 2901 4792 stellarum
2948 4739 3180 4803 motus,
3228 4735 3357 4804 (μ’

679 4813 798 4880 ties
863 4817 942 4882 ad
1007 4837 1186 4880 unum
1247 4824 1600 4882 concentum
1657 4819 2022 4884 tenduntur.
2004 4821 2033 4864 ⁹
2094 4821 2185 4884 sic
2238 4827 2309 4884 ut
2366 4820 2627 4902 aequale.
2678 4819 2941 4916 spatium
2997 4817 3173 4882 citius
3226 4807 3351 4876 alim
