3634 5575
503 303 626 372 134
1513 307 1742 371 Mysten-ii
1777 305 2183 374 emungi-aphia

1655 558 1897 658 Caput
1950 558 2049 632 X.

1197 681 1312 781 De
1355 719 1602 799 odgrino
1642 739 2052 782 numerorum
2094 717 2419 784 nobilium.
2452 727 2507 796 ⁸)

672 855 974 919 Infinitum
1013 865 1109 920 est
1146 858 1383 938 singula
1419 861 1716 943 persequi,
1769 879 1959 942 neque
2009 861 2136 924 sine
2186 863 2380 925 fructu
2428 863 2500 925 de
2549 863 2644 926 his
2693 864 3037 943 astrologus
3084 863 3217 925 am'-

496 945 652 1026 plius
700 947 953 1026 cogitet.
1031 947 1368 1010 Videamus
1415 951 1592 1011 modo
1632 958 2110 1012 astronomorum
2141 951 2601 1028 arithmeticam,
2654 971 2977 1034 sacrosque
3018 971 3219 1014 eorum

497 1052 796 1107 numeros,
845 1031 920 1124 6.
962 1033 1058 1098 12.
1111 1031 1216 1100 60.
1253 1032 1338 1112 ”)
1429 1039 1624 1118 Igitur
1671 1050 1925 1119 excepto
1975 1039 2308 1120 quadrante
2358 1050 2421 1103 et
2467 1051 2767 1116 sextante,
2819 1061 2904 1104 sc.
2962 1040 3062 1117 15,
3120 1037 3219 1111 10,

499 1141 703 1185 omnes
751 1126 1130 1204 sexagenarii
1177 1133 1385 1206 partes
1431 1127 1796 1206 multiplices
1846 1128 2220 1206 reperiuntur
2274 1130 2332 1191 in
2392 1129 2485 1192 his
2542 1130 2798 1211 quinque
2847 1132 3217 1210 corporibus,

500 1208 794 1274 Vicissim
841 1214 1114 1294 exceptis
1163 1216 1399 1296 angulis
1445 1217 1643 1296 planis
1691 1217 1964 1279 octaedri
2013 1225 2076 1278 et
2123 1217 2277 1294 cubi,
2328 1237 2573 1299 quorum
2606 1227 2851 1300 uterque
2890 1219 3076 1282 habet
3112 1215 3217 1294 24,

497 1309 704 1363 cetera
749 1303 969 1378 omnia,
1022 1322 1173 1384 quae.
1221 1311 1638 1380 numerantur,
1689 1315 1833 1367 sunt
1877 1323 2019 1384 pars
2068 1305 2385 1386 multiplex
2430 1308 2839 1387 sexagenarii,
2889 1315 2955 1370 ut
3002 1307 3221 1370 existi-

501 1408 685 1464 mem,
742 1391 844 1452 vix
898 1391 1002 1453 ulli
1059 1411 1300 1454 numero
1355 1411 1537 1473 posse
1593 1414 1668 1456 ne
1717 1417 1754 1455 a
1794 1395 2146 1478 Pythagora
2193 1395 2431 1476 quidem
2478 1397 2662 1460 ullam
2708 1415 2834 1458 rem
2882 1397 3224 1460 naturalem

499 1478 817 1558 assignari,
871 1498 1022 1560 quae
1070 1481 1157 1544 illi
1202 1481 1398 1562 magis
1447 1482 1530 1544 sit
1575 1484 1847 1564 propria,
1896 1501 2072 1564 quam
2118 1484 2216 1546 hic
2263 1503 2542 1548 numerus
2593 1493 2689 1548 est
2736 1485 2915 1548 dictis
2964 1487 3221 1570 quinque

499 1567 868 1646 corporibus.

677 1655 846 1718 Unus
894 1663 990 1718 est
1036 1655 1251 1730 cubae,
1309 1657 1450 1720 Una
1494 1659 1791 1741 pyramis,
1842 1659 2041 1723 Unum
2090 1659 2541 1736 dodecasdron,
2596 1661 2795 1724 Unum
2840 1662 3217 1740 icosaedron,

499 1743 698 1806 Unum
745 1746 1104 1821 octaedron,
1155 1745 1350 1808 Unum
1400 1747 1738 1811 solitarium
1785 1748 1914 1810 sine
1966 1749 2166 1812 simili.
2634 1761 2641 1773 '

675 1831 810 1894 Duo
876 1853 1128 1916 corpora
1193 1836 1584 1910 secundaria;
1651 1837 1786 1899 Duo
1854 1838 2094 1900 ordines
2160 1857 2515 1920 corporum3
2580 1837 2739 1902 Bina
2802 1855 3041 1920 semper
3106 1839 3219 1903 sibi

501 1912 761 1996 similia;
810 1921 983 1986 Duae
1033 1924 1326 2006 ejusmodi
1373 1926 1814 1988 similitudines.

677 2009 826 2072 Tres
856 2013 1059 2094 anguli
1097 2014 1328 2076 basium
1359 2014 1416 2075 in
1447 2015 1779 2098 pyramide,
1818 2016 2155 2092 icosaedm,
2188 2015 2494 2090 octaedro,
2538 2015 2679 2096 quia
2709 2016 2889 2078 bases
2917 2017 3218 2080 trilatera.

499 2099 642 2163 Tria
688 2101 974 2179 primaria
1019 2122 1288 2184 corpora.
1384 2104 1532 2167 Tres
1581 2105 1935 2184 angulorum
1985 2105 2383 2168 differentiae.

677 2186 955 2260 Quatuor
1003 2190 1204 2268 anguli
1253 2201 1316 2254 et
1361 2192 1558 2255 latera
1601 2193 1769 2256 basis
1817 2195 1877 2256 in
1926 2193 2101 2256 cubo,
2178 2191 2453 2265 Quatuor
2502 2192 2681 2257 solidi
2726 2193 3059 2276 pyramidis
3108 2213 3221 2256 an-

499 2277 642 2357 guli.
739 2275 1014 2349 Quatuor
1062 2281 1327 2359 ejusdem
1374 2282 1574 2345 bases,

677 2363 954 2448 Quinque
1002 2387 1272 2450 corpora.
1368 2367 1644 2452 Quinque
1694 2369 1898 2450 anguli
1944 2378 2009 2432 et
2054 2370 2251 2433 latera
2294 2369 2352 2431 in
2402 2369 2535 2433 basi
2585 2367 3040 2434 dodecaedrica.

678 2453 803 2518 Sex
851 2457 1053 2538 anguli
1102 2457 1390 2524 octaedri.
1468 2459 1593 2523 Sex
1641 2459 1839 2521 latera
1882 2459 2234 2547 pyramidis.
2312 2457 2435 2522 Sex
2482 2459 2663 2522 bases
2712 2459 2867 2522 cubi.
2962 2457 3222 2521 Pulcher

497 2563 800 2608 numerus.

679 2631 837 2695 Octo
883 2633 1068 2694 bases
1116 2633 1408 2698 octaedri.
1503 2631 1661 2697 Octo
1712 2635 1917 2714 anguli
1966 2633 2121 2696 cubi.
2152 2633 2210 2708 1’)

677 2721 1009 2784 Duodecim
1059 2723 1241 2784 bases
1288 2723 1671 2786 dodecaedri.
1748 2723 2084 2786 Duodecim
2131 2722 2327 2786 latera
2373 2723 2667 2786 octaedri.
2756 2728 2909 2791 Item
2956 2731 3021 2787 et
3064 2723 3218 2785 cubi.

503 2808 838 2873 Duodecim
886 2811 1086 2891 anguli
1136 2812 1454 2875 icosaedri.
1548 2812 1880 2874 Duodecim
1925 2813 2092 2893 plani
2140 2812 2343 2893 anguli
2389 2814 2736 2895 pyramidis.

677 2898 839 2963 Ecce
885 2898 982 2960 hic
1033 2918 1309 2961 numerus
1358 2900 1414 2962 in
1466 2900 1740 2964 omnibus
1789 2902 2045 2983 quinque
2096 2911 2209 2964 est.

679 2988 916 3063 Viginti
967 2988 1148 3055 bases
1199 2988 1516 3050 icosaedri.
1611 2989 1846 3071 Viginti
1898 2989 2103 3069 anguli
2151 2990 2535 3053 dodeeaedri.

677 3074 914 3155 Viginti
965 3085 1218 3156 quatuor
1265 3078 1466 3157 anguli
1523 3076 1688 3158 plani
1748 3078 2019 3144 octaedri
2068 3089 2131 3142 et
2177 3079 2331 3144 cubi.
2424 3080 2542 3141 Hic
2589 3078 2820 3141 alienus
2868 3086 2963 3141 est
3008 3094 3220 3140 nume-

499 3184 628 3240 rus,
679 3164 790 3227 sed
836 3184 946 3227 nec
991 3166 1349 3246 praecipuae
1396 3167 1500 3240 rei,
1552 3187 1660 3230 nec
1709 3169 1796 3230 ita
1844 3168 2116 3231 alienus:
2170 3177 2268 3231 est
2313 3168 2469 3231 enim
2518 3168 2610 3231 bis
2664 3164 2762 3244 12,
2815 3175 2910 3230 ter
2954 3163 3016 3240 8,
3068 3186 3220 3247 qua-

501 3261 596 3315 ter
642 3250 712 3327 6,
765 3253 863 3333 qui
913 3272 1120 3315 omnes
1167 3266 1308 3316 sunt
1354 3256 1412 3317 in
1462 3252 1566 3321 60.
1648 3272 1651 3274 ·

681 3342 959 3421 Triginta
1006 3343 1201 3405 latera
1247 3344 1542 3407 icosaedri
1593 3354 1656 3409 et
1704 3345 2087 3409 dodecaedri.

682 3429 1021 3510 Sexaginta
1065 3433 1231 3511 plani
1280 3436 1482 3514 anguli
1531 3434 1894 3497 dodecaedri
1942 3443 2007 3496 et
2052 3434 2367 3500 icosaedri.

680 3518 1123 3599 Praetereaque
1170 3522 1314 3585 nihil
1365 3532 1729 3597 numeratur,
1777 3524 1893 3585 nisi
1940 3540 2203 3585 summas
2242 3522 2501 3585 omnium
2550 3522 2807 3583 laterum
2854 3526 2917 3581 et
2964 3518 3223 3599 angulo-

499 3626 630 3671 rum
676 3607 828 3670 inire
875 3610 1148 3681 velimus,
1197 3612 1356 3693 quod
1393 3613 1644 3676 alienius
1683 3622 1800 3676 est.
1862 3613 2013 3674 Tum
2057 3612 2415 3691 provenient
2460 3608 2661 3689 anguli
2712 3608 3224 3671 denominantium

498 3695 744 3847 basium·
790 3694 888 3771 18,
941 3698 1128 3761 facies
1177 3698 1284 3772 50,
1333 3702 1533 3782 anguli
1583 3702 1855 3778 totidem,
1906 3702 2105 3763 latera
2132 3698 2237 3776 90,
2288 3700 2490 3779 anguli
2536 3700 2699 3780 plani
2754 3694 2899 3763 180.
2974 3697 3223 3761 Numeri

501 3804 695 3865 eogna
725 3806 746 3847 1
793 3804 1016 3849 omnes.

1433 3964 1522 4029 IN
1567 3962 1850 4027 CAPUT
1892 3962 2291 4027 DECIMUM

1551 4085 1780 4141 NOTAE
1817 4084 2171 4137 Auci-oms.

618 4188 682 4259 a)
723 4194 801 4249 Ut
827 4210 1000 4265 supra
1031 4194 1152 4263 jam
1177 4195 1382 4252 dietum
1409 4204 1514 4261 est,
1546 4196 1720 4251 omnis
1747 4212 2095 4251 numerorum
2132 4196 2394 4250 nobilitas
2426 4190 2620 4266 (quam
2660 4194 2957 4265 praecipue
2988 4195 3221 4250 admira-

495 4281 588 4331 tur
631 4274 924 4346 theologia
967 4275 1376 4346 Pythagorica,
1423 4279 1698 4348 rebusque
1736 4275 1933 4331 divinis
1978 4272 2291 4346 comparat)
2334 4281 2421 4330 est
2475 4276 2729 4346 primitus
2777 4294 2852 4329 ex
2891 4275 3221 4347 geometria.

495 4356 631 4412 Cum
658 4370 790 4410 vero
817 4356 1030 4409 multae
1057 4354 1172 4409 siut
1197 4354 1320 4424 ejus
1348 4364 1557 4425 partes,
1587 4357 1699 4410 hae
1729 4358 1944 4427 quidem
1972 4356 2209 4427 quinque
2244 4356 2461 4429 figurae
2490 4356 2703 4410 solidae
2740 4370 2849 4409 non
2877 4361 3007 4409 sunt
3044 4354 3225 4424 prima

495 4454 600 4493 nee
643 4436 810 4490 unica
859 4451 1032 4490 eausa
1077 4434 1386 4490 nobilitatis
1427 4436 1595 4504 hujus
1643 4438 1738 4490 sed
1783 4436 1997 4499 accidit,
2042 4442 2108 4489 ut
2132 4438 2311 4491 multa
2346 4435 2403 4489 in
2436 4437 2669 4489 eundem
2696 4450 2979 4489 numerum
3008 4434 3222 4505 conspi-

494 4520 636 4571 rent.
719 4514 906 4569 Prima
934 4514 1075 4569 enim
1105 4513 1262 4585 origo
1293 4515 1616 4585 aptitudinis
1647 4530 1991 4571 numerorum
2036 4522 2125 4570 est
2152 4533 2226 4570 ex
2254 4514 2445 4589 figuris
2483 4515 2665 4585 planis
2694 4514 3069 4585 regularibus,
3120 4514 3222 4569 cir-

495 4597 622 4651 culo
651 4594 1066 4663 inseriptilibus,
1099 4610 1395 4666 earumque
1425 4596 1818 4665 coagmentum
1866 4598 2019 4650 unde·
2052 4602 2252 4666 postea
2293 4595 2503 4649 solidae
2534 4594 2799 4649 oriuntur.
2883 4595 3022 4649 Vide
3050 4593 3147 4649 lib.
3176 4594 3219 4649 1.

495 4683 556 4729 et
597 4674 666 4728 11.
712 4675 1181 4729 Harmonieorum.
1265 4676 1350 4729 Ne
1395 4689 1528 4729 vero
1559 4676 1924 4740 eoiifflndaris,
1982 4676 2077 4731 ubi
2118 4676 2355 4747 leg-eris,
2404 4674 2899 4729 demonstrationes
2964 4676 3222 4738 laterum.

497 4754 694 4827 quibus
721 4758 955 4809 utuntur
984 4757 1216 4825 figurae,
1264 4754 1470 4809 arcessi
1517 4771 1554 4809 a
1583 4755 1822 4810 numeris
1870 4758 2216 4827 angulorum,
2264 4755 2427 4826 quasi
2461 4755 2583 4809 ideo
2623 4772 2896 4817 numerus,
2944 4762 3011 4809 ut
3036 4770 3223 4809 nume·

495 4850 644 4899 rans,
688 4832 841 4904 prior
867 4834 942 4888 sit
984 4841 1043 4889 et
1069 4834 1303 4906 dignior.
1383 4834 1623 4898 Minime,
1669 4852 1776 4889 non
1819 4836 1964 4892 enim
2002 4837 2123 4891 ideo
2154 4834 2520 4891 numerabiles
2567 4836 2709 4891 fiunt
2748 4834 2941 4907 anguli
2986 4836 3221 4910 figurae,
