3634 5575
535 361 668 432 348
921 377 925 380 “
1391 367 1595 418 Literao
1629 367 1839 432 Kepleri
1874 368 2175 432 aliorumque
2210 375 2415 420 mutuae
2450 329 2459 336 θ

539 527 797 607 Opticis.
891 527 978 590 Tu
1028 535 1240 590 contra
1288 527 1408 589 ais:
1465 524 1529 600 1)
1577 527 1874 606 puriorem
1922 528 2044 590 illis
2092 547 2227 589 esse
2276 535 2497 591 aerem.
2588 530 2679 590 At
2724 547 2841 590 non
2888 530 3160 610 sequitur
3186 537 3263 591 et

535 615 924 680 humiliorem.
1023 615 1210 680 Calor
1255 624 1579 690 extenuat,
1647 617 1924 679 tenuiora
1967 617 2229 696 puriora.
2324 615 2509 681 Calor
2554 635 2728 696 ergo,
2797 618 2897 696 qui
2942 618 3251 697 puritatis„

535 705 696 767 idem
725 704 1059 769 altitudinis
1088 725 1292 780 causa,
1327 704 1466 786 quia
1494 711 1675 784 auget
1705 712 1947 767 aerem:
2000 706 2057 767 in
2091 713 2232 768 aere
2274 706 2431 768 enim
2462 705 2726 786 quotidie
2759 706 3041 786 gignitur,
3089 708 3253 788 quod

535 794 596 856 in
645 801 821 856 nocte
869 795 1086 857 iterum
1131 795 1367 874 cogitur
1413 796 1470 856 in
1511 811 1676 854 rores
1723 813 1833 873 per
1880 795 2068 873 frigus
2115 807 2453 873 supernum.
2550 793 2622 868 2)
2672 795 2824 856 Ais:
2874 795 2995 857 cito
3024 814 3253 874 perva-

538 884 678 946 dere
726 890 1156 964 tempestates,
1218 901 1355 944 esse
1403 881 1587 962 igitur
1633 882 1915 944 humilem
1962 883 2045 944 ibi
2093 889 2315 944 aerem.
2408 885 2641 945 Bonum
2690 893 3133 962 argumentum,
3196 885 3252 946 si

537 972 754 1040 bonurn
800 980 968 1034 esset
1015 979 1363 1034 assumtum.
1441 971 1598 1032 Nam
1645 990 1776 1032 cum
1823 971 1884 1034 in
1933 971 2193 1034 borealis
2242 972 2453 1034 oceani
2484 971 2868 1051 navigatione
2910 974 3045 1052 lego
3076 973 3250 1034 subi-

535 1070 636 1122 tas
682 1067 1101 1140 tempestateS,
1153 1066 1537 1141 argumentor
1582 1059 1711 1139 ipse
1761 1079 2013 1141 quoque,
2063 1060 2343 1122 humilem
2391 1081 2527 1122 esse
2574 1067 2793 1138 aerem,
2844 1060 2935 1122 ita
2962 1069 3030 1124 ut
3058 1080 3253 1141 vapor

536 1169 610 1211 ex
660 1158 824 1226 terra
871 1149 1203 1212 ascendens
1251 1149 1452 1212 subito
1498 1148 1558 1209 in
1607 1149 1796 1228 frigus
1844 1149 2190 1212 aethereum
2241 1149 2533 1223 incurrat,
2604 1157 2889 1230 superato
2926 1145 3096 1212 'aeris
3148 1151 3245 1210 fa-

537 1239 737 1316 stigio.
829 1238 912 1300 Et
958 1245 1023 1300 tu
1069 1237 1378 1319 pulchram
1435 1237 1918 1300 observationem
1980 1237 2179 1312 addis,
2239 1239 2617 1300 utilissimam
2677 1238 3073 1317 speculationi
3124 1240 3237 1300 ful-

537 1327 779 1396 minum,
829 1328 984 1407 quod
1032 1328 1192 1409 apud
1239 1347 1347 1389 vos
1395 1345 1510 1388 non
1559 1325 1648 1388 ita
1694 1326 2079 1389 fulminentur
2126 1334 2311 1402 tecta,
2360 1335 2427 1389 ut
2454 1327 2514 1388 in
2548 1325 2879 1388 Germania
2918 1328 3246 1406 superiore.

539 1414 742 1478 Causa
803 1424 1010 1478 tamen
1073 1416 1252 1496 paulo
1310 1416 1488 1478 aliter
1551 1415 1937 1495 accipienda,
2005 1435 2215 1494 nempe
2284 1434 2401 1477 non
2467 1423 2571 1477 aer
2618 1423 2855 1490 terrae,
2926 1417 3035 1478 sed
3081 1425 3255 1478 terra

537 1505 663 1566 aeri
709 1512 805 1567 est
850 1505 1108 1590 propior.
1200 1505 1382 1567 Aeris
1429 1522 1656 1584 aequor
1700 1504 2003 1584 aequabili
2050 1504 2391 1584 superficie,
2451 1504 2675 1565 Terrae
2732 1512 2870 1566 sunt
2924 1504 3247 1584 profundi-

532 1600 730 1667 tates,
799 1602 867 1656 ut
921 1601 1209 1656 montana
1255 1594 1380 1655 sint
1426 1593 1598 1672 quasi
1657 1593 1924 1672 scopuli,
1982 1601 2045 1654 et
2090 1592 2361 1673 superior
2422 1591 2750 1654 Germania
2804 1594 2976 1672 quasi
3024 1603 3247 1675 syrtes·

529 1683 613 1743 Et
659 1683 824 1742 soleo
871 1682 1008 1744 hinc
1055 1681 1480 1762 argumentari,
1531 1699 1714 1760 quare
1763 1681 2077 1744 cacumina
2124 1681 2542 1743 fulminentur:
2602 1681 2849 1759 spiritus
2896 1682 3053 1742 enim
3100 1701 3247 1761 per-

531 1759 754 1850 rumpit
799 1768 1104 1844 humidum
1151 1770 1378 1844 aerem,
1448 1789 1566 1850 qua
1613 1770 2019 1832 tenuissimus.
2116 1769 2240 1831 Sed
2288 1778 2489 1831 tamen
2538 1769 2689 1830 haec
2735 1770 2979 1830 obstare
3030 1771 3246 1833 viden-

530 1865 663 1921 tur:
747 1857 812 1931 1)
860 1860 1154 1921 Bohemia
1199 1879 1312 1920 non
1361 1859 1568 1922 crebro
1615 1859 1843 1938 petitur
1890 1859 2255 1932 fulminibus,
2306 1866 2404 1920 est
2449 1865 2649 1920 tamen
2700 1859 2865 1932 alta,
2914 1860 2993 1921 ad
3043 1860 3249 1921 fontes

529 1944 616 2010 sc.
665 1946 873 2023 Albis3
923 1947 982 2010 id
1028 1947 1384 2029 praesertim
1415 1948 1576 2010 circa
1603 1948 1885 2028 Pragam.
1978 1945 2049 2021 2)
2097 1946 2381 2010 Secunda
2419 1967 2621 2021 causa,
2660 1965 2775 2008 ‚cur
2803 1955 3094 2010 montana
3122 1948 3249 2010 ful-

529 2036 844 2112 minentur,
895 2045 1008 2112 est,
1059 2037 1200 2116 quia
1244 2045 1480 2099 montes
1529 2043 1670 2098 sunt
1716 2036 1993 2101 officinae
2042 2044 2463 2099 meteororum.
2559 2033 2633 2110 3)
2684 2034 2843 2100 Sunt
2868 2047 3073 2099 certae
3107 2058 3246 2099 ma-

530 2126 740 2200 teriae,
791 2145 942 2205 quae
989 2127 1200 2188 crebro
1250 2125 1656 2188 fulminantur.
1751 2126 1946 2205 Igitur
1992 2125 2270 2187 videntur
2318 2125 2594 2187 emittere
2642 2125 3032 2205 spirituosum
3078 2126 3245 2188 hali-

530 2221 684 2289 tum,
723 2214 821 2294 qui
869 2215 1180 2278 fulminum
1223 2214 1512 2294 impetum
1557 2213 1620 2274 in
1666 2233 1802 2275 sese
1852 2212 2239 2276 similitudine
2270 2213 2560 2274 materiae
2603 2213 2881 2275 invitant.
2974 2210 3046 2288 4)
3094 2215 3251 2276 Ful-

531 2302 750 2364 minum
797 2313 1014 2366 natura
1061 2304 1293 2378 eadem,
1343 2322 1496 2383 quae
1545 2302 1674 2364 auri
1723 2302 1991 2372 fulminei
2040 2299 2507 2382 (Schlaggold);
2569 2301 2874 2363 incensum
2923 2305 3079 2364 enim
3130 2323 3250 2363 non

529 2411 766 2455 sursum
813 2393 1043 2466 nititur,
1094 2392 1200 2454 sed
1249 2393 1548 2465 deorsum,
1599 2389 1658 2453 in
1697 2390 2017 2452 adversum
2055 2390 2229 2471 quasi
2264 2390 2511 2452 humori.
2604 2390 2690 2450 Et
2732 2390 2793 2451 in
2826 2391 3044 2452 fodinis
3077 2392 3245 2452 auri-

533 2480 676 2542 feris
735 2480 936 2543 solent
989 2501 1065 2542 ex
1113 2481 1387 2561 fuligine,
1457 2498 1608 2560 quae
1676 2480 1965 2544 lateribus
2034 2480 2387 2560 abyssorum
2454 2477 2865 2554 adhaerescit,
2932 2480 3245 2560 ingruente

530 2569 774 2632 humida
820 2575 1181 2648 tempestate
1230 2570 1493 2630 existere
1541 2588 1720 2631 casus
1767 2568 2077 2631 fulminum
2123 2566 2425 2636 similium,
2475 2567 2571 2647 qui
2604 2573 2825 2629 necant
2869 2568 3141 2630 homiues
3182 2568 3243 2629 in

529 2666 842 2738 puteorum
890 2656 1219 2732 (Schaeht)
1269 2657 1490 2719 fundis.
1586 2655 1857 2735 Censent
1902 2655 2247 2731 metallarii,
2297 2656 2603 2734 fuliginem
2633 2656 2799 2718 illam
2847 2676 3089 2719 auream
3127 2656 3245 2717 hu-

529 2747 689 2810 mido
735 2753 876 2809 aere
923 2746 1198 2822 incendi,
1268 2765 1452 2827 quare
1499 2746 1596 2810 hic
1657 2765 1890 2826 quoque
1948 2746 2175 2809 fulmen
2240 2743 2354 2806 hoc
2418 2763 2664 2807 aureum
2717 2745 3010 2825 profunde
3067 2746 3239 2827 petit.

531 2838 660 2899 Hae
711 2836 1079 2916 objectiones
1127 2836 1374 2917 ancipiti
1441 2844 1504 2897 et
1567 2855 1750 2897 caeca
1811 2853 2018 2915 pugna
2088 2836 2359 2897 feruntur
2422 2832 2481 2895 in
2530 2853 2775 2896 causam
2822 2843 3023 2908 tuam,
3091 2854 3243 2915 quae

529 2924 684 2987 alias
731 2925 872 2985 mihi
921 2942 1151 3003 quoque
1197 2936 1314 2986 'non
1362 2924 1659 3002 displicet.
1755 2922 1879 2984 Sed
1927 2931 2063 2985 utut
2107 2922 2207 2997 sit,
2260 2930 2411 2994 est0,
2462 2922 2559 2983 ubi
2611 2923 2768 2985 citae
2816 2930 3239 3003 tempestates,

531 3022 598 3086 ut
643 3013 724 3091 ibi
772 3012 1012 3074 humilis
1061 3020 1186 3087 aer,
1215 3004 1369 3074 'dieo
1418 3014 1546 3079 tibi,
1596 3013 1706 3073 sub
1753 3013 1985 3073 torrida
2032 3030 2147 3072 non
2196 3012 2351 3073 citas
2382 3019 2803 3091 tempestates.
2882 3014 3038 3074 Nam
3085 3013 3238 3075 unde

530 3110 592 3163 tu
639 3101 899 3181 probas?
973 3099 1134 3172 Quia
1178 3103 1256 3164 ad
1285 3111 1482 3163 ortum
1521 3100 1851 3163 nubeculae
1898 3102 2107 3163 statim
2137 3101 2317 3162 adest
2366 3100 2526 3161 furor
2570 3109 2901 3163 ventorum.
2978 3102 3241 3164 Pulchra

531 3190 903 3263 observatio;
953 3190 1174 3254 similia
1217 3191 1275 3253 in
1323 3188 1517 3252 sacris
1563 3190 1875 3263 habemus,
1924 3209 2055 3252 cum
2104 3188 2275 3251 Elias
2322 3189 2557 3252 coelum
2582 3188 2923 3251 recluderet
2949 3190 3235 3253 imbrem-

531 3298 642 3359 que
691 3279 750 3340 in
796 3278 1036 3341 Achabi
1083 3288 1268 3360 eaput
1311 3279 1760 3363 praecipitaret.
1858 3276 1982 3341 Sed
2041 3297 2155 3339 non
2202 3278 2389 3339 vincit
2445 3278 2835 3356 propositum.
2927 3278 3243 3341 Nubecula

532 3366 764 3447 signum
813 3375 912 3429 est
958 3368 1410 3448 copiosissimae
1447 3367 1759 3440 materiae,
1799 3367 1929 3447 jam
1975 3366 2033 3428 in
2063 3366 2373 3447 procinctu
2421 3367 2661 3441 stantis,
2712 3380 2827 3427 non·
2873 3386 3077 3442 causa,
3130 3388 3239 3428 non

527 3464 745 3519 mater.
840 3455 944 3519 Sic
991 3457 1049 3519 in
1099 3456 1335 3539 Styria,
1385 3477 1519 3520 cum
1565 3447 1736 3518 mons
1787 3454 2046 3518 Schekel
2095 3456 2251 3534 pileo
2302 3454 2562 3533 tegitur,
2630 3456 2836 3533 phrasi
2892 3456 3238 3529 incolarum,

527 3552 806 3607 manente
832 3545 1010 3625 pileo
1057 3565 1167 3608 nec
1215 3564 1513 3628 quoquam
1542 3546 1790 3621 dimoto,
1840 3544 2054 3607 existit
2079 3544 2305 3623 pluvia,
2354 3543 2624 3605 oriuntur
2671 3545 2748 3605 ad
2777 3546 3013 3606 oculum
3054 3545 3241 3629 nubes

527 3634 584 3695 in
633 3634 905 3714 partibus
955 3634 1106 3697 coeli
1151 3636 1400 3709 serenis,
1447 3634 1720 3697 collectis
1767 3653 1855 3695 sc.
1904 3641 1969 3696 et
2014 3632 2092 3694 ad
2139 3632 2373 3694 oculum
2423 3632 2695 3694 densatis
2742 3632 3083 3713 vaporibus.

667 3740 1049 3792 Fabricius:
1100 3740 1228 3792 Solis
1276 3746 1328 3791 et
1375 3740 1552 3791 Lunae
1598 3739 1806 3803 eclipses
1852 3745 1910 3789 ut
1943 3738 2205 3803 plurimum
2256 3738 2501 3789 inducunt
2553 3738 2671 3789 illae
2726 3744 2919 3796 aestus,
2971 3740 3241 3797 siccitates,

527 3812 625 3861 hae
660 3811 996 3861 humiditates.
1071 3812 1150 3861 Tu
1182 3814 1234 3861 in
1273 3811 1428 3862 Terra
1462 3813 1781 3876 praecipuam
1818 3823 2026 3860 causam
2061 3809 2285 3881 quaeris,
2338 3808 2426 3859 sed
2461 3809 2605 3859 valde
2644 3809 2871 3859 absurde.
2944 3810 3101 3861 Terra
3136 3808 3240 3875 qui-

529 3883 640 3933 dem
675 3897 882 3945 vapores
919 3888 970 3931 ot
1006 3883 1107 3933 alia
1144 3888 1300 3941 creat,
1338 3882 1426 3933 sed
1465 3897 1497 3931 a
1531 3883 1768 3947 singulari
1805 3883 1985 3931 virtute
2023 3880 2207 3932 Terrae
2244 3880 2335 3930 illa
2369 3881 2559 3930 extrudi
2596 3896 2697 3931 non
2733 3880 2921 3939 credo:
2950 3882 3141 3933 coelum
3179 3895 3243 3931 ea

528 3953 678 4004 elicit.
749 3952 1022 4003 Ventorum
1059 3968 1250 4018 quoque
1297 3954 1446 4005 flatus
1484 3954 1662 4003 diversi
1705 3954 1870 4003 irritas
1907 3966 2057 4015 saepe
2103 3951 2315 4002 reddunt
2364 3958 2655 4015 aspectuum
2692 3954 3019 4016 operationes.
3094 3952 3239 4009 Vide,

527 4040 590 4074 ne
628 4037 806 4073 novam
845 4024 1185 4074 constituendo
1224 4025 1626 4090 meteorologiam
1673 4025 1810 4075 coelo
1850 4025 2078 4087 injuriam
2116 4024 2304 4080 facias,
2343 4038 2430 4086 pro
2467 4023 2681 4087 planetis
2715 4024 2926 4073 inducas
2957 4022 3243 4087 Neptunum

527 4102 582 4145 et
618 4094 743 4145 alios
779 4094 933 4144 Deos.

703 4184 1111 4263 Keplerus:
1160 4182 1624 4246 Absurditatem
1651 4182 1936 4264 Neptuno
1982 4202 2116 4245 meo
2164 4181 2492 4262 ἕηοσιγαιῳ
2522 4182 2805 4262 imputaS,
2854 4203 3044 4265 eausa
3079 4186 3243 4245 nulla

528 4273 759 4345 allata;
809 4272 1108 4334 tacuisses
1138 4274 1349 4335 eodem
1379 4274 1638 4335 foenore.
1716 4273 1909 4353 Igitur
1954 4272 2140 4333 verba
2169 4279 2277 4332 tua
2306 4271 2626 4350 usurpab0,
2680 4274 2985 4335 sententia
3023 4292 3238 4335 versa:

527 4361 778 4445 eoelum‘
808 4362 1044 4441 quidem
1093 4362 1368 4424 stimulat
1411 4363 1676 4435 Terram,
1728 4360 1837 4423 sed
1885 4381 1923 4423 a
1968 4359 2259 4440 singulari
2310 4360 2568 4440 quadam
2616 4360 2841 4424 virtute
2889 4362 3042 4424 coeli
3087 4363 3243 4424 citra

527 4450 786 4513 Telluris
834 4467 1078 4529 operam
1123 4470 1381 4532 vapores
1429 4470 1504 4513 ex
1552 4451 1743 4512 Terra
1787 4450 1925 4512 elici
1970 4446 2087 4511 non
2136 4449 2349 4522 cred03
2399 4448 2589 4511 Terra
2634 4468 2740 4511 eos
2790 4452 3080 4513 extrudit.

703 4539 798 4601 De
858 4547 1176 4601 ventorum
1231 4540 1482 4621 imperio
1537 4540 1596 4601 in
1652 4544 2059 4620 tempestates
2116 4538 2311 4599 sentio
2368 4545 2588 4599 tecum.
2682 4539 2773 4602 At
2819 4540 3131 4603 circuitum
3178 4550 3239 4603 et

525 4627 691 4689 vices
721 4648 927 4690 eorum
976 4647 1183 4691 omnes
1229 4629 1616 4709 inquirendas
1663 4628 2069 4708 relinquamus
2116 4626 2342 4688 nostris
2382 4627 2671 4707 posteris.
2766 4628 2973 4690 Pauca
3020 4630 3237 4692 scimus

529 4716 604 4779 de
653 4716 1097 4779 universalibus
1145 4738 1220 4779 ex
1269 4716 1461 4780 Costa
1488 4716 1746 4779 Jesuita.
1870 4707 1881 4716 ⁵

667 4822 1033 4872 Fabricius:
1091 4822 1383 4883 Quaeritur,
1440 4836 1504 4873 an
1541 4823 1709 4873 lumen
1744 4822 1822 4872 vel
1860 4822 2009 4873 calor
2046 4821 2173 4871 Solis
2225 4826 2277 4871 et
2313 4820 2566 4869 stellarum
2617 4822 2683 4869 sit
2734 4788 3013 4871 vehiculum
3049 4822 3238 4870 virtutis

525 4894 654 4944 illius
691 4892 889 4943 astralis
925 4893 1002 4943 vel
1039 4894 1328 4944 influentiae
1366 4894 1713 4961 astrologicae.
1791 4892 1922 4943 Sunt
1956 4893 2196 4952 nonnulli,
2235 4891 2319 4957 qui
2355 4898 2560 4957 negant.
2599 4900 2800 4956 praeter
2822 4893 2947 4943 lucis
2984 4900 3037 4943 et
3064 4894 3239 4945 caloris
