3634 5575
1555 372 1883 424 Prooemium.
2798 453 2805 458 ‚
2878 329 2881 332 ⁴
2954 368 3083 438 235

359 541 564 596 autem
611 531 932 613 aliquoties
979 531 1357 616 scripserim,
1407 533 1644 596 omnino
1689 531 1835 596 mihi
1879 533 2219 614 persuadeo
2266 539 2330 595 et
2373 550 2560 614 prope
2608 538 2839 596 certum
2884 540 3085 606 teneo,

359 641 454 684 me
501 621 698 702 prima
745 621 958 684 statim
1004 620 1137 682 vice
1168 621 1470 702 Tychonis
1518 623 1736 686 fecisse
1784 622 2171 686 mentionem.
2264 621 2477 685 Prodit
2517 642 2581 684 se
2626 622 2824 684 instar
2871 622 3085 686 soricis

361 718 426 772 et
470 729 605 772 meo
642 709 874 789 judicio
923 730 1035 772 sua
1084 709 1466 772 confessio‘ne
1513 709 1598 774 ἐπ’
1649 710 1990 792 αὖτοφωρῳ
2048 711 2533 792 deprehenditur.
2627 711 2753 786 Ait,
2816 731 2881 773 se
2941 731 3087 774 suas

360 799 732 883 hypotheses
793 818 870 860 ex
915 797 1269 860 Ptolemaeo
1326 799 1724 876 desumsisse‚
1787 810 2061 864 mutasse
2124 800 2282 862 enim
2328 801 2617 862 nonnulla
2672 801 2733 862 in
2782 798 3089 862 sententia

363 888 674 970 Apollonii
722 886 984 968 Pergaei
1030 887 1104 948 de
1151 886 1518 950 stationibus
1569 889 2049 971 speculationem
2094 889 2519 970 proponentis:
2568 890 2917 971 Tychonem
2944 907 3087 950 vero

361 977 627 1040 indidem
683 997 826 1039 suas
888 975 1292 1056 depromsisse
1353 984 1418 1038 et
1471 976 1584 1039 hoc
1633 997 1877 1057 negare.
1971 979 2138 1058 Lege
2200 997 2354 1058 quae
2412 978 2485 1039 de
2540 978 2653 1040 hoc
2698 979 3088 1040 Ptolemaeus

363 1065 637 1145 scripsit,
689 1073 751 1128 et
798 1065 1063 1128 insanire
1112 1065 1276 1126 dices
1325 1065 1568 1128 Ursum.
1663 1067 1894 1130 Verum
1942 1067 2181 1149 quidem
2228 1075 2359 1139 est,
2409 1086 2543 1129 cum
2588 1067 2741 1128 duae
2787 1073 3089 1145 ponantur

362 1176 400 1216 a
449 1155 798 1218 Ptolemaeo
844 1153 1156 1232 Apollonii
1206 1154 1577 1229 sententiae,
1642 1157 2041 1235 posteriorem
2098 1176 2172 1217 ex
2218 1155 2341 1218 illis
2397 1155 2779 1236 aliquatenus
2836 1155 3088 1234 digitum

360 1243 672 1306 intendere
738 1243 815 1305 ad
879 1241 1186 1324 Tychonis
1251 1242 1645 1325 hypotheses.
1755 1245 1963 1324 Fingit
2026 1245 2185 1308 enim
2234 1244 2413 1307 trium
2479 1245 2849 1324 superiorum
2919 1246 3089 1319 (nam

361 1333 746 1396 Ptolemaeus
811 1331 1040 1394 diserte
1104 1330 1282 1405 dicit,
1347 1332 1608 1394 alteram
1669 1335 2035 1398 sententiam
2090 1333 2411 1413 complecti
2466 1355 2647 1410 μωες
2703 1355 2844 1404 τους
2890 1353 3091 1394 naam

361 1421 655 1494 ἀποςασιν
707 1421 1052 1492 uocemue)
1112 1419 1442 1500 quemlibet
1506 1417 1728 1482 habere
1777 1423 2177 1485 eccentricum
2233 1437 2435 1497 suum,
2504 1423 2604 1502 qui
2670 1441 2865 1484 annuo
2923 1428 3091 1483 motu

364 1511 698 1574 circumeat
741 1508 1067 1572 secundum
1118 1507 1386 1570 ordinem
1435 1509 1762 1590 signorum.
1855 1511 2091 1574 Deinde
2139 1511 2197 1572 in
2248 1510 2515 1591 quolibet
2544 1511 2880 1572 eccentrico
2926 1507 3089 1571 volvi

365 1599 699 1680 epicyclum
755 1599 1004 1661 Terram
1067 1597 1484 1673 ambeuntem,
1571 1599 1744 1677 cujus
1797 1608 1999 1663 metus
2056 1599 2140 1662 sit
2194 1599 2253 1664 in
2297 1599 2761 1678 praecedentia,
2820 1597 3091 1678 aequalis

367 1689 558 1752 motui
604 1686 1092 1751 commutationis
1147 1686 1450 1765 planetae.
1545 1685 1669 1749 Sed
1727 1707 1845 1750 non
1900 1687 2248 1770 praetendit
2302 1687 2456 1748 hane
2502 1686 2899 1766 posteriorem
2946 1705 3090 1747 sen-
3152 1691 3157 1698 ’

365 1776 623 1840 tentiam
683 1776 859 1838 homo
915 1773 1369 1848 stolidissimus,
1436 1793 1644 1838 verum
1700 1776 1869 1839 illam
1924 1777 2219 1858 priorem,
2280 1795 2432 1856 quae
2489 1777 2665 1854 plane
2715 1775 2860 1837 nihil
2907 1774 3092 1836 habet

364 1885 678 1930 commune
732 1883 870 1926 cnm
929 1863 1231 1944 Tychone.
1325 1863 1529 1944 thue
1592 1864 1968 1947 propositum
2034 1864 2335 1940 obtineat,
2397 1863 2629 1946 allegat
2694 1862 3090 1944 Copernicum

363 1953 470 2018 lib.
519 1955 601 2018 V.
651 1973 786 2036 cap.
837 1950 944 2017 35.
995 1959 1060 2014 et
1101 1953 1283 2032 plane
1333 1953 1660 2029 contendit,
1714 1953 2117 2033 Copernicum
2162 1953 2265 2016 illo
2304 1953 2501 2032 capite
2550 1953 2711 2015 viam
2758 1952 3093 2033 praeivisse

367 2043 636 2127 Tychoni
697 2044 776 2106 ad
836 2060 979 2104 suas
1023 2041 1414 2123 hypotheses.
1517 2041 1686 2106 Dicit
1737 2043 1897 2106 enim
1952 2059 2267 2122 expresse,
2329 2043 2745 2124 Tychonias
2792 2048 3091 2103 exstare

367 2133 436 2194 in
487 2130 916 2213 Copernico.
1013 2127 1382 2209 Copernicus
1428 2149 1570 2192 vero
1621 2131 1910 2194 lemmatii
1959 2129 2246 2204 meminit,
2298 2132 2454 2211 quod
2495 2133 2573 2193 ad
2602 2131 2861 2210 priorem
2892 2128 3091 2208 Apol-

367 2221 514 2284 lonii
559 2220 927 2284 sententiam
971 2217 1256 2298 pertinet.
1351 2216 1476 2280 Sed
1523 2220 1666 2282 nihil
1713 2221 1913 2301 magis
1940 2219 2275 2290 ridiculum,
2322 2237 2501 2299 quam
2550 2221 2709 2300 quod
2738 2239 2815 2280 ex
2842 2217 2945 2282 lib.
2978 2217 3091 2280 III.

367 2329 502 2390 cap.
552 2307 658 2374 25.
711 2306 1034 2388 Coperniei
1089 2307 1202 2369 has
1248 2305 1552 2388 Tychonis
1605 2309 1975 2391 hypotheses
2022 2310 2154 2370 vult
2208 2315 2585 2388 extorquere.
2680 2306 2832 2370 Cum
2888 2306 2971 2369 ibi
3018 2305 3094 2367 de

367 2405 574 2462 centro
631 2399 836 2462 mundi
884 2394 1220 2475 Copernico
1276 2414 1474 2458 sermo
1533 2396 1644 2469 sit,
1712 2417 1787 2460 an
1838 2398 2030 2460 Terra
2082 2404 2249 2460 motu
2268 2459 2276 2466 ,
2296 2397 2634 2460 eccentrico
2680 2397 2843 2458 cirea
2888 2393 3095 2458 Solem

367 2490 616 2564 feratur,
664 2508 744 2549 an
789 2505 932 2548 vero
979 2483 1089 2547 Sol
1135 2483 1298 2545 circa
1343 2491 1613 2547 centrum
1661 2486 1827 2549 orbis
1873 2486 2076 2567 magni
2112 2493 2279 2548 motu
2309 2485 2679 2560 tardissimo,
2732 2485 2923 2546 Terra
2952 2501 3095 2546 vero

368 2585 532 2640 motu
579 2574 956 2639 concentrico
1005 2572 1169 2634 circa
1215 2573 1373 2636 idem
1417 2582 1688 2638 centrum
1735 2575 1901 2638 orbis
1948 2574 2153 2655 magni
2204 2580 2373 2638 motu
2404 2593 2619 2650 annuo,
2668 2581 2845 2655 putat
2890 2572 3097 2634 asinus

367 2666 496 2740 ille,
555 2683 672 2740 non
713 2665 844 2745 jam
891 2681 1095 2736 ursus,
1157 2659 1555 2742 Copernicum
1611 2665 1772 2744 loqui
1819 2664 1895 2726 de
1950 2663 2421 2745 transpositione
2469 2661 2631 2725 Solis
2687 2662 2745 2723 in
2804 2661 3095 2724 ambitum

367 2755 532 2819 erbis
577 2754 810 2835 magni,
877 2752 1100 2815 Terrae
1149 2769 1292 2814 vero
1340 2751 1400 2814 in
1449 2759 1720 2816 centrum
1768 2753 1901 2834 ejus
1948 2753 2135 2817 orbis.
2230 2745 2405 2825 Qua'e
2450 2759 2779 2833 postquam
2823 2750 2975 2831 legi,
3040 2749 3097 2811 in

367 2846 522 2907 hauc
575 2843 659 2907 ivi
715 2838 1108 2916 sententiam,
1166 2859 1358 2922 neque
1403 2840 1626 2905 lectum
1674 2862 1808 2905 esse
1856 2842 2016 2905 Urso
2062 2842 2507 2912 Ptolemaeum,
2568 2859 2761 2921 neque
2806 2840 3092 2903 intellec·-

364 2942 494 2997 tum
542 2930 960 3013 Copernicum.

505 3090 848 3155 Keplerus,
892 3094 950 3139 ut
991 3102 1053 3138 ex
1089 3086 1305 3152 epistolis
1341 3088 1623 3153 praemissis
1669 3088 1963 3140 concludere
2002 3086 2136 3147 licet,
2182 3102 2333 3154 aegre
2358 3088 2509 3139 subiit
2530 3088 2785 3154 negotium
2807 3101 2839 3139 a
2862 3086 3099 3151 Tychone

367 3162 432 3214 ab
454 3163 560 3227 ipso
585 3162 903 3226 postulatum,
946 3167 1004 3210 ut
1025 3159 1222 3223 publice
1251 3164 1426 3208 contra
1449 3158 1634 3209 Ursum
1656 3160 1709 3209 in
1735 3162 1895 3210 aciem
1918 3160 2151 3224 prodiret.
2224 3160 2294 3210 Ut
2320 3166 2489 3210 autem
2514 3160 2817 3223 Tychonem,
2863 3158 2928 3207 ad
2953 3173 3098 3223 quem

367 3249 497 3284 anno
524 3230 656 3283 1601
707 3246 734 3283 e
779 3232 946 3295 Styria
985 3236 1322 3295 transgressus
1367 3235 1461 3286 est,
1503 3230 1596 3280 sibi
1621 3231 1943 3289 conciliaret,
2000 3232 2207 3281 ineunte
2251 3246 2383 3281 anno
2426 3228 2557 3279 1601
2616 3230 2831 3281 Grastiis
2866 3244 2973 3280 rem
3010 3243 3097 3295 ag·

364 3320 582 3371 gressus,
621 3305 818 3354 initium
847 3301 1182 3367 „Apologiae“
1211 3315 1382 3351 secum
1406 3300 1624 3367 Pragam
1667 3302 1851 3358 attulit,
1898 3302 2185 3364 Tychonesn
2226 3304 2351 3353 forte
2389 3308 2683 3366 exspectans
2707 3300 3099 3358 adhortatum,

365 3382 422 3426 ut
465 3376 585 3426 illud
633 3375 697 3425 ad
721 3374 872 3425 finem
913 3374 1230 3438 perduceret,
1285 3376 1376 3422 aut
1409 3371 1534 3422 Urso
1579 3378 1851 3436 opportune
1886 3378 2075 3422 mortuo
2108 3388 2213 3422 rem
2254 3372 2403 3437 plane
2442 3374 2695 3435 abjiceret.
2772 3370 2897 3421 Cum
2932 3371 3102 3435 Tyeho

367 3448 540 3497 eodem
567 3460 696 3497 anuo
723 3442 833 3507 (24.
860 3441 1012 3506 Nov.)
1039 3443 1206 3493 subita
1228 3449 1384 3493 morte
1412 3444 1686 3492 exstinctus
1713 3450 1861 3504 esset,
1906 3444 2015 3493 aliis
2045 3444 2397 3507 multiplicibus
2431 3443 2643 3509 negotiis
2686 3443 2886 3493 obrutus
2910 3442 3098 3506 Keple-

364 3534 447 3569 rus
493 3532 672 3567 munus
721 3517 843 3567 illud
865 3517 1117 3581 ingratum
1157 3515 1349 3575 rejecit,
1403 3528 1702 3578 quamquam
1752 3529 1851 3563 non
1904 3514 2052 3578 plane
2098 3516 2296 3578 abjecit.
2374 3512 2645 3574 Quaerenti
2692 3516 2822 3564 enim
2863 3513 2912 3564 D
2930 3514 3029 3564 avi
3043 3512 3101 3562 di

363 3588 700 3639 Fabricio:
743 3587 924 3647 „audio
967 3593 1020 3637 te
1045 3584 1379 3635 absurditates
1416 3584 1768 3648 hypothesium
1789 3584 1858 3635 R.
1886 3584 1999 3635 Ursi
2040 3585 2301 3635 refutasse.
2378 3584 2577 3646 Quaeso
2614 3590 2673 3635 ut
2709 3586 2866 3649 primo
2910 3598 3101 3649 quoque

365 3666 584 3725 tempore
606 3666 754 3724 prout
775 3658 1000 3722 Tychoni
1024 3657 1114 3708 abs
1137 3662 1190 3705 te
1215 3657 1502 3720 promissum
1527 3656 1634 3715 fixit,
1661 3656 1834 3714 edas,“
1862 3656 2115 3720 respondit
2136 3657 2432 3720 Kepleru
2450 3670 2475 3707 s
2502 3654 2576 3719 (2.
2604 3656 2733 3707 Dec.
2771 3651 2953 3717 1602):

545 3746 824 3828 „Scripsi
870 3747 932 3809 in
975 3746 1232 3819 Ursum,
1299 3745 1410 3807 sed
1453 3744 1598 3807 mihi
1643 3744 1762 3826 ipsi
1817 3763 1937 3806 non
1984 3744 2329 3820 satisfaci03
2396 3750 2637 3823 oportet
2692 3745 2859 3823 prius
2906 3742 3101 3823 inspi-

368 3856 506 3901 cere
553 3836 832 3900 Proclum
877 3844 942 3897 et
985 3834 1328 3897 Averroem
1371 3835 1448 3895 de
1494 3834 1752 3897 historia
1795 3833 2241 3917 hypothesium.
2332 3833 2529 3895 Edam
2576 3832 2928 3913 aliquando,
3000 3832 3103 3893 ubi

365 3928 428 3990 id
473 3926 685 4043 minp‘ri
741 3924 974 3987 invidia
1015 3923 1146 3985 fieri
1189 3922 1418 4004 poterit
1476 3940 1654 4002 quam
1711 3942 1891 3985 nunc.
1986 3922 2130 3985 Fuit
2184 3922 2345 3985 enim
2391 3916 2649 4002 (Ursus)
2697 3940 2867 3983 meus
2916 3927 3101 3983 ante-

363 4034 588 4079 cessor.

508 4172 606 4223 Hic
652 4185 687 4224 a
726 4170 946 4237 Keplero
992 4168 1256 4221 inchoatus
1301 4182 1463 4234 neque
1507 4180 1621 4218 vero
1673 4166 1927 4219 absolutus
1971 4167 2165 4221 libellus
2214 4168 2347 4220 inest
2390 4166 2505 4219 Vol.
2545 4166 2611 4219 V.
2656 4169 3101 4233 manuscriptorum

363 4242 844 4310 Petropolitanorum
881 4254 1090 4307 eumque
1128 4246 1394 4304 sequentes
1431 4240 1666 4293 exhibent
1699 4240 1935 4305 pagiuae.
1964 4268 1972 4280 -
