3634 5575
553 382 684 449 240
1651 382 1901 447 Apologia
1936 380 2183 445 Tychonis

553 546 674 606 rint
717 542 1242 617 accommodatae,
1308 559 1532 603 morem
1587 541 1742 603 hunc
1789 558 1996 603 verum
2058 539 2453 602 concludendi
2509 559 2628 603 non
2684 541 2977 616 retinent,
3049 540 3159 601 sed
3207 558 3276 600 se

555 635 718 711 ipsas
763 632 1040 711 produnt.
1136 632 1234 692 Ita
1279 631 1526 692 tandem
1572 630 1668 705 fit,
1716 637 1967 710 propter
2014 629 2497 711 syllogismorum
2545 630 2603 699 in
2652 627 3273 691 demonstrationibus

553 723 908 801 implexum,
977 728 1044 781 ut
1089 738 1204 781 uno
1251 718 1688 779 inconvenienti
1736 720 1881 779 dato
1930 726 2259 798 sequantur
2313 719 2549 781 infiniti.
2646 716 2799 781 Cum
2846 718 3054 799 itaque
3102 734 3276 778 nemo

553 828 776 883 eorum,
824 828 972 890 quos
1001 807 1423 891 hypothesium
1451 814 1727 873 auctores
1777 807 2171 881 celebramuS,
2231 807 2293 869 in
2340 808 2605 887 periculo
2638 807 2867 869 versari
2914 806 3064 868 velit
3108 824 3279 867 erro⁴

556 901 638 961 ris
696 898 857 959 circa
910 898 1354 967 conclusioneS‚
1423 903 1491 958 ut
1547 903 1688 957 ante
1747 895 1872 957 dixi
1953 896 2250 976 sequitur,
2321 905 2389 957 ut
2444 915 2638 975 neque
2702 896 3017 976 quisquam
3076 912 3279 957 eorum

553 989 712 1049 inter
755 986 1122 1069 hypotheses
1169 1004 1311 1047 suas
1350 985 1590 1065 ,aliquid
1647 984 1799 1046 velit
1855 984 2121 1063 recipere
2180 984 2411 1061 sciens,
2481 984 2637 1064 quod
2692 985 2879 1046 errori
2942 984 3026 1045 sit
3082 982 3277 1045 obno-

551 1076 734 1138 xium.
829 1075 1121 1155 Adeoque
1169 1093 1288 1136 non
1333 1081 1571 1135 tantum
1619 1074 1692 1134 de
1740 1072 2321 1135 demonstrationum
2370 1081 2589 1135 eventu
2650 1080 2715 1135 et
2772 1072 3279 1145 conclusionibus,

555 1166 662 1227 sed
710 1182 891 1243 saepe
937 1164 1132 1243 magis
1179 1164 1254 1225 de
1303 1162 1590 1224 assumtis
1635 1162 2073 1244 hypothesibus
2132 1162 2377 1224 solliciti
2426 1169 2605 1225 sunt:
2666 1162 2819 1223 adeo
2868 1161 3038 1237 illas,
3100 1168 3282 1241 quot-

554 1263 702 1335 quot
756 1253 950 1314 adhuc
1015 1254 1138 1313 fere
1186 1253 1429 1313 fuerunt
1493 1261 1773 1313 auctores
1822 1250 2125 1325 celebreS,
2198 1268 2329 1313 cum
2385 1251 2769 1331 geometricis
2836 1258 2965 1312 tum
3010 1248 3281 1333 physicis

554 1342 888 1405 rationibus
935 1341 1281 1421 expendunt
1327 1348 1392 1401 et
1437 1341 1818 1421 undiquaque
1868 1339 2223 1415 conciliatas
2273 1340 2535 1421 cupiunt.

732 1430 894 1501 Quid
937 1430 1124 1509 igitur
1171 1435 1296 1505 est,
1349 1430 1517 1491 dicas
1542 1478 1557 1503 ,
1628 1429 1785 1508 quod
1834 1446 1969 1489 eum
2015 1447 2219 1491 omnes
2268 1429 2515 1490 eosdem
2575 1438 2777 1491 motus
2824 1428 3122 1490 coelestes
3170 1426 3281 1488 de-

556 1526 931 1589 monstrent,
999 1525 1177 1580 tanta
1239 1526 1442 1579 tamen
1511 1517 1593 1579 sit
1656 1516 2084 1597 hypothesium
2146 1516 2514 1579 diversitas?
2606 1518 2743 1579 Non
2810 1535 2957 1578 sane
3022 1516 3083 1578 id
3142 1516 3281 1594 inde

555 1611 796 1671 evenire
845 1608 1310 1670 existimandum
1360 1614 1486 1680 est,
1555 1606 1710 1685 quod
1759 1624 1837 1667 ex
1883 1606 2041 1667 falso
2089 1625 2296 1667 verum
2350 1625 2461 1686 per
2508 1606 2787 1667 accidens
2844 1605 3010 1685 sequi
3058 1605 3281 1666 soleat.

555 1699 744 1772 Nam,
805 1704 871 1758 ut
919 1705 1062 1757 ante
1113 1696 1274 1765 dixi,
1337 1695 1398 1756 in
1445 1696 1627 1774 longo
1676 1694 2255 1756 demonstrationum
2313 1712 2423 1775 per
2467 1695 2668 1756 varios
2728 1694 3117 1775 syllogismos
3166 1712 3281 1755 an-

555 1788 780 1860 fractu,
847 1785 1056 1865 quales
1111 1776 1312 1845 solent
1354 1784 1414 1845 in
1474 1784 1845 1845 astronomia
1891 1784 2187 1853 existere,
2253 1784 2379 1846 fieri
2427 1783 2529 1845 vix
2584 1802 2843 1863 unquam
2906 1789 3141 1863 potest,
3212 1800 3281 1843 ac

554 1875 697 1936 mihi
745 1892 891 1936 sane
939 1874 1276 1952 exemplum
1323 1892 1438 1933 non
1487 1872 1764 1947 occurrit,
1817 1879 1884 1933 ut
1932 1892 2009 1933 ex
2056 1881 2331 1934 assumta
2377 1890 2493 1933 non
2532 1892 2685 1934 sana
2712 1870 3035 1953 hypothesi
3083 1870 3283 1933 exitus

555 1963 936 2045 undiquaque
985 1981 1172 2023 sanus
1219 1968 1284 2022 et
1329 1960 1482 2022 coeli
1528 1959 1792 2023 motibus
1843 1962 2155 2040 analogus,
2206 1970 2313 2022 aut
2358 1960 2523 2033 talis,
2571 1961 2807 2042 qualem
2854 1960 2983 2023 vult
3027 1960 3282 2022 demon-

557 2061 834 2124 stratum,
883 2058 1188 2131 sequatur.
1285 2048 1410 2111 Sed
1457 2068 1568 2111 nec
1615 2068 1855 2130 semper
1900 2050 2058 2110 idem
2106 2048 2363 2112 efficitur
2419 2069 2529 2130 per
2574 2050 2848 2111 diversas
2895 2049 3284 2132 hypotheseS,

556 2141 793 2222 quoties
840 2139 1173 2220 imperitior
1221 2138 1438 2219 aliquis
1486 2139 1648 2201 idem
1695 2138 1853 2199 effici
1899 2146 2098 2218 putat.
2194 2134 2367 2209 Quae
2410 2159 2485 2201 ex
2515 2136 2911 2218 Copernici
2958 2148 3287 2217 sequuntur

555 2230 1022 2313 hypothesibuS,
1075 2248 1150 2291 ea
1190 2228 1311 2290 Ma
1325 2229 1537 2307 ginus
1587 2246 1662 2289 ex
1709 2228 1847 2289 aliis
1894 2227 2199 2301 similiter,
2250 2228 2446 2307 quoad
2492 2246 2797 2301 numeros,
2847 2226 3305 2311 demonstravit,

556 2317 1010 2399 hypothesibus,
1061 2336 1213 2397 quae
1263 2316 1650 2379 Ptolemaicis
1697 2323 1905 2377 essent
1951 2323 2019 2377 ut
2046 2316 2363 2395 plurimum
2392 2316 2747 2378 conformes.
2777 2310 2828 2391 ¹)
2920 2316 3080 2378 Num
3126 2315 3283 2377 idem

556 2416 802 2489 uterque
848 2406 1174 2487 praestat?
1265 2404 1514 2466 Minime
1562 2405 1855 2484 gentium.
1954 2402 2324 2483 Copernicus
2368 2405 2606 2486 quidem
2654 2424 2899 2467 causam
2948 2404 3123 2466 simul
3171 2403 3283 2464 de-

559 2504 902 2559 monstrare
949 2496 1145 2557 voluit
1192 2501 1257 2556 et
1301 2494 1747 2568 necessitatem,
1800 2513 1905 2555 cur
1949 2492 2231 2572 planetae
2262 2495 2599 2573 superiores
2646 2495 2706 2555 in
2737 2492 3114 2573 oppositione
3152 2510 3283 2554 cum

559 2586 702 2647 Sole
750 2603 988 2665 semper
1035 2592 1242 2645 essent
1287 2583 1493 2644 Terris
1540 2582 1816 2662 proximi,
1866 2590 2288 2665 praeterquam
2336 2582 2493 2663 quod
2534 2582 2797 2645 numeris
2842 2600 3047 2645 eorum
3084 2588 3283 2643 motus

557 2675 617 2736 in
665 2683 973 2755 posterum
1021 2672 1280 2733 voluerit
1325 2675 1804 2751 repraesentare.
1902 2670 2186 2751 Maginus
2234 2672 2459 2734 omisso
2508 2672 2640 2745 illo,
2706 2672 2865 2752 quod
2912 2670 3284 2750 Copernicus

559 2764 616 2824 in
664 2760 1055 2826 Ptolemaicis
1105 2760 1474 2823 desideravit
1529 2768 1592 2823 et
1637 2760 1697 2822 in
1747 2759 1874 2823 suis
1932 2760 2443 2841 suppositionibus
2490 2780 2604 2822 non
2650 2762 2823 2840 parvi
2878 2760 3051 2835 fecit,
3120 2759 3283 2822 solos

560 2871 834 2914 numeros
885 2849 1203 2929 Copernici
1254 2848 1368 2911 fuit
1413 2849 1707 2911 imitatus.
1802 2849 1871 2910 In
1922 2847 2255 2928 Copernico
2304 2850 2603 2930 sequitur,
2654 2851 2917 2912 Martem
2963 2849 3285 2910 admittere

557 2941 896 3019 parallaxin
945 2938 1236 3017 majorem
1283 2937 1451 3013 Sole,
1497 2939 1554 2998 in
1585 2937 1839 3016 Magino
1888 2938 2001 2999 hoc
2046 2939 2287 2999 minime
2336 2940 2627 3018 sequitur.
2721 2938 2921 3000 Multa
2965 2938 3063 3000 hic
3098 2955 3284 3016 prae-

558 3038 747 3091 tere0.
841 3029 937 3090 Ac
987 3027 1103 3088 etsi
1151 3027 1428 3089 diversae
1477 3026 1715 3106 aliquae
1762 3025 2130 3108 hypotheses
2178 3026 2338 3088 idem
2370 3027 2607 3088 omnino
2636 3033 2955 3104 praestent
2983 3029 3042 3090 iu
3081 3035 3287 3087 astro-

559 3117 841 3190 nomicis,
891 3115 1050 3195 quod
1100 3115 1178 3176 de
1248 3135 1358 3176 sua
1407 3111 1953 3194 Copernicanarum
2000 3115 2331 3177 mutatione
2368 3114 2775 3176 Rothmann
2794 3135 2872 3176 us
2919 3114 2977 3175 in
3026 3114 3289 3194 epistola

561 3208 637 3268 ad
685 3206 763 3270 D.
813 3204 1155 3286 Tychonem
1195 3203 1488 3283 jactavit,
1556 3203 1899 3264 differentia
1957 3211 2159 3265 tamen
2208 3223 2391 3284 saepe
2440 3212 2537 3267 est
2600 3204 3051 3266 conclusionum
3097 3221 3287 3264 causa

559 3294 814 3374 alicujus
845 3293 1345 3355 considerationis
1374 3290 1681 3372 physicae.
1704 3284 1760 3370 8)
1858 3291 1961 3354 Sic
2008 3293 2126 3354 etsi
2160 3293 2398 3354 omnino
2430 3294 2675 3356 eosdem
2702 3293 2955 3373 Tycho
3002 3309 3285 3354 numeros

561 3382 992 3466 hypothesibus
1039 3381 1164 3443 suis
1211 3381 1592 3460 exprimeret,
1635 3399 1782 3459 quos
1830 3379 2019 3442 habet
2050 3379 2441 3460 CopernicuS,
2492 3383 2591 3462 qui
2630 3390 2833 3443 tamen
2882 3380 3089 3443 vitiosi
3120 3388 3281 3455 sunt,

559 3474 618 3534 in
666 3473 780 3534 hoc
827 3477 1028 3532 tamen
1077 3470 1347 3532 differret
1403 3470 1700 3531 intentum
1755 3470 2335 3532 demonstrationum
2381 3470 2683 3552 Tychonis
2742 3491 2781 3532 a
2828 3468 3285 3550 Copernicanis,

557 3562 712 3642 quod
759 3567 1002 3640 praeter
1044 3558 1516 3638 praedictionem
1581 3559 1911 3620 futurorum
1977 3565 2245 3620 motuum
2293 3559 2460 3638 cupit.
2505 3559 2691 3622 etiam
2738 3559 2969 3622 evitare
3026 3558 3284 3620 immen-

559 3652 802 3713 sitatem
848 3649 1012 3711 illam
1060 3649 1311 3710 fixarum
1360 3647 1594 3728 aliaque
1645 3664 1798 3726 quae
1828 3645 2198 3724 Copernicus
2228 3647 2498 3709 admittit
2542 3647 2600 3709 in
2632 3667 2744 3710 sua
2770 3647 3114 3728 hypothesi.
3192 3647 3291 3708 Ita

559 3738 940 3802 conclusione
997 3745 1234 3799 mutata
1293 3737 1660 3817 hypotheses
1705 3735 1911 3796 varias
1958 3735 2220 3797 existere
2277 3755 2525 3797 necesse
2574 3745 2691 3799 est.
2786 3735 3284 3799 Inconsideratus

561 3846 702 3890 vero
751 3827 1002 3908 aliquis,
1075 3826 1152 3887 ad
1219 3825 1382 3886 solos
1448 3841 1725 3885 numeros
1790 3823 2151 3903 respicienS,
2236 3824 2395 3886 idem
2459 3845 2535 3885 ex
2595 3825 2783 3888 variis
2842 3823 3284 3908 hypothesibus

561 3918 827 3996 adeoque
873 3933 1078 3976 verum
1127 3933 1204 3975 ex
1253 3912 1424 3975 falsis
1473 3912 1640 3992 sequi
1689 3910 2091 3974 existimabit.
2454 3956 2461 3962 .
3362 3917 3369 3922 '

738 4003 859 4075 Qui
915 4003 993 4064 ad
1041 4003 1195 4064 hanc
1251 4020 1522 4064 normam
1569 4001 1768 4062 omnia
1818 4000 2200 4080 expenderit,
2270 4019 2415 4062 sane
2474 4001 2679 4062 nescio
2746 4020 2821 4062 an
2876 4000 2969 4062 illi
3030 3999 3157 4062 ulla
3204 3999 3290 4060 sit

561 4113 884 4158 occursura
928 4091 1314 4173 hypothesiS,
1385 4110 1491 4152 seu
1537 4090 1796 4169 simplex
1845 4109 1953 4150 seu
1998 4089 2365 4169 composita,
2434 4109 2585 4170 quae
2646 4109 2763 4151 non
2810 4089 3179 4168 peculiarem
3226 4095 3291 4149 et

561 4184 637 4245 ab
684 4183 960 4246 omnibus
1010 4181 1146 4242 aliis
1195 4187 1543 4258 separatam
1609 4184 1790 4258 atque
1852 4177 2230 4241 differentem
2290 4177 2373 4239 sit
2418 4179 2761 4242 exhibitura
2818 4177 3285 4240 conclusionem.

558 4273 718 4335 Nam
763 4269 817 4334 si
861 4271 923 4332 in
971 4268 1355 4350 geometricis
1403 4266 1636 4329 duabus
1680 4266 2123 4345 hypothesibus
2171 4267 2585 4329 conclusiones
2628 4267 2989 4341 coincidant,
3038 4266 3097 4328 in
3126 4268 3287 4347 phy-

559 4359 702 4423 sicis
749 4369 954 4424 tamen
1005 4357 1305 4440 quaelibet
1370 4354 1623 4418 habebit
1677 4373 1851 4416 suam
1906 4353 2271 4434 peculiarem
2332 4356 2743 4436 appendicem.
2840 4354 2965 4418 Sed
3013 4356 3154 4434 quia
3210 4355 3288 4416 ab

561 4449 888 4512 artificibus
935 4447 1043 4509 illa
1088 4447 1148 4508 in
1197 4443 1468 4528 physicis
1514 4444 1788 4504 varietas
1836 4461 1955 4504 non
2004 4462 2242 4524 semper
2286 4445 2657 4507 considerari
2707 4443 2883 4519 solet,
2932 4443 3138 4526 illique
3170 4441 3288 4523 ipsi

561 4538 804 4618 saepius
863 4535 1266 4617 cogitationes
1323 4549 1464 4595 suas
1518 4533 1682 4594 intra
1739 4532 2105 4611 geometriae
2152 4533 2251 4594 vel
2300 4533 2701 4595 astronomiae
2758 4531 3047 4595 terminos
3112 4531 3285 4592 cohi-

559 4625 708 4688 bent
761 4626 935 4707 inque
981 4645 1104 4687 una
1159 4621 1363 4704 aliqua
1421 4619 1678 4682 scientia
1741 4621 1816 4681 de
1865 4621 2335 4702 aequipollentia
2395 4621 2816 4704 hypothesium
2865 4615 3281 4703 quaestionem

558 4714 913 4785 instituunt,
961 4711 1330 4792 posthabitis
1379 4709 1633 4772 diversis
1681 4708 1976 4790 sequelis,
2050 4729 2202 4791 quae
2250 4719 2529 4790 respectu
2578 4709 2845 4772 affinium
2892 4707 3283 4772 scientiarum

559 4801 913 4866 ventilatam
946 4799 1474 4883 aequipollentiam
1496 4797 1833 4860 diminuunt
1861 4805 1924 4861 et
1944 4799 2292 4862 destruunt:
2340 4818 2454 4878 par
2484 4809 2601 4872 est,
2638 4805 2708 4860 ut
2736 4817 2846 4860 nos
2876 4817 3107 4879 quoque
3146 4815 3282 4859 ser-

557 4910 793 4958 monem
839 4898 904 4953 et
947 4890 1397 4971 responsionem
1441 4894 1712 4950 nostram
1757 4887 1835 4949 ad
1883 4887 2147 4968 ipsorum
2178 4888 2456 4970 loquendi
2485 4906 2709 4951 morem
2742 4885 3281 4952 accommodemus.
