3634 5575
570 378 701 451 294
1172 434 1195 440 -
1508 392 1515 403 ·
1758 378 2084 431 Prooemium

570 538 924 614 schematis,
984 536 1211 601 additis
1238 536 1525 617 gradibus
1572 535 1910 617 eclipticae,
1959 534 2058 617 qui
2106 534 2185 597 ad
2219 534 2434 599 domus
2479 535 2804 613 pertinent,
2851 542 2916 597 et
2959 534 3098 598 loca
3139 535 3278 616 pla

570 636 843 691 netarum
881 627 958 687 ad
988 627 1046 688 d.
1091 621 1193 687 14.
1226 624 1397 705 Sept.
1442 622 1633 689 1583.

749 714 1043 775 Themate
1092 713 1181 775 sic
1224 720 1590 793 praeparato
1638 712 2047 773 inscribuntur
2091 710 2232 771 loca
2254 708 2638 788 planetarum
2679 717 2744 771 et
2769 708 2936 772 Solis
2967 730 3042 771 ex
3069 710 3278 790 Ephe-

571 802 897 865 meridibus
943 802 1221 863 desumta
1265 800 1604 880 trianguliS,
1651 799 1868 861 iisdem
1906 798 2119 878 signis,
2171 797 2384 899 quibus
2431 797 2582 859 haec
2621 798 2758 859 loca
2784 799 3100 877 eclipticas
3149 800 3279 879 sig-

573 899 819 964 nantur,
870 889 1120 963 notatiS,
1171 908 1281 950 nec
1328 908 1444 951 non
1494 888 1627 951 loca
1672 888 1960 949 nodorum
1989 886 2220 948 itineris
2251 884 2460 945 Lunae
2507 895 2570 945 et
2598 885 2954 966 insigniores
2986 887 3279 967 quaedam

570 979 789 1041 stellae
838 980 1023 1051 fixae,
1070 977 1391 1058 praecipue
1440 977 1611 1045 illae,
1661 995 1811 1055 quae
1861 975 1919 1035 in
1965 975 2114 1037 locis
2163 972 2433 1034 existunt
2479 974 2906 1050 cardinalibus,
2953 975 3051 1036 vel
3101 994 3276 1055 quum

572 1067 855 1148 planetae
901 1065 1023 1128 illis
1071 1066 1527 1144 conjunguntur.
1619 1063 1934 1125 Distantia
1997 1060 2251 1140 denique
2301 1058 2464 1123 Solis
2521 1070 2586 1121 et
2641 1062 2878 1131 Lunae,
2945 1062 3158 1125 addita
3201 1064 3278 1123 ad

574 1155 797 1235 gradus
854 1152 1349 1228 „ascendentis,“
1412 1151 1630 1213 dicitur
1692 1170 1882 1231 „pars
1917 1150 2234 1211 fortunae“
2285 1148 2778 1228 convenientique
2831 1150 3134 1232 triangulo
3179 1150 3278 1213 in·

575 1242 877 1307 scribitur.

752 1330 924 1391 Voce
972 1325 1409 1407 „aspectus“
1459 1326 1832 1407 significatur
1877 1324 2171 1387 distantia
2199 1324 2580 1402 planetarum
2609 1324 2768 1385 inter
2795 1343 2931 1385 sese
2962 1325 3278 1389 intervallo

576 1414 685 1494 0⁰,
736 1414 823 1481 30
843 1411 888 1486 ⁰,
936 1414 1023 1481 30
1048 1410 1075 1445 ⁰
1120 1416 1226 1477 &c.
1278 1410 1449 1495 (vide
1496 1433 1681 1493 supra
1708 1410 1871 1486 292)
1917 1412 1977 1473 in
2018 1411 2314 1489 ecliptica.
2407 1412 2668 1474 Nomina
2695 1412 2904 1475 horum
2934 1420 3280 1491 aspectuum

574 1506 725 1569 haec
748 1513 915 1579 sunt3
990 1502 1055 1575 1)
1104 1502 1461 1582 Conjunctio
1510 1499 1663 1581 (ό),
1738 1500 1810 1573 2)
1860 1499 2256 1576 Semisextus,
2339 1496 2410 1573 3)
2461 1498 2923 1579 Semiquintilis,
2997 1496 3071 1573 4)
3119 1499 3278 1563 Sex-

576 1592 703 1655 tilis
753 1593 904 1665 (ae),
952 1588 1024 1662 5)
1073 1589 1361 1661 Quintilis
1410 1592 1565 1663 (ae),
1614 1588 1964 1661 Quadratus
2015 1587 2180 1660 (U),
2241 1588 2312 1663 7)
2361 1588 2882 1668 Sesquiquintilis,
2945 1586 3017 1661 8)
3067 1588 3282 1652 Trinus

578 1700 687 1744 seu
704 1679 1093 1758 triangularis
1115 1679 1279 1752 (Δ),
1310 1674 1381 1751 9)
1405 1676 1958 1757 Sesquiquadratus
1981 1678 2083 1751 (OE
2106 1678 2236 1752 U),
2293 1674 2401 1747 10)
2425 1676 2770 1756 Biquintilis
2793 1678 2824 1751 (
2847 1674 2974 1751 Κ),
3014 1674 3122 1749 11)
3146 1674 3280 1757 Op-

578 1768 803 1848 positio
834 1767 975 1841 (8).
1067 1765 1367 1845 Keplerus
1414 1785 1491 1828 ex
1537 1765 1631 1827 his
1680 1766 1954 1827 undecim
2000 1766 2347 1845 aspectibus
2387 1764 2601 1843 rejecit
2627 1765 2888 1839 tertium,
2939 1765 3280 1844 septimum,

582 1874 819 1929 nonum,
870 1854 1045 1936 quasi
1090 1854 1285 1916 minus
1322 1852 1716 1929 „efficaces,“
1764 1872 2122 1933 quamquam
2151 1852 2410 1915 chordae
2437 1852 2708 1913 sectione
2739 1853 3088 1915 harmonica
3114 1871 3281 1914 com-

579 1944 916 2017 mendatos,
957 1942 1321 2021 retinuitque
1366 1950 1604 2005 tantum
1652 1940 1693 2003 8
1738 1942 2022 2021 reliquos.

759 2030 941 2093 Locis
1000 2030 1417 2110 planetarum,
1486 2030 1743 2093 themati
1802 2030 1968 2091 dicta
2024 2030 2259 2092 ratione
2304 2027 2640 2107 inscriptis,
2708 2026 2864 2089 inter
2909 2048 2976 2091 se
3031 2029 3287 2093 invicem

580 2119 949 2199 comparatis
995 2119 1290 2197 prodeunt
1334 2118 1394 2179 hi
1426 2127 1709 2197 aspectus
1757 2127 1819 2179 et
1850 2138 1924 2178 ex
1962 2117 2056 2180 his
2094 2116 2352 2179 efficitur
2379 2116 2916 2195 ‚,prognosticum“
2962 2118 3286 2179 secundum

582 2208 826 2287 regulas
874 2206 1315 2285 astrologorum
1362 2207 1723 2286 multiplices
1771 2216 1835 2267 et
1862 2214 2138 2269 naturam
2166 2204 2562 2283 planetarum,
2616 2223 2790 2284 quam
2821 2205 3077 2283 singulis
3109 2206 3288 2267 aliam

581 2295 946 2360 tribuebant.
1061 2295 1227 2357 Inter
1291 2296 1403 2356 has
1470 2294 1711 2373 regulas
1791 2293 2180 2375 praecipuam
2252 2292 2372 2353 vim
2438 2292 2748 2354 habebant
2810 2292 3291 2369 ‚,directiones,“

585 2380 1098 2464 „profectioneS,“
1145 2383 1546 2457 „transituS,“
1592 2382 1964 2461 „aphetae,“
2013 2400 2226 2445 omnes
2273 2380 2495 2441 similia
2539 2380 2970 2459 significantes.

762 2470 1106 2549 ‚,Directio,
1154 2470 1345 2550 inquit
1393 2468 1731 2549 Origanus,
1780 2478 1880 2531 est
1923 2471 2020 2532 vel
2069 2468 2184 2531 loci
2229 2468 2480 2535 zodiaci,
2527 2469 2623 2529 vel
2670 2468 2955 2545 planetae
3001 2467 3290 2529 thematis

582 2558 846 2623 natalitii
894 2559 971 2620 ad
1019 2558 1333 2620 obviantes
1382 2556 1442 2619 in
1490 2577 1664 2621 cursu
1708 2559 1992 2637 planetas
2037 2558 2138 2619 vel
2183 2556 2408 2625 radios,
2457 2575 2565 2635 per
2610 2564 2818 2635 partes
2868 2556 3286 2637 aequinoctia-

585 2648 661 2711 lis
720 2646 927 2709 circuli
987 2646 1046 2708 in
1113 2646 1260 2707 data
1325 2647 1621 2726 sphaerae
1676 2647 2028 2710 habitudine
2089 2642 2418 2707 artificiosa
2473 2644 2772 2706 deductio.
2867 2644 2992 2705 Seu
3051 2653 3148 2707 est
3194 2645 3289 2705 in-

582 2736 787 2798 ventio
836 2752 1010 2796 arcus
1060 2730 1539 2815 aequinoctialis,
1590 2734 1687 2817 qui
1736 2734 1977 2798 circulis
2023 2733 2388 2819 positionum
2435 2732 2664 2794 duobus
2711 2732 3106 2812 intercipitur,
3155 2741 3288 2795 tra-
3385 2724 3402 2733 ’

577 2817 761 2906 jectis
807 2841 917 2902 per
963 2823 1080 2883 duo
1130 2823 1265 2884 loca
1310 2822 1561 2893 zodiaci,
1608 2841 1856 2902 quorum
1897 2841 2076 2884 unum
2113 2821 2635 2900 significator,
2684 2821 2939 2882 alterum
2975 2823 3289 2902 promis-

588 2930 711 2976 sor
756 2919 1015 2991 occupat
1060 2917 1125 2972 et
1170 2910 1291 2974 una.
1336 2929 1469 2972 cum
1513 2929 1656 2972 arcu
1703 2910 2020 2990 eclipticas
2065 2909 2162 2970 vel
2195 2909 2473 2970 ascendit
2505 2910 2604 2971 vel
2633 2909 2990 2970 descendit.⁸
2974 2909 3016 2937 ‘⁶
3090 2910 3292 2972 Voces

588 2997 1052 3076 „significator“
1081 3006 1147 3059 et
1172 2998 1585 3077 „promissor“
1633 2998 1915 3061 dixerunt
1953 2995 2246 3076 astrologi
2276 2995 2500 3070 Solem,
2550 2997 2804 3071 Lunam,
2849 2997 3132 3076 planetas
3159 2999 3294 3066 διο..

590 3086 691 3150 alii
721 3085 883 3147 aliud
914 3093 1143 3148 astrum
1172 3087 1597 3166 intelligentes,
1631 3087 1786 3166 quod
1808 3088 1886 3147 ad
1907 3087 2158 3148 alterius
2180 3088 2376 3149 locum
2405 3085 2790 3164 ‚,dirigatur“
2819 3086 3000 3146 certis
3022 3104 3292 3148 momen-

589 3173 671 3235 tis
700 3174 864 3233 vitae
894 3191 1115 3248 eorum,
1148 3175 1226 3234 ad
1256 3192 1405 3254 quos
1431 3173 1539 3238 illa
1564 3175 1700 3236 loca
1734 3175 2168 3235 referebantur.
2237 3173 2516 3253 Aphetae
2547 3171 2832 3250 (ἀφετης,
2861 3173 3020 3253 apud
3049 3171 3291 3236 Arabes

586 3259 815 3333 hilech)
863 3259 1059 3322 simile
1106 3260 1245 3341 quid
1296 3261 1637 3340 significant
1682 3261 1840 3342 iique
1886 3269 2028 3322 sunt
2073 3261 2362 3341 quinque:
2412 3261 2672 3322 medium
2711 3259 2882 3332 coeli,
2935 3261 3292 3332 ascendens,

589 3348 801 3410 domus
847 3348 1000 3423 VII,
1049 3349 1168 3423 IX,
1216 3348 1331 3412 XI.
1422 3349 1493 3410 In
1540 3349 1653 3424 his,
1702 3350 1900 3428 inquit
1934 3346 2274 3420 Uardanus,
2323 3350 2374 3410 si
2419 3349 2758 3411 inveniatur
2803 3366 2952 3408 unus
2993 3369 3070 3410 ex
3098 3348 3288 3428 signi-

590 3435 937 3498 ficatoribus
986 3435 1153 3509 (Sol,
1210 3437 1446 3510 Luna),
1504 3437 1620 3499 erit
1662 3438 1940 3516 Apheta,
2007 3437 2068 3498 h.
2117 3457 2168 3500 e.
2221 3437 2488 3499 decernit
2547 3454 2736 3498 annos
2781 3436 2946 3496 vitae
3008 3445 3074 3498 et
3117 3437 3294 3498 robur

591 3525 740 3605 ejus.
836 3522 1119 3585 Ceterum
1163 3526 1367 3603 plures
1415 3543 1550 3584 esse
1594 3533 1852 3604 possunt
1889 3525 2146 3604 aphetae
2193 3526 2390 3588 simul.
2482 3525 2868 3586 Ptolemaeus
2907 3524 3032 3598 (De
3061 3525 3289 3586 Astro-

590 3631 721 3674 rum
759 3610 1007 3691 judiciis
1055 3613 1151 3673 vel
1199 3611 1749 3690 Quadripartitum)
1797 3611 2006 3674 definit
2053 3612 2378 3691 „aphetica
2425 3611 2634 3687 loca,“
2679 3611 2737 3672 in
2788 3613 2999 3691 quibus
3047 3611 3293 3691 reperiri

591 3717 840 3761 necesse
888 3706 985 3760 est
1029 3719 1181 3773 eum,
1232 3700 1332 3779 qui
1377 3701 1529 3762 velit
1574 3700 1735 3762 vitae
1784 3700 2208 3778 gubernandae
2237 3700 2662 3779 jurisdictione
2709 3700 2910 3779 potiri.

766 3787 986 3848 Modus
1031 3786 1367 3866 „dirigendi
1386 3787 1451 3861 ,“
1498 3787 1555 3847 h.
1607 3807 1659 3848 e.
1709 3787 2006 3847 referendi
2055 3787 2174 3849 vim
2220 3789 2602 3867 planetarum
2647 3787 2792 3850 dato
2839 3795 3108 3865 tempore
3155 3793 3292 3848 cer-'-

587 3875 668 3937 tis
715 3874 865 3936 locis
912 3874 1374 3936 constitutorum
1433 3875 1511 3937 ad
1584 3875 1717 3936 loca
1783 3874 2105 3936 eorundem
2161 3877 2220 3937 in
2269 3876 2510 3955 genesi,
2569 3875 2722 3936 alius
2781 3885 2879 3936 est
2933 3875 3093 3956 apud
3141 3873 3294 3936 alios

590 3963 954 4039 astrologos.
1046 3961 1434 4024 Ptolemaeus
1481 3981 1731 4043 eumque
1784 3971 2030 4023 secutus
2061 3960 2379 4026 Cardanus
2427 3971 2686 4044 quatuor
2714 3970 3056 4043 proponunt
3100 3961 3294 4023 ratio-

592 4069 720 4114 nes.
815 4047 1119 4128 Origanus
1174 4049 1286 4111 hos
1340 4051 1623 4131 proponit
1676 4051 1868 4112 duos:
1945 4049 2010 4125 1)
2059 4049 2446 4131 Significator
2505 4069 2614 4131 per
2674 4061 2882 4130 partes
2945 4048 3295 4130 aequatoris

591 4139 914 4201 secundum
966 4136 1269 4216 signorum
1318 4139 1759 4201 successionem
1807 4138 2148 4214 deducitur,
2213 4141 2402 4200 donec
2457 4139 2712 4200 similem
2768 4141 2827 4200 in
2877 4139 3068 4218 figura
3113 4137 3296 4198 situm

592 4245 722 4289 cum
771 4225 1135 4305 promissore
1183 4227 1456 4289 obtineat
1474 4230 1515 4301 ;“
1557 4225 1627 4300 2)
1676 4225 2066 4304 Significator
2119 4229 2357 4290 inverso
2417 4228 2655 4300 ordine,
2723 4237 2937 4288 contra
2993 4227 3296 4306 signorum

592 4315 1037 4376 successionem
1082 4313 1141 4374 in
1190 4316 1385 4376 locum
1432 4315 1817 4394 promissoris
1873 4315 2206 4378 deducitur.
2299 4315 2416 4376 Illa
2469 4313 2721 4377 directio
2778 4315 3059 4376 tribuitur
3113 4313 3296 4374 horo-

592 4421 810 4481 scopo,
866 4400 1063 4463 medio
1110 4402 1292 4476 coeli,
1358 4403 1613 4481 aphetae
1652 4403 1710 4462 in
1762 4421 2112 4481 quocunque
2162 4403 2290 4464 loco
2340 4403 2668 4466 constituto
2727 4411 2790 4464 et
2833 4403 3108 4464 omuibus
3153 4401 3296 4480 pla-

594 4489 753 4550 netis
800 4488 1030 4550 directo
1079 4497 1244 4550 motu
1290 4488 1733 4564 incedentibus,
1781 4489 1932 4550 haec
1979 4491 2138 4570 parti
2187 4491 2460 4552 fortunae
2507 4499 2569 4550 et
2607 4489 2869 4572 planetis
2907 4488 3295 4568 retrogradis.

592 4575 889 4655 Dirigitur
946 4594 1004 4638 v,
1054 4595 1107 4638 c.
1153 4577 1411 4638 medium
1466 4577 1614 4638 coeli
1682 4577 1762 4637 ad
1818 4596 1990 4638 suum
2045 4579 2468 4656 promissorem
2534 4577 2886 4658 inquirendo
2945 4577 3298 4640 distantiam

596 4663 905 4744 utriusque
951 4663 1008 4724 in
1060 4675 1387 4743 aequatore
1435 4665 1559 4737 (vel
1608 4664 1667 4725 in
1717 4665 2051 4745 ecliptica).
2147 4665 2420 4736 Quilibet
2464 4665 2688 4746 gradus
2726 4665 3058 4728 distantiae
3105 4663 3298 4744 signi-

594 4750 732 4811 ficat
782 4769 1000 4814 annum
1046 4753 1305 4826 aetatis;
1366 4751 1617 4831 quinque
1666 4751 1898 4815 minuta
1943 4771 2235 4830 mensem,
2283 4754 2466 4816 horas
2519 4751 2620 4816 10.
2669 4749 2811 4828 30’;
2879 4772 3058 4816 unum
3103 4752 3298 4812 miuu-

592 4847 719 4899 tum
764 4835 806 4900 6
852 4839 980 4900 dies
1026 4835 1069 4901 2
1115 4841 1243 4902 hor.
1294 4837 1357 4903 6¹
1370 4856 1390 4913 ς
1435 4839 1643 4900 decem
1689 4841 1952 4902 secunda
1999 4841 2156 4903 diem
2201 4860 2400 4904 unum.
2459 4842 2758 4922 Keplerus
2804 4841 2920 4904 sibi
2967 4842 3098 4924 ipse
3145 4841 3300 4904 hunc
