3634 5575
1461 376 1786 429 Mun.
2158 428 2177 437 ,
2926 376 2968 441 7

272 538 338 591 ad
371 538 652 603 nepum
686 538 871 600 dane,
921 536 1062 591 nulla
1095 552 1210 589 voro
1245 537 1452 602 Repleri
1487 538 1552 599 ad
1587 538 1680 588 has
1715 538 1963 602 responsio
1999 539 2217 601 exceptis
2254 537 2443 589 duabus
2480 538 2529 587 d.
2565 538 2709 589 annis
2748 532 2883 586 1598
2921 542 2973 587 et

277 626 412 679 162⁰
448 626 522 693 (p.
564 625 632 676 12
670 632 724 679 οι
759 623 868 687 ⁵1).
943 626 1084 687 Qun
1119 642 1290 679 omnes
1327 627 1394 677 aa
1427 628 1648 693 singulas
1683 626 1937 677 Mmuini
1984 606 2155 677 uteru}
2201 627 2563 691 amasiones,
2614 626 2767 680 numa
2810 620 2969 677 adhu‘c

269 718 398 782 typis
435 728 692 781 expressa
710 752 725 777 ,
770 718 1053 767 summatim
1087 723 1282 767 tantum
1319 730 1352 766 a
1385 715 1782 767 Breitsehvertio
1815 717 1869 765 in
1906 715 2029 765 Vita
2062 715 2267 780 Kepleri
2304 712 2511 781 (Stuttg.
2553 710 2719 774 1831)
2756 729 2969 764 comme-

248 812 506 875 ,nom
543 820 696 857 manu
719 805 926 869 Kepleri
960 806 1170 870 scriptu
1206 811 1372 855 servat
1407 805 1706 857 bibliotheca
1729 804 2119 870 stuttgartiana,
2158 818 2421 869 earumque
2456 804 2637 868 priores
2674 803 2833 855 solam
2866 804 2969 853 fero

271 902 502 960 spectant
521 895 774 947 Prodromi
799 895 1080 947 editionem.
1147 894 1292 955 Quae
1317 910 1466 959 quum
1501 894 1762 959 plurimum
1795 894 1921 945 lueis
1958 892 2176 944 afferant
2198 874 2277 943 'ad
2310 893 2403 943 hoc
2434 904 2576 957 opus,
2614 893 2967 947 necessarium-

270 998 366 1050 que
397 983 794 1049 supplementum
827 984 934 1033 sint
965 983 1216 1034 literarum
1251 980 1534 1041 Maestlini,
1572 996 1696 1048 quas
1731 981 2014 1033 nunechius
2046 982 2283 1039 exhibet,
2332 988 2526 1047 gratum
2572 982 2675 1031 fore
2712 994 2969 1031 censemus

269 1072 550 1131 lectoribus,
587 1074 632 1123 si
665 1074 886 1139 integras
921 1072 1128 1136 Kepleri
1161 1072 1334 1123 literas
1369 1071 1486 1123 huie
1519 1077 1722 1123 nostrae
1755 1072 2051 1137 praefationi
2084 1072 2457 1137 subjnngamno,
2493 1060 2673 1122 additis
2710 1084 2741 1121 e
2776 1068 2966 1121 Maeot-

271 1161 358 1212 lini
389 1158 546 1213 literis
579 1167 758 1212 notatu
795 1160 1096 1227 dignioribus
1110 1197 1125 1221 ,
1163 1175 1294 1225 quae
1331 1160 1396 1211 ad
1431 1174 1536 1211 rom
1569 1161 1836 1225 pertinent.

411 1250 658 1315 Keplorus
693 1264 824 1301 anno
864 1247 1004 1301 1594
1037 1264 1214 1301 munus
1265 1251 1380 1301 sibi·
1405 1250 1698 1301 mandatum
1746 1250 1993 1301 mathesin
2044 1256 2096 1301 et
2142 1249 2355 1301 ethicam
2400 1248 2455 1297 in
2487 1248 2657 1299 schola
2692 1247 2967 1301 Grutienri

271 1340 482 1397 docendi
499 1346 830 1405 suscepturus,
855 1340 903 1389 d.
933 1336 1016 1389 11.
1033 1338 1216 1404 Aprilis
1239 1339 1494 1389 Graefium
1517 1340 1667 1397 venit,
1695 1346 1748 1389 et
1773 1336 1857 1389 24.
1888 1339 2065 1404 Aprilis
2095 1340 2333 1403 „primam
2354 1337 2427 1389 ibi
2448 1337 2719 1388 orationem
2740 1336 2963 1387 habuit.“

269 1429 424 1481 Juxta
455 1429 552 1480 hoe
587 1428 798 1481 docendi
831 1443 1009 1480 munus
1045 1428 1290 1479 mandata
1323 1428 1419 1492 ipsi
1455 1433 1571 1477 sunt
1607 1427 1907 1485 calendaria
1952 1426 2289 1479 anniversaria
2332 1424 2717 1483 conscribenda,
2766 1440 2968 1491 quorum

269 1520 480 1583 primum
515 1518 584 1569 ad
617 1532 801 1583 annum
839 1516 975 1569 1595
1011 1516 1278 1569 Maestlino
1317 1518 1363 1566 d.
1403 1514 1490 1566 29.
1519 1516 1632 1567 Oet.
1675 1515 1812 1566 1594
1846 1518 1981 1567 misit
2015 1516 2195 1567 additis
2233 1514 2421 1580 aliquot
2452 1513 2807 1577 exemplaribus
2840 1515 2969 1566 iuter

271 1610 457 1659 amicos
495 1607 854 1657 distribuendis.
918 1605 1062 1667 Quae
1098 1606 1164 1657 ad
1197 1606 1290 1657 has
1321 1609 1430 1669 jam
1469 1606 1748 1671 deperditas
1782 1608 1956 1660 literas
1991 1604 2327 1671 responderint
2360 1604 2653 1673 Maestliuus
2688 1610 2741 1654 et
2775 1603 2965 1655 Eaten-

269 1696 498 1755 rofferus,
533 1696 764 1762 leguntur
800 1696 932 1761 apud
965 1694 1272 1747 Hansobium
1305 1710 1352 1759 p.
1397 1692 1422 1743 1
1465 1701 1517 1745 et
1551 1692 1637 1745 66.
1707 1694 2005 1747 Maestlinua
2042 1691 2113 1756 (d.
2160 1689 2273 1756 “lu
2310 1688 2461 1753 Nor.)
2498 1691 2697 1745 Calvae
2732 1692 2963 1749 salboni.

270 1786 350 1837 nbi
385 1792 494 1837 tum
529 1786 594 1837 ob
631 1790 942 1851 grmantem
977 1784 1239 1851 'tubingae
1273 1789 1466 1849 pestem
1503 1784 1842 1850 „Theologica
1876 1790 1929 1833 et
1972 1785 2149 1837 artium
2194 1782 2499 1835 facultates⁸‘
2543 1781 2966 1833 commorabantur

271 1874 494 1939 (ceterae
531 1872 946 1941 Herronbergae).
989 1872 1158 1925 addit:
1195 1874 1414 1925 libellum
1449 1874 1507 1923 G.
1545 1874 1580 1925 J
1583 1910 1596 1923 .
1631 1872 1867 1924 Rhaetici
1902 1872 2065 1925 vidore
2100 1886 2334 1939 perquam
2371 1884 2627 1935 cuperem,
2663 1871 2705 1919 si
2738 1868 2965 1935 possibile

271 1972 416 2017 met.
491 1964 696 2017 Utinam
729 1966 880 2015 venia
913 1978 1082 2015 eorum
1095 1999 1110 2022 ,
1149 1978 1301 2028 pones
1336 1978 1457 2029 quos
1491 1965 1734 2029 inspectio
1769 1964 2099 2015 bibliothecae
2133 1969 2325 2015 vostrae
2362 1966 2467 2019 ost,
2504 1960 2629 2011 libor
2664 1965 2754 2011 aut
2785 1959 2854 2010 ad
2886 1974 2965 2010 mo

269 2056 541 2107 mfflorotm·
554 2088 572 2111 .
609 2060 700 2105 aut
731 2054 853 2105 mois
868 2068 873 2073 ·
887 2054 1126 2105 sumtibus
1163 2053 1372 2107 describi
1405 2054 1767 2118 permitteretur
1801 2050 1892 2105 &o-

405 2204 488 2263 Ad
524 2213 618 2263 has
651 2211 902 2265 Maestlini
937 2214 1106 2267 literas
1142 2212 1394 2279 respondit
1428 2212 1672 2277 Keplorm
1708 2212 1841 2265 huno
1876 2212 1929 2263 in
1964 2212 2187 2263 modum:

925 2530 1495 2607 Foelicissimum
1549 2556 1814 2605 annum
1870 2530 2311 2629 salutemque

1009 2695 1370 2765 temporalem
1411 2700 1470 2748 et
1511 2693 1855 2765 spiritualem
1894 2692 1953 2746 in
1980 2692 2131 2747 Clu-o
2157 2692 2221 2747 P.

445 2848 756 2921 Quantum
815 2859 878 2914 et
934 2831 1101 2933 spem
1158 2862 1221 2915 et
1275 2862 1418 2915 vota
1471 2873 1606 2914 mea
1660 2860 1932 2932 superet,
2000 2851 2157 2933 quod
2210 2849 2420 2911 literas
2482 2867 2519 2910 a
2566 2847 2963 2927 Praeceptore

271 2959 420 3015 meo,
447 2940 598 3001 ·viro
637 2940 988 3017 clarissimo,
1037 2943 1261 3022 accepi,
1308 2960 1423 3003 non
1460 2959 1705 3022 possum
1743 2943 1897 3004 satis
1938 2941 2168 3021 aperire
2206 2938 2701 3018 manifestumque
2740 2935 2961 3000 facere.

270 3027 424 3092 Nam
474 3035 710 3109 tempus
757 3036 820 3091 et
865 3030 1053 3093 otium
1099 3049 1270 3092 omne
1315 3031 1544 3112 pridem
1591 3031 1909 3110 occupavit
1954 3029 2296 3092 necessaria
2340 3026 2634 3090 scribendi
2681 3025 2959 3090 officium.

271 3118 396 3180 Nec
445 3137 594 3198 opus
643 3137 777 3179 esse
826 3119 1101 3181 existimo
1147 3120 1258 3183 tibi
1305 3120 1514 3182 lectori
1562 3141 1750 3202 aequo
1797 3128 1861 3182 et
1903 3117 2331 3181 humanissimo
2376 3117 2469 3179 his
2522 3115 2834 3178 verborum
2868 3117 2961 3178 le-
3068 3187 3071 3190 ⁴

271 3205 540 3270 nociniiS.
618 3206 870 3270 Gratias
919 3227 1034 3288 ago
1080 3209 1376 3274 maximas
1418 3228 1527 3288 pro
1575 3229 1664 3284 eo,
1715 3209 1869 3290 quod
1916 3207 2286 3288 exemplaria
2328 3225 2457 3268 meo
2500 3203 2730 3268 nomine
2768 3205 2843 3266 ab
2879 3205 2958 3266 H.

272 3297 402 3359 Tua
447 3295 770 3358 distributa
815 3317 950 3360 esse
1005 3297 1296 3378 intelligo·
1391 3296 1744 3378 Quanquam
1799 3297 1977 3360 aliter
2030 3296 2337 3360 institutus
2394 3303 2527 3357 erat
2584 3293 2957 3367 tabellariae,

269 3393 336 3446 ut
395 3385 634 3448 scilicet
694 3385 748 3447 is
802 3387 879 3447 H.
915 3385 1078 3448 Tuae
1143 3394 1337 3448 totum
1393 3387 1740 3449 fasciculum
1795 3385 2131 3459 exhiberet,
2190 3391 2613 3465 patereturque
2668 3383 2959 3464 selegere,

267 3475 422 3555 quod
469 3475 548 3536 ad
598 3482 658 3535 te
705 3483 1010 3554 spectaret
1023 3495 1042 3550 3
1109 3475 1322 3536 deinde
1369 3483 1612 3556 rogaret
1655 3475 1716 3535 in
1762 3476 1839 3537 Η.
1880 3475 2045 3536 Tuae
2091 3475 2339 3536 aedibus
2361 3521 2377 3548 ,
2436 3473 2537 3535 ubi
2583 3471 2960 3553 stipendiarii

267 3570 330 3626 et
372 3563 561 3626 ceteri
619 3563 991 3639 habitarent,
1049 3563 1415 3644 exemplaria
1466 3563 1738 3644 ἀκοφαλα
1781 3563 2029 3640 nemini,
2076 3563 2191 3625 nisi
2238 3563 2339 3644 qui
2384 3562 2632 3642 primam
2676 3561 2961 3643 paginam

266 3659 648 3729 monstraret,
697 3653 1025 3716 exhiberet.
1104 3654 1334 3716 Verum
1369 3653 1528 3716 illius
1565 3653 1969 3732 negligentiae
2015 3659 2397 3732 prospectum
2441 3658 2537 3712 est
2580 3657 2687 3712 tua
2718 3669 2863 3712 cura
2898 3658 2963 3712 et

265 3741 628 3804 sedulitate:
678 3743 835 3823 quod
869 3749 942 3804 nt
981 3743 1222 3805 nimium
1267 3749 1367 3805 est
1407 3743 1467 3804 in
1507 3739 1776 3823 discipuli
1815 3741 2078 3822 negotio,
2126 3741 2215 3802 ita
2243 3741 2438 3801 fateor
2464 3757 2697 3800 omnem
2723 3738 2957 3818 gratiae

263 3831 614 3894 referendae
659 3831 1010 3894 facultatem
1056 3845 1357 3912 superare.
1450 3827 1631 3904 Certe
1679 3832 1728 3892 si
1773 3831 2058 3911 impedire
2104 3830 2219 3892 hoc
2266 3828 2610 3910 potuissem,
2659 3842 2956 3907 nunquam

264 3919 392 3981 fieri
444 3919 874 4000 permisissem.
978 3922 1180 4001 Ipsum
1235 3921 1470 4003 quidem
1533 3919 1953 3984 calendarium
2009 3919 2201 3982 adhuc
2254 3926 2483 3981 certum
2535 3925 2649 3980 est.
2738 3914 2955 3995 Frigus

263 4007 596 4072 inauditum
635 4018 732 4072 est
764 4009 858 4072 his
897 4009 954 4072 in
991 4010 1350 4090 regionibuS.
1417 4007 1736 4090 Agasones
1776 4007 1835 4071 in
1864 4008 2121 4088 Alpibus
2160 4006 2393 4088 plurimi
2430 4005 2651 4086 frigore
2682 4012 2953 4086 pereunt,

265 4099 527 4179 qnidam,
574 4105 644 4162 ut
668 4117 778 4180 pro
805 4107 970 4162 certo
1001 4107 1294 4174 narratur,
1342 4107 1660 4182 postquam
1695 4099 1932 4160 domum
1971 4096 2325 4179 appulerint,
2374 4113 2588 4158 nasum
2620 4101 2690 4157 ut
2723 4111 2956 4156 mucum

263 4195 611 4267 emungunt.
702 4187 1062 4251 Putrescunt
1117 4207 1329 4270 nempe
1385 4189 1532 4269 ipsis
1587 4187 1879 4261 membra,
1938 4187 2157 4266 frigore
2212 4192 2399 4248 tacta.
2490 4183 2575 4246 Et
2620 4183 2815 4246 Turca
2858 4182 2953 4244 his

263 4277 474 4340 diebus
546 4277 759 4358 quibus
829 4275 1038 4340 literas
1110 4277 1351 4358 accepi,
1417 4277 1700 4339 videlicet
1763 4273 2047 4339 Calendis
2113 4273 2419 4338 Januariis
2502 4279 2645 4334 st.n.
2720 4290 2953 4336 omnem

262 4366 566 4446 regionem
585 4411 604 4438 ,
669 4385 820 4448 quae
874 4365 1030 4428 infra
1083 4365 1380 4429 Viennam
1437 4374 1567 4441 est,
1633 4365 2027 4430 Neostadium
2080 4383 2265 4444 usque
2322 4361 2607 4426 incendiis
2664 4360 2953 4434 vastavit,

261 4454 564 4536 mancipia
603 4463 667 4516 et
692 4454 950 4536 praedas
981 4454 1204 4534 abegit.
1269 4455 1437 4518 Haec
1483 4455 1588 4518 illa
1633 4456 1798 4534 fuga·
1822 4462 1935 4528 est,
1964 4471 2159 4533 -quam
2202 4452 2391 4514 hieme
2438 4469 2512 4511 ne
2557 4449 2682 4526 fiat,
2732 4450 2949 4530 depre-

265 4552 440 4606 catus
479 4562 630 4608 sum.
706 4545 800 4606 De
845 4544 1004 4625 stylo
1051 4560 1193 4606 vero
1239 4543 1388 4606 satis
1435 4544 1715 4607 excusavi
1747 4543 1823 4605 ad
1854 4542 1930 4605 D.
1961 4543 2038 4604 D.
2071 4541 2517 4604 Haferefferum.
2590 4538 2685 4600 De
2730 4538 2951 4602 viatico

263 4633 498 4714 gaudeo
545 4635 643 4696 vel
686 4633 929 4696 tandem
973 4633 1115 4694 mihi
1163 4640 1461 4696 exemtam
1522 4653 1653 4694 esse
1709 4650 1938 4701 curam,
1996 4650 2147 4713 quae
2202 4651 2297 4692 me
2350 4627 2607 4710 pessime
2663 4627 2946 4691 habebat.

263 4723 402 4786 Non
447 4741 694 4802 possum
741 4723 890 4784 ferre
936 4729 1386 4802 praeceptorum
1429 4723 1595 4797 odia,
1655 4739 1899 4803 quorum
1948 4741 2023 4782 ex
2071 4720 2273 4782 favore
2320 4717 2485 4780 salus
2530 4737 2666 4781 mea
2707 4717 2945 4798 pendet.

267 4809 525 4885 (Curam
567 4810 774 4893 injecit
817 4810 959 4873 mihi
1005 4810 1242 4892 quidam
1285 4826 1544 4873 meorum
1580 4809 1889 4884 sodalium,-
1940 4810 2107 4891 anus
2134 4808 2364 4882 literae,
2410 4812 2643 4869 mature
2668 4807 2945 4887 scriptae,

265 4900 372 4964 sed
419 4900 598 4964 tarde
644 4899 958 4968 admodum
1002 4907 1142 4970 sunt
1185 4899 1508 4971 redditae.)
1601 4899 1694 4968 De
1739 4899 1845 4964 illo
1888 4917 2031 4961 vero
2077 4895 2349 4964 malefido
2402 4894 2769 4966 iuter-nuncio
2828 4894 2945 4957 alio
