3634 5575
580 386 718 453 322
1424 384 1623 433 Literae
1662 380 1864 443 quoei
1914 378 2216 443 aliumque
2247 384 2450 469 mutuae

580 546 698 607 hoe
741 540 1105 605 littoralibus
1150 538 1497 600 nationibus
1540 536 1701 597 inter
1742 536 2031 615 Angliam
2079 543 2142 595 et
2190 532 2452 593 Damius
2497 545 2807 594 comune
2855 532 3062 595 fixisse.
3153 532 3290 593 Ita-

624 643 697 695 ne
742 646 929 692 causa
973 628 1243 707 proxime
1284 643 1317 688 e
1364 624 1513 686 mari
1562 632 1727 685 esset
1771 624 2054 703 petenda.
2153 620 2386 683 Guttae
2445 621 2802 701 sulphureae
2861 620 3046 683 etiam
3087 620 3183 682 hic
3231 619 3294 683 in

584 652 881 783 {chemin
929 734 1084 778 anno
1116 710 1223 778 99.
1278 712 1725 793 praecedebant
1770 718 2002 791 pestem
2055 718 2116 772 et
2173 710 2596 791 dysenteriam.
2693 705 2934 773 Sufficit
2985 724 3163 788 porro
3213 700 3298 771 ad'

583 817 819 888 pestem
879 806 1001 866 fere
1046 788 1131 865 xet
1176 801 1420 864 humida
1468 810 1696 862 aestas.
1790 800 1988 861 Julius
2048 799 2216 859 initio
2265 797 2423 877 apud
2471 816 2578 857 nos
2627 798 2892 873 calidus,
2960 798 3036 860 ab
3084 792 3294 859 ultimo

522 884 535 891 ”
584 896 803 959 triente
850 885 1027 973 paulo
1076 889 1497 963 turbulentior,
1558 890 1871 965 Augustus
1921 906 2062 949 vero
2122 905 2305 966 usque
2356 886 2434 947 ad
2480 880 2586 947 20.
2638 886 2914 948 humidus
2972 894 3038 947 et
3081 886 3296 947 incon-

534 974 541 977 *
586 983 1019 1047 stantissimuS.
1108 976 1373 1041 Causam
1420 978 1477 1037 in
1526 985 1724 1038 motus
1776 974 1826 1049 Q
1876 985 1938 1037 et
1965 976 2012 1053 ζὲ
2055 975 2318 1047 confero,
2366 981 2576 1035 euntes
2623 993 2731 1054 per
2777 984 3061 1055 aspectus
3109 993 3296 1054 supe-

588 1073 804 1135 riorum
854 1078 913 1130 et
962 1068 1021 1129 in
1072 1076 1272 1131 mutuo
1322 1065 1522 1126 sextili
1550 1072 1889 1147 ⁶versantes
1937 1064 2036 1127 diu
2085 1063 2420 1125 admodum.

728 1191 1109 1243 Fabricius:
1144 1188 1200 1239 P.
1232 1186 1285 1237 S.
1322 1188 1369 1237 d.
1413 1186 1495 1235 15.
1524 1189 1650 1252 Aug.
1730 1186 1854 1235 Cum
1893 1193 2088 1250 praeter
2125 1188 2402 1249 opinionem
2437 1186 2616 1235 literae
2647 1188 2832 1249 priores
2865 1186 2948 1237 hie
2983 1193 3300 1241 remanent.

587 1266 713 1315 volui
750 1264 1044 1329 posteriores
1081 1274 1221 1310 meas
1261 1273 1319 1307 co
1357 1260 1587 1308 'tationes
1624 1259 1866 1321 prioribus
1904 1258 2054 1321 adjun
2093 1272 2176 1308 ere
2214 1264 2266 1306 et
2305 1256 2432 1306 addo
2467 1257 2561 1306 has
2598 1258 2945 1321 quaestiones:

731 1330 1014 1394 Quaeritur,
1054 1345 1120 1380 an
1161 1324 1211 1392 (9
1252 1336 1304 1379 et
1447 1328 1708 1385 bonorum,
1766 1333 1823 1377 ut
1859 1328 1902 1389 ‘li
1944 1334 1996 1377 et
2103 1363 2118 1385 ,
2169 1329 2269 1377 sint
2318 1326 2432 1376 boni
2469 1327 2546 1375 vel
2579 1326 2736 1377 mali?
2811 1329 2888 1377 An
2941 1327 3297 1392 planetae

589 1408 1219 1468 temperamentum
1268 1400 1477 1449 hominis
1525 1400 1632 1447 nati
1669 1393 2196 1449 constituant?
2256 1396 2364 1462 Ego
2401 1410 2546 1463 nego.
2623 1396 2754 1458 Quid
2801 1398 2864 1448 de
2899 1398 3296 1463 interroga·

589 1480 643 1527 ti
662 1491 745 1525 ou
762 1476 779 1524 i
798 1476 829 1525 b
846 1489 921 1523 us
956 1478 1008 1523 et
1038 1472 1237 1535 judiciis
1275 1472 1333 1519 iis
1369 1470 1694 1519 innitentibus
1730 1470 1795 1519 sit
1831 1463 2142 1519 sentiendum
2166 1468 2190 1517 ⁴?
2261 1468 2410 1517 Multi
2444 1468 2704 1531 plurimum
2751 1469 2986 1518 tribuunt.
3049 1468 3158 1533 Ego
3192 1477 3302 1518 reu

591 1547 914 1611 suspiciosam
950 1558 1059 1592 esse
1090 1541 1277 1605 judico.
1352 1540 1485 1601 Quid
1520 1539 1583 1590 de
1617 1541 1808 1589 usitata
1843 1546 2054 1603 parte
2089 1541 2469 1597 fortunae,
2509 1539 2570 1589 de
2610 1540 3104 1591 electionibus
3140 1544 3300 1590 antro·

589 1618 765 1683 logicis
802 1603 997 1665 sentis?
1069 1612 1198 1661 Illud
1253 1606 1414 1676 nugas
1469 1624 1561 1675 ego
1597 1617 1788 1675 reputo.
1863 1610 2004 1659 Ima
2021 1610 2258 1675 ginum
2296 1610 2794 1661 character-imarum
2847 1610 2938 1661 sub
2984 1616 3124 1662 certo
3174 1610 3300 1660 coeli

476 1752 481 1761 ι
590 1688 754 1751 positu
790 1684 982 1735 videtur
1018 1682 1185 1748 aliqua
1220 1684 1273 1731 in
1308 1681 1487 1731 morbis
1521 1681 1841 1746 profligandis
1879 1682 1951 1731 vis
1989 1680 2078 1730 ᾱο,

770 1773 1165 1852 Keplerus:
1235 1770 1366 1831 Tua
1430 1769 1801 1849 postscripta
1869 1790 1962 1832 me
2027 1777 2315 1832 revocant
2379 1769 2436 1831 in
2486 1768 2898 1849 astrologiam.
2992 1770 3298 1850 Aspectus

593 1864 831 1945 quinam
878 1858 1035 1931 boni,
1085 1859 1183 1939 qui
1229 1858 1410 1919 mali?
1499 1858 1633 1937 Ego
1665 1858 1823 1919 inter
1852 1866 2132 1937 aspectus
2173 1858 2534 1937 astrologice
2581 1876 2697 1919 non
2729 1856 2990 1920 discerni
3018 1866 3168 1939 puto
3191 1877 3302 1939 per

594 1948 883 2013 bonitatis
932 1955 994 2009 et
1040 1946 1309 2008 malitiae
1360 1955 1569 2020 notas,
1602 1947 1612 1955 '
1640 1947 1744 2007 sed
1794 1956 2028 2007 tantum
2076 1965 2185 2025 per
2232 1945 2640 2008 fortitudinem
2687 1955 2752 2008 et
2799 1944 3296 2009 imbecillitatem.

594 2037 833 2103 Fortior
878 2036 950 2108 is,
1002 2036 1170 2113 cujus
1218 2034 1653 2095 demonstratio
1704 2034 1932 2097 sortior.
2027 2035 2225 2095 Primo
2257 2034 2597 2114 conjunctio
2627 2033 2978 2114 corporalis,
3036 2034 3177 2115 quia
3204 2033 3299 2097 hic

594 2126 903 2188 identitas.
972 2122 1248 2185 Secundo
1271 2122 1569 2203 oppositio
1590 2122 1938 2201 corporaliS,
1971 2123 2111 2202 quia
2130 2124 2422 2185 diameter
2441 2123 2664 2199 circuli,
2695 2122 2974 2185 bisecans
2995 2121 3298 2209 circulum.

594 2214 800 2277 Tertio
848 2212 1242 2293 quadratura,
1301 2211 1437 2290 quia
1496 2210 1703 2273 lateris
1755 2209 2113 2291 quadratum
2161 2219 2254 2271 est
2310 2211 2591 2292 quadrati
2636 2211 2916 2274 diametri
2970 2210 3296 2275 dimidium.

597 2301 832 2374 Quarto
879 2300 1115 2362 sextilis
1164 2309 1228 2359 et
1271 2300 1578 2377 trigonus,
1628 2300 1769 2379 quia
1814 2300 1976 2361 latus
2023 2298 2335 2379 sexanguli
2387 2301 2638 2378 aequale
2685 2309 2784 2363 est
2829 2300 3302 2372 semidiametro,

596 2400 659 2453 et
702 2392 864 2453 latus
910 2388 1195 2467 trianguli
1239 2396 1446 2467 potest.
1504 2380 1569 2466 's⁸
1624 2386 1926 2449 diametri.
2026 2385 2251 2458 Quinto
2300 2386 2568 2468 quintilis
2616 2396 2679 2450 et
2723 2388 3094 2470 biquintilis,
3161 2388 3306 2469 quia

587 2481 804 2560 juncta
850 2477 1156 2557 utriusque
1206 2477 1503 2557 quadrata
1549 2483 1691 2537 sunt
1752 2476 1830 2537 ad
1881 2476 2234 2555 quadratum
2282 2478 2560 2539 diametri
2627 2484 2693 2538 ut
2740 2474 2779 2539 5
2827 2476 2904 2538 ad
2951 2471 3014 2537 4.
3109 2475 3298 2539 Sexto

596 2565 1160 2647 sesquiquadratuS,
1230 2564 1371 2645 quia
1406 2564 1775 2626 irrationalis
1844 2571 1907 2625 et
1951 2564 2080 2625 sine
2127 2563 2310 2627 socio.
2405 2564 2564 2627 Nam
2630 2567 3013 2647 octangulum
3061 2564 3304 2645 quidem

589 2657 765 2736 juvat
826 2656 993 2717 illum
1060 2653 1137 2714 ad
1202 2652 1576 2732 aequandum
1642 2652 1998 2732 quadratum
2064 2652 2367 2726 diametri3
2435 2653 2542 2715 sed
2590 2654 2974 2733 octangulum
3041 2673 3156 2717 non
3203 2663 3303 2715 est

597 2744 756 2806 inter
792 2740 1186 2805 harmonicus,
1280 2740 1421 2803 Jam
1469 2740 1528 2802 in
1576 2740 1842 2820 planetis
1890 2760 2006 2803 non
2038 2749 2177 2804 sunt
2224 2742 2364 2804 boni
2411 2750 2473 2805 et
2505 2742 2666 2812 mali,
2715 2743 2825 2806 sed
2865 2741 3015 2818 duri,
3067 2740 3302 2812 molles,

598 2831 801 2906 calidi,
848 2831 1076 2910 frigidi,
1124 2828 1380 2903 humidi,
1428 2829 1592 2890 sicci.
1686 2829 1970 2891 Mollibus
2031 2839 2095 2891 et
2141 2829 2396 2892 humidis
2445 2831 2806 2894 conveniunt
2851 2830 3118 2904 sextilis,
3182 2831 3300 2894 tri-

598 2936 820 3000 gonus,
870 2918 1431 2998 sesquiqnadratus,
1502 2918 1802 2979 translato
1852 2918 2080 2980 aurium
2129 2919 2538 2999 experimento
2595 2939 2672 2982 ex
2714 2921 2945 2982 musica
2991 2920 3050 2982 in
3098 2927 3298 2982 astro-

599 3007 849 3088 logiam3
898 3006 1062 3067 duris
1108 3014 1173 3067 et
1218 3005 1463 3068 fervidis
1512 3007 1886 3084 acceptiores
1936 3006 2203 3086 quintilis
2251 3016 2315 3070 et
2359 3007 2712 3088 biquintilis.

775 3094 871 3156 De
930 3102 1505 3174 temperamento
1571 3101 1715 3173 puto
1783 3095 2200 3174 quaestionem
2265 3115 2447 3176 supra
2493 3097 2827 3177 agitatam,
2897 3104 2963 3158 et
3005 3096 3302 3177 prioribus

602 3183 793 3246 literis
843 3204 880 3245 a
924 3201 1018 3244 me
1066 3201 1441 3262 responsum.
1534 3182 1773 3245 Natura
1819 3182 2078 3246 hominis
2127 3191 2224 3246 est
2268 3185 2464 3247 instar
2509 3185 2740 3248 metalli
2790 3185 3021 3266 liquati,
3073 3185 3302 3248 coelum

601 3272 795 3335 instar
840 3273 1087 3346 formae,
1138 3272 1195 3333 in
1244 3290 1421 3352 quam
1465 3269 1815 3333 infunditur.
1909 3271 2046 3333 Nisi
2093 3281 2413 3336 contumax
2459 3274 2542 3336 sit
2569 3275 2897 3350 metallum,
2945 3283 3140 3337 totam
3173 3275 3303 3336 for-

596 3379 753 3440 mam
820 3368 1033 3422 exacte
1098 3359 1355 3439 suscipit
1362 3379 1391 3433 3
1455 3367 1521 3420 at
1576 3368 1902 3421 contumax
1961 3368 2057 3421 est
2121 3359 2380 3424 hominis
2428 3370 2643 3425 natura
2707 3363 2783 3424 ob
2841 3361 3304 3442 imaginationes

596 3449 807 3511 matris
858 3447 1286 3510 antecedentes
1334 3456 1398 3508 et
1441 3447 1843 3510 institutionis
1891 3448 2203 3528 sequentis
2233 3450 2386 3525 vim,
2456 3470 2607 3531 quae
2656 3457 2754 3512 est
2802 3449 2998 3514 instar
3042 3451 3194 3515 coeli
3243 3457 3308 3512 et

594 3537 859 3618 scalpri;
906 3536 1233 3598 miscentur
1278 3535 1481 3617 itaque
1528 3537 1678 3598 baec
1725 3537 1864 3598 tria.
1959 3537 2058 3598 Ita
2104 3545 2304 3600 tecum
2353 3540 2685 3602 consentio.

772 3627 864 3686 De
912 3634 1126 3704 parte
1177 3625 1527 3685 fortunae
1577 3632 1643 3686 ut
1689 3625 1762 3685 de
1810 3625 2145 3687 domibus
2184 3627 2420 3706 judico,
2488 3628 2806 3690 confictam
2853 3627 2933 3689 ad
2981 3626 3304 3690 formanda

593 3733 883 3794 responsa
931 3715 1007 3774 ad
1055 3733 1224 3774 omne
1274 3731 1463 3792 genus
1512 3713 1953 3792 quaestionum,

767 3801 907 3864 Jam
955 3820 1097 3881 ergo
1144 3810 1209 3861 et
1255 3799 1329 3860 de
1376 3800 1470 3861 his
1518 3800 1969 3880 quaestionibus
2018 3820 2212 3863 meum
2244 3803 2430 3864 habes
2469 3803 2784 3884 judicium,
2835 3813 2938 3866 tuo
2969 3803 3304 3865 conforme.

595 3891 718 3952 Sed
766 3890 921 3966 vide,
975 3889 1114 3969 quid
1162 3906 1329 3968 agaS.
1426 3887 1623 3950 Crede
1672 3887 1844 3962 mibi,
1915 3889 2189 3969 utrinque
2258 3900 2321 3952 et
2387 3915 2424 3954 a
2472 3893 2924 3973 quaestionibus
2971 3891 3093 3954 tuis
3159 3896 3224 3952 et
3270 3911 3309 3952 a

592 3979 1064 4058 profectionibus
1113 3977 1391 4057 aequalia
1456 3984 1626 4062 stant
1672 3977 2087 4057 experimenta
2159 3987 2222 4041 et
2271 3981 2715 4043 frustrationes,
2808 3980 2971 4043 Nam
3027 3977 3303 4060 utrinque

594 4069 834 4129 fortuna
881 4065 1243 4127 dominatur.
2779 4064 2788 4080 ‘

768 4153 1148 4233 Imagines
1203 4153 1391 4215 tueris
1442 4161 1793 4232 argumento
1845 4153 2082 4216 urbium
2125 4161 2190 4216 et
2244 4154 2576 4232 regionum.
2669 4157 2846 4235 Nego
2911 4155 3024 4218 tibi
3071 4165 3306 4218 utrum-

592 4262 727 4324 que.
836 4242 1205 4321 Imaginibus
1270 4243 1391 4302 vim
1454 4241 1743 4304 conciliat
1806 4242 2156 4304 credulitas.
2261 4243 2484 4304 Audivi
2553 4245 2634 4306 ab
2695 4245 2965 4323 expertis
3033 4244 3299 4316 medicis,

590 4351 775 4412 saepe
822 4331 1021 4392 verbis
1068 4330 1283 4392 medici
1332 4329 1607 4390 fiduciam
1654 4331 2158 4410 persuadentibus
2208 4349 2338 4391 cum
2387 4333 2622 4412 magico
2671 4331 2937 4396 facinore
2969 4333 3306 4396 restaurari

591 4429 869 4482 naturam
907 4421 1040 4500 jam
1087 4437 1240 4498 pene
1288 4418 1639 4496 collapsam.
1738 4417 1969 4498 Itaque,
2021 4418 2072 4479 si
2113 4427 2176 4481 et
2231 4419 2307 4480 ob
2355 4419 2550 4488 visam
2595 4419 2916 4501 imaginem
2963 4421 3024 4484 in
3064 4437 3302 4502 gemma

588 4509 865 4570 fiduciam
911 4508 1213 4587 concipiat
1258 4506 1533 4568 credulus
1582 4523 1783 4585 aeger,
1826 4506 2193 4585 juvabimnr.
2289 4505 2498 4577 Quare
2537 4529 2658 4572 nen
2687 4519 2838 4590 puto
2883 4509 3124 4591 publice
3151 4529 3300 4572 eon-

592 4605 687 4658 tra
734 4597 1181 4678 dispntandnm.
1275 4593 1401 4657 Sed
1468 4593 1549 4654 ab
1592 4594 1792 4656 herbis
1843 4603 1906 4655 et
1942 4595 2118 4658 rebus
2176 4597 2552 4660 naturalibus
2599 4598 3069 4678 argumentaris,
3150 4616 3302 4679 quae

589 4705 627 4746 a
673 4693 837 4747 certo
884 4693 1153 4764 tempore
1200 4685 1321 4745 vim
1368 4703 1406 4743 a
1449 4683 1622 4743 coelo
1668 4683 1960 4762 majorem
2009 4683 2371 4764 concipiant.
2467 4687 2598 4749 Aut
2641 4685 2706 4748 id
2753 4695 2849 4748 est
2897 4695 3133 4750 certum
3158 4686 3298 4748 anui

588 4779 845 4851 tempus,
894 4773 994 4836 ubi
1040 4791 1225 4835 causa
1268 4771 1331 4834 in
1376 4772 1641 4844 humore,
1690 4770 1990 4846 siccitate,
2039 4773 2423 4848 maturitate,
2473 4783 2582 4837 aut
2628 4775 2738 4838 tibi
2788 4782 2888 4838 est
2915 4773 3302 4855 incognitum,

586 4860 643 4927 si
686 4861 813 4924 alia
853 4861 985 4948 ejus
1032 4861 1320 4944 temporis
1364 4859 1667 4944 periodus.
1760 4861 1846 4923 Et
1891 4879 2008 4924 non
2057 4863 2224 4925 valet
2269 4872 2686 4946 argumentum
2731 4885 2771 4928 a
2804 4872 3028 4929 natura
3073 4864 3158 4928 ad
3197 4879 3304 4928 n·-
