3634 5575
1352 379 1605 432 ιἠοιιιιο
1642 379 1708 430 aa
1746 379 1998 432 restem..
2473 411 2480 420 .
2909 379 3035 448 109

309 535 751 620 quinquangulo
797 535 1095 610 tertiam,·
1119 531 1452 617 sexangulo
1501 525 1795 618 quartam.
1851 521 2162 618 ‘dumque
2191 537 2382 602 ctiam
2428 539 2588 602 oculi
2633 541 3039 604 reclamarent

308 627 369 688 in
416 625 685 688 secunda
726 625 1049 702 distantia,
1098 644 1253 706 quae
1300 633 1397 688 est
1441 624 1602 688 inter
1636 626 1855 689 Jovem
1897 633 1960 686 et
1988 625 2280 698 Martem,
2329 626 2686 708 quadratum
2729 629 3037 710 triangulo

310 725 374 777 et
421 714 867 796 quinquangulo
915 712 1181 796 adjunxi.
1275 713 1575 776 Infinitum
1622 722 1719 776 est
1764 714 2006 795 singula
2050 716 2348 796 persequi.

485 802 571 864 Et
616 802 751 866 finis
799 803 977 883 hujus
1026 801 1179 865 irriti
1226 797 1482 864 conatus
1532 800 1649 866 fuit
1692 802 1882 878 idern,
1951 803 2051 883 qni
2096 805 2383 886 postremi
2432 811 2496 867 et
2543 805 2735 868 felicis
2782 805 3032 870 initium.

308 893 541 972 Nempe
587 891 885 970 cogitavi,
933 891 1045 954 hac
1074 889 1201 965 via,
1251 890 1542 971 siquidem
1573 891 1844 953 ordinem
1891 893 2049 954 inter
2091 893 2318 971 figuras
2351 893 2526 954 velim
2557 912 2827 970 servare,
2877 915 3036 958 nun-

311 983 490 1062 qnam
538 998 634 1042 me
680 988 1105 1061 perventurum
1152 998 1341 1060 usque
1371 978 1449 1043 ad
1479 977 1710 1052 Solem,
1762 999 1952 1060 neque
1984 998 2230 1042 causam
2278 981 2650 1056 habiturum,
2701 1001 2808 1045 cnr
2832 984 3035 1062 potius

310 1071 437 1132 sint
480 1089 619 1144 sex,
672 1088 848 1149 quam
897 1067 1111 1148 viginti
1155 1069 1251 1130 vel
1300 1079 1539 1130 centnm
1589 1069 1766 1130 orbes
1796 1069 2071 1130 mobiles,
2163 1069 2247 1131 Et
2273 1079 2476 1132 tamen
2525 1071 2849 1151 placebant
2877 1072 3034 1151 figu-

312 1178 445 1233 rae,
492 1167 723 1238 utpote·
750 1157 1156 1237 quantitates,
1206 1165 1271 1218 et
1314 1175 1415 1218 res
1461 1156 1649 1218 coelis
1694 1157 1876 1237 prior.
1973 1155 2305 1228 Quantitas
2346 1161 2500 1220 enim
2530 1159 2702 1222 initio
2731 1179 2866 1222 cum
2895 1179 3036 1222 cor-

312 1266 455 1328 pore
516 1244 831 1320 creat'ah);
898 1245 1053 1308 coeli
1110 1246 1305 1307 altero
1352 1245 1470 1308 die.
1568 1243 1745 1316 Quod
1814 1247 1866 1308 si
1925 1245 2334 1325 (cogitabam)
2399 1265 2508 1327 pro
2575 1249 2915 1328 quantitate
2973 1255 3040 1310 et

311 1336 699 1416 proportione
750 1353 859 1396 sex
906 1335 1234 1408 coelorum,
1285 1353 1433 1414 quos
1480 1335 1705 1396 statuit
1752 1331 2123 1414 Copernicns
2144 1383 2160 1410 ,
2227 1337 2482 1416 quinque
2527 1343 2765 1399 tantum
2812 1338 3038 1417 figurae

310 1428 469 1487 inter
514 1423 783 1486 infinitas
828 1422 1095 1504 reliquas
1144 1423 1391 1502 reperiri
1440 1432 1720 1503 possent,
1782 1439 1939 1502 quae
1993 1438 2140 1504 prae
2188 1425 2407 1486 ceteris
2463 1421 2800 1504 peculiares
2848 1445 3034 1506 quas-

312 1515 451 1576 dam
518 1513 923 1596 proprietates
985 1511 1306 1586 haberent,
1375 1530 1449 1573 ex
1516 1521 1657 1573 voto
1724 1529 1822 1574 res
1887 1523 2074 1573 esset.
2167 1514 2358 1593 Atqui
2413 1532 2642 1576 rursum
2710 1515 3035 1578 instabam.

312 1601 475 1674 Quid
540 1602 764 1682 figurae
823 1601 1040 1680 planae
1102 1600 1260 1661 inter
1305 1601 1530 1662 solidos
1588 1599 1816 1662 orbes?
1908 1597 2122 1663 Solida
2171 1603 2372 1680 potins
2420 1617 2698 1682 corpora‘
2720 1603 3034 1666 adeantur

310 1691 497 1766 Ecce,
550 1691 768 1764 lector,
821 1690 1130 1751 inventum
1177 1689 1288 1750 hoc
1338 1697 1401 1750 et
1446 1689 1762 1750 materiam
1807 1690 1998 1751 totius
2029 1689 2200 1769 hujus
2231 1689 2518 1770 opusculi.
2613 1691 2772 1752 Nam
2809 1691 2862 1753 si
2903 1691 3038 1772 quis

313 1781 527 1841 leviter
587 1777 953 1858 geometriae
1011 1777 1242 1856 peritus
1291 1777 1545 1842 totidem
1602 1777 1802 1838 verbis
1852 1786 2194 1852 moneatur,
2263 1778 2352 1840 illi
2415 1778 2624 1840 statim
2690 1779 2750 1840 in
2797 1789 3038 1859 promtu

312 1879 452 1930 sunt
501 1869 758 1948 quinque
807 1866 1110 1946 regularia
1148 1884 1402 1944 corpora
1450 1855 1581 1928 cum
1628 1866 2016 1946 proportione
2064 1824 2293 1929 orbium
2331 1866 2912 1950 circumscriptorum
2959 1869 3038 1930 ad

313 1955 675 2036 inscriptos·
733 1955 822 2017 illi
873 1954 1086 2016 statim
1135 1952 1210 2014 ob
1258 1959 1463 2016 oculos
1513 1965 1788 2015 versatur
1836 1953 2103 2016 scholion
2166 1955 2310 2017 illud
2365 1953 2718 2018 Euclideum
2767 1957 2844 2018 ad
2890 1975 3038 2038 pro-

310 2045 673 2126 positionem
730 2042 824 2106 18.
875 2043 975 2104 lib.
1035 2039 1129 2104 13.
1204 2061 1318 2122 quo
1377 2043 1830 2105 demonstratur
1885 2043 2254 2124 impossibile
2321 2063 2489 2118 esse,
2557 2054 2624 2107 ut
2683 2045 2860 2124 plura
2915 2046 3040 2108 sint

312 2144 418 2197 aut
464 2135 881 2216 excogitentur
943 2131 1245 2210 regularia
1290 2150 1545 2216 corpora
1593 2147 1771 2212 quam
1818 2133 2096 2212 quinque.
2191 2133 2318 2194 Res
2375 2133 2770 2196 admiratione
2832 2133 3034 2213 digna,

312 2243 446 2288 cum
493 2223 753 2284 nondum
802 2231 1112 2282 constaret
1160 2219 1304 2280 mibi
1354 2221 1425 2282 de
1474 2220 1846 2300 singulorum
1891 2239 2204 2300 corporum
2241 2222 2684 2301 praerogativis
2717 2223 2773 2284 in
2805 2222 3034 2296 ordine,

316 2327 487 2376 usum
532 2330 625 2374 me
676 2310 916 2378 minime
966 2316 1187 2388 arguta
1234 2309 1582 2386 conjectura
1636 2327 1711 2370 ex
1759 2311 1918 2370 notis
1965 2311 2344 2390 planetarum
2398 2310 2708 2372 distantiis
2754 2310 3038 2386 deducta,

313 2402 465 2464 adeo
514 2399 773 2464 feliciter
818 2415 1063 2478 scopum
1111 2396 1387 2474 tetigisse
1436 2398 1495 2458 in
1544 2398 1753 2460 ordine
1800 2415 2142 2478 corporum,
2212 2408 2280 2460 ut
2323 2398 2472 2461 nihil
2519 2400 2578 2460 in
2627 2398 2748 2460 illis
2793 2408 3032 2478 postea,

313 2509 445 2552 cum
502 2487 817 2570 exquisitis
876 2503 1119 2566 agerem
1175 2485 1538 2560 rationibus,
1607 2486 1920 2547 immutare
1978 2486 2294 2565 potuerim.
2390 2487 2488 2548 Ad
2556 2487 2640 2549 rei
2689 2487 3034 2551 memoriam

315 2578 549 2641 ascribo
606 2577 716 2640 tibi
766 2573 1169 2648 sententiam,
1236 2574 1326 2635 ita
1371 2576 1455 2635 uti
1505 2574 1741 2648 incidit,
1809 2583 1873 2636 et
1919 2593 1991 2636 eo
2057 2583 2355 2636 momento
2402 2575 2603 2637 verbis
2660 2583 3031 2656 conceptam.

318 2669 548 2742 „Terra
593 2673 689 2726 est
726 2665 991 2726 circulus
1012 2680 1251 2724 mensor
1279 2664 1539 2724 omnium
1558 2661 1636 2736 ῦς
1684 2661 1770 2724 illi
1821 2661 2239 2725 circumscribe
2270 2661 2727 2726 dodecaedron':
2777 2665 3034 2727 circulus

315 2759 425 2819 hoc
475 2753 981 2835 comprehendens
1030 2751 1146 2814 erit
1190 2752 1379 2815 Mars.
1474 2752 1663 2814 Marti
1710 2751 2138 2814 circumscribe
2177 2753 2560 2815 tetraedron:
2621 2754 2876 2817 circulus
2921 2754 3034 2817 hoc

314 2834 821 2927 comprehendens
870 2843 987 2903 erit
1030 2839 1305 2921 Jupiter.-
1388 2841 1528 2904 Jovi
1576 2842 1996 2904 circumscribe
2044 2840 2296 2905 cubum:
2360 2842 2616 2904 circulus
2665 2842 2818 2905 hunc
2865 2862 3032 2906 com-

313 2934 691 3016 prehendens
740 2932 857 2993 erit
903 2928 1220 3011 SaturnuS.
1314 2930 1455 2991 Jam
1507 2930 1729 2992 Terrae
1795 2930 2056 2992 inscribe
2111 2930 2506 2993 icosaedron:
2572 2931 2657 2994 illi
2713 2930 3038 3012 inscriptus

316 3025 573 3086 circulus
622 3019 738 3082 erit
784 3017 1015 3081 Venus.
1115 3017 1337 3079 Veneri
1387 3018 1645 3082 inscribe
1696 3019 2065 3081 octaedron:
2117 3020 2201 3081 illi
2252 3020 2574 3100 inscriptus
2620 3020 2876 3083 circulus
2923 3020 3042 3082 erit

316 3110 714 3175 Mercurius.“
803 3107 1014 3171 Habes
1061 3106 1356 3169 rationem
1406 3108 1634 3169 numeri
1680 3109 2080 3187 planetarum.

494 3202 661 3263 Haec
709 3198 949 3260 occasio
998 3204 1061 3257 et
1108 3214 1423 3257 successus
1470 3196 1645 3276 hujus
1696 3195 1940 3258 laboris.
2037 3197 2198 3259 Vide
2265 3216 2420 3259 nunc
2485 3196 2669 3260 etiam
2725 3216 2920 3261 meum
2981 3198 3040 3261 in

318 3291 429 3352 hoc
476 3290 627 3351 libro
674 3286 1071 3369 propositum.
1166 3282 1251 3346 Et
1297 3284 1533 3365 quidem
1580 3298 1868 3369 quantam
1923 3294 1998 3347 ex‘
2065 3284 2410 3347 inventione
2471 3286 2842 3367 voluptatem
2897 3307 3043 3368 per-

317 3379 613 3459 ceperim,
679 3394 975 3457 nunquam
1036 3372 1235 3434 verbis
1294 3390 1671 3452 expressero.
1764 3374 1901 3436 Non
1951 3393 2044 3437 me
2092 3374 2311 3454 perditi
2359 3376 2649 3455 temporis
2695 3376 3048 3455 poenitebat

320 3468 591 3548 amplius,
641 3485 755 3527 nnn
806 3473 1147 3544 pertaesum
1196 3472 1293 3524 est
1342 3462 1585 3537 laboris,
1636 3462 1950 3523 molestias
1999 3463 2216 3525 calculi
2263 3463 2462 3525 nullas
2509 3464 2866 3544 subterfugi,
2915 3464 3047 3527 dies
3113 3463 3122 3467 ’

318 3568 643 3637 noctesque
692 3552 1091 3635 computando
1140 3550 1478 3612 consumsi:
1530 3551 1720 3613 donec
1750 3567 2075 3627 cernerem,
2126 3561 2320 3614 utrum
2351 3545 2645 3633 c‘oncepta
2672 3552 2872 3616 verbis
2902 3573 3048 3617 sen-

318 3646 513 3709 tentia
558 3662 690 3707 cum
722 3637 1041 3725 Copernici
1082 3640 1321 3701 orbibus
1371 3640 1762 3715 consentiret,
1814 3659 1889 3701 an
1943 3660 2083 3703 vero
2131 3642 2358 3703 ferrent
2405 3660 2542 3701 mea
2587 3640 2810 3721 gaudia
2854 3641 3043 3703 venti.

320 3732 495 3807 Quod
544 3732 596 3795 si
643 3752 789 3806 rem,
840 3729 923 3794 nti
974 3740 1108 3793 esse
1155 3728 1463 3809 putabam,
1517 3728 2045 3831 deprehenderem,
2093 3738 2301 3793 votum
2349 3729 2480 3789 Deo
2512 3728 2656 3809 Opt.
2689 3730 2855 3791 Max.
2905 3730 3042 3805 feci,

320 3844 411 3886 me
459 3823 655 3905 prima
700 3818 1017 3883 occasione
1066 3820 1177 3881 hoc
1225 3816 1578 3879 admirabile
1638 3836 1783 3879 suae
1843 3816 2181 3898 sapientiae
2227 3812 2530 3897 specimen
2577 3816 2832 3896 publicis
2878 3820 3044 3899 typis

320 3915 475 3976 inter
531 3910 803 3973 homines
860 3908 1345 3969 enunciaturum:
1414 3914 1481 3968 ιιι
1546 3907 1817 3988 quamvis
1885 3926 2076 3987 neque
2133 3907 2284 3967 haec
2335 3904 2718 4010 undiquaque
2765 3906 3046 3969 absoluta

320 4002 462 4077 sint,
511 4010 574 4063 et
621 4000 777 4062 forte
825 4004 1059 4059 restent
1105 3996 1408 4070 nonnulla,
1458 4014 1611 4075 quae
1658 4014 1735 4055 ex
1783 3996 1879 4057 his
1927 3996 2116 4056 fluant
2160 3993 2490 4075 principiis,
2537 4012 2781 4081 quornm
2829 3996 3044 4058 inven-

320 4091 541 4151 tionem
572 4088 715 4151 mibi
746 4104 1055 4151 reservare
1085 4102 1359 4165 possem.
1408 4092 1609 4145 tamen
1660 4083 1782 4159 alii,
1835 4084 1934 4163 qui
1981 4083 2187 4145 valent
2233 4082 2490 4186 ingenio,
2543 4102 2718 4163 quam
2765 4084 3042 4164 plurima,

322 4276 384 4328 et
423 4261 659 4330 laudem
690 4264 1136 4345 sapientissimo
1171 4258 1447 4324 Creatori
1477 4280 1592 4323 nno
1640 4280 1743 4322 ore
1793 4261 2156 4323 accinerent.
2228 4256 2379 4323 Cum
2425 4260 2610 4343 igitur
2651 4263 2861 4341 paucis
2907 4270 3048 4342 post

323 4338 532 4418 diebus
580 4366 677 4417 'res
726 4354 1117 4427 succederet,
1187 4359 1367 4431 atque
1417 4368 1527 4429 ego
1576 4349 2119 4428 deprehendeiQem
2191 4369 2368 4430 quarn
2416 4358 2556 4454 apte
2605 4369 2781 4412 unum
2829 4370 3046 4431 corpus

322 4456 461 4525 post
508 4444 672 4505 aliud
722 4442 878 4504 inter
926 4461 1066 4502 suos
1114 4441 1394 4521 planetas
1445 4439 1702 4513 sederet,
1753 4447 2063 4519 totumque
2103 4438 2413 4521 negotium
2458 4439 2540 4503 in
2567 4439 2818 4515 formam
2863 4459 3047 4520 prae-

323 4535 514 4597 sentis
562 4531 832 4615 opusculi
882 4528 1247 4609 redigen-:em
1298 4535 1479 4613 atque
1528 4526 1588 4587 id
1634 4526 1961 4591 Maestlino
2009 4526 2233 4589 celebri
2281 4528 2708 4599 mathematico
2754 4528 3046 4607 probare-

324 4631 458 4703 tur:
522 4619 849 4701 intelligis,
910 4617 1099 4681 amice
1147 4618 1407 4691 lector,
1466 4635 1557 4678 me
1606 4616 1732 4676 voti
1780 4634 1984 4689 reum,
2045 4635 2236 4696 neque
2283 4634 2464 4696 posse
2511 4604 2734 4679 morem
2783 4618 3046 4700 satyrico

324 4729 565 4793 gerere,
616 4711 723 4790 qui
764 4726 985 4771 nonum
1032 4706 1089 4772 in
1138 4722 1355 4786 annum
1396 4702 1577 4782 jubet
1624 4702 1811 4767 libros
1861 4662 2150 4766 detinere.

380 4844 389 4863 2
501 4802 669 4861 Haec
718 4818 838 4861 una
882 4816 1069 4859 causa
1116 4802 1213 4857 est
1260 4810 1431 4853 meae
1478 4790 1940 4855 maturationis.
2003 4792 2099 4854 cui
2153 4800 2236 4857 ιιι
2265 4810 2520 4853 ornnem
2545 4792 2656 4856 tibi
2705 4794 3048 4873 scrupulum

324 4889 595 4952 sinistre
608 4886 965 4970 suspicandi
1010 4884 1273 4950 eximam
1300 4878 1391 4956 ¹),
1440 4880 1599 4943 addo
1645 4878 1858 4944 lubens
1905 4890 1974 4945 et
2015 4878 2304 4958 alteram,
2362 4888 2426 4943 et
2470 4881 2658 4944 recito
2701 4881 2841 4963 tibi,
2901 4882 3050 4949 illud
