3634 5575
1491 402 1815 455 Prooemium
2916 402 3003 469 27

289 558 502 610 Proeli-
535 560 590 609 in
613 558 832 626 Hypotb.
859 563 1058 613 Astron.
1083 566 1296 621 asserat,
1332 561 1630 625 Mercurium
1653 564 2099 617 subtercurrentem
2120 564 2307 617 Veneri
2328 564 2485 615 risum
2520 574 2659 623 esse‘3
2698 566 2801 617 alia
2832 573 3005 619 tamen

293 631 456 681 multo
491 632 690 696 gravior
723 635 948 699 quaestio
982 634 1214 691 exoritur,
1253 635 1316 685 de
1351 636 1672 685 inexcusabili
1709 638 1896 686 orbium
1930 636 2101 685 horum
2127 637 2437 701 planetarum
2458 639 2817 702 penetratione.
2856 652 3003 702 quam

291 702 631 786 epicyclorum
667 710 720 754 et
755 706 1182 755 eccentricitatum
1229 706 1442 769 ipsorum
1485 710 1731 771 proportio
1747 744 1762 764 ,
1813 708 2193 769 astipulantibus
2236 708 2427 767 calculo
2472 716 2525 758 et
2566 710 3003 765 observationibus,

290 774 808 905 ffl⁰¹³¹²¹¹¹⁰m3333¹¹3²s
841 776 1730 912 Essgxssbssffissm„
1753 778 2285 914 Ἢᾷἓῗὲωῗῖῖῃ
2308 778 2428 901 ¹33?
2434 778 3003 901 13223312203533

291 916 460 965 tiones
495 920 865 981 pensu-stiones
899 932 1000 969 non
1037 920 1334 977 admittuntz
1371 922 1672 985 geometriae
1707 926 1879 972 antem
1916 922 2157 972 certitudo
2192 919 2343 986 (quae
2380 922 2432 971 in
2466 922 2599 971 omni
2624 928 2809 985 quanto
2832 922 3005 987 regula

291 988 522 1037 vei-italis
547 986 649 1049 est)
685 990 872 1041 orbium
897 992 1220 1041 &notationi
1247 991 1556 1041 contradicit.
1611 992 1704 1041 His
1729 992 1876 1050 addo,
1912 993 2043 1058 quod
2076 1000 2133 1043 ut
2168 994 2437 1044 distantiae
2472 992 2789 1057 sphaerarum
2824 994 3003 1044 dubiae

291 1064 439 1116 sunt,
487 1060 566 1109 ita
589 1064 653 1110 §t
686 1062 804 1111 ordo
837 1061 1001 1111 nullus
1037 1068 1200 1111 certus
1235 1068 1328 1112 est.
1397 1060 1530 1113 Nam
1567 1062 1680 1113 Sole
1727 1070 1780 1113 et
1824 1064 1973 1113 Luna
2017 1067 2260 1127 exceptis,
2314 1066 2365 1115 in
2412 1066 2588 1115 ceteris
2638 1064 2857 1127 ejusdem
2908 1070 3003 1118 est.

289 1131 396 1252 ⁸3
435 1128 518 1193 (nt
550 1126 989 1199 παραδοξοτατφ
1025 1134 1246 1197 exemplo
1281 1130 1468 1194 dicam)
1505 1132 1774 1185 Saturnum
1808 1146 1959 1199 supra
1992 1134 2321 1197 Mercurium,
2372 1138 2475 1185 sive
2509 1134 2643 1186 hunc
2678 1146 2828 1199 supra
2868 1136 3002 1185 illum

393 1216 528 1253 coes.

439 1273 574 1334 Quid
611 1274 674 1324 de
706 1274 1018 1339 rapidissima
1053 1280 1106 1326 et
1137 1276 1487 1325 inaestimabili
1523 1276 1785 1327 velocitate
1819 1279 1967 1341 hujus
2000 1284 2107 1327 tam
2154 1284 2327 1328 vastae
2380 1278 2549 1327 mundi
2595 1276 2733 1327 molis
2786 1277 3005 1341 quotidie

289 1358 350 1394 se
373 1346 706 1397 convertentis
742 1342 942 1396 dicam?
997 1344 1094 1397 Ubi
1124 1347 1278 1411 primo
1315 1347 1576 1397 ineffabili·
1613 1348 1851 1399 velocitas
1892 1362 2085 1399 omnem
2118 1348 2265 1399 fidem
2303 1354 2519 1412 superat.
2578 1346 3001 1398 semidiametrum

287 1415 536 1479 sphaerae
583 1416 794 1466 fixarum
842 1416 1096 1467 stellarum
1145 1418 1468 1483 Albsteguins
1521 1415 1696 1467 19000
1717 1452 1734 1475 ,
1785 1420 2129 1485 Alpbraganus
2166 1416 2344 1469 20110
2392 1418 2769 1469 semidiametris
2796 1419 3003 1469 Terrae

289 1488 548 1544 mtimu,
583 1494 638 1537 et
659 1488 856 1553 quidem
877 1502 978 1537 non
999 1490 1254 1551 minorem,
1287 1489 1378 1539 sed
1399 1490 1546 1555 longe
1582 1493 1818 1553 maJorem
1848 1505 1957 1542 esse
1982 1492 2321 1542 conveniebat.
2374 1490 2507 1540 Hinc
2532 1504 2649 1555 ergo
2674 1504 2739 1541 ea
2760 1490 3001 1554 sphaerae

287 1558 438 1621 hujus
471 1558 744 1623 pernicitas
779 1560 998 1625 exurgit,
1049 1572 1149 1623 qua
1191 1560 1440 1625 quaelibet
1485 1563 1536 1611 in
1587 1562 1875 1612 circulorum
1921 1564 2053 1613 inter
2082 1562 2220 1626 polos
2256 1563 2425 1613 mundi
2458 1562 2621 1611 medio
2656 1563 2821 1627 posita
2856 1562 3005 1613 stella

287 1632 438 1681 unico
473 1630 628 1681 horae
662 1630 886 1695 scrupulo
921 1630 1164 1689 semdo,
1209 1632 1310 1683 sivo
1357 1628 1498 1681 88⁰⁰
1537 1638 1680 1696 parte
1715 1636 1861 1684 nnius
1894 1635 2047 1684 horae
2082 1630 2202 1699 (qno
2239 1632 2469 1698 temporis
2504 1632 2711 1697 spatiolo
2756 1635 2837 1683 vix
2870 1634 3003 1697 quis-

289 1714 444 1765 quam
479 1702 582 1751 tria
613 1702 693 1752 rel
728 1708 938 1766 quatuor
971 1702 1138 1759 verba,
1175 1702 1294 1753 licet
1325 1704 1672 1767 praecipitanti
1707 1718 1931 1755 sermone
1967 1705 2212 1769 loquatur,
2248 1702 2543 1769 prolabitur)
2580 1702 2712 1753 ultra
2742 1704 3004 1755 duodecies

292 1779 500 1823 eentum
523 1772 751 1823 milliaria
775 1774 1064 1838 germanica
1085 1775 1322 1838 rapiatur.
1362 1773 1570 1837 Oportet
1606 1782 1774 1826 autem
1810 1778 1981 1827 ultimo
2020 1776 2157 1825 coelo
2194 1791 2283 1826 seu
2316 1777 2471 1839 primo
2502 1774 2681 1827 mobili.
2722 1776 2825 1825 orbi
2859 1776 3005 1841 longe

291 1846 550 1907 superiori,
585 1845 738 1894 multo
774 1846 1146 1895 concitatiorem
1179 1847 1342 1895 inesse
1379 1860 1586 1896 cunun-
1645 1846 1746 1897 Sed
1769 1850 1877 1911 quis
1912 1848 2019 1897 istis
2041 1848 2189 1897 fidem
2213 1845 2453 1897 habebit?
2506 1846 2720 1904 Deinde,
2758 1860 3005 1911 quaenam

293 1922 374 1967 est
407 1918 510 1966 ista
545 1922 758 1966 naturae
792 1916 1099 1980 impotentia,
1137 1929 1266 1981 qnae
1299 1918 1538 1967 immenso
1573 1920 1760 1981 corpori
1796 1919 1998 1969 coelesti
2032 1918 2309 1981 huiusmodi
2344 1924 2511 1969 mente
2538 1918 3003 1981 incomprehensibi·

290 1986 394 2038 lem
427 1988 746 2037 velocitatem
783 1988 1040 2039 infundere
1073 1989 1236 2052 potuit
1249 2022 1264 2045 ,
1311 1990 1546 2053 punctulo
1581 1996 1752 2054 tamen
1787 1992 1955 2041 mundi
1972 2026 1987 2047 ,
2034 1991 2221 2054 corpori
2254 2004 2325 2041 sc.
2370 1998 2565 2039 terreno
2578 2024 2593 2049 ,
2644 1989 2707 2039 de
2742 1990 2835 2039 hoo
2870 1995 3005 2039 motu

293 2061 562 2123 quicquam
599 2060 962 2111 communicare
997 2071 1102 2109 non
1131 2054 1334 2123 potuit?
1408 2059 1662 2120 Quomodo
1696 2062 1802 2111 lieri
1836 2068 2001 2126 potest
2015 2096 2029 2118 ,
2078 2066 2137 2111 ut
2172 2066 2279 2111 toto
2311 2061 2480 2111 mnndi
2526 2066 2795 2123 systemate
2808 2095 2822 2117 ,
2870 2060 3005 2109 nullo

294 2132 404 2193 ejus
441 2132 575 2188 orbe,
614 2144 710 2181 nec
747 2132 900 2181 etiam
935 2132 1068 2197 ignei
1105 2131 1336 2181 elementi
1373 2132 1584 2197 sphaera
1622 2128 1688 2193 (si
1711 2146 1812 2195 qua
1836 2130 1935 2193 est)
1972 2146 2067 2183 nec
2090 2134 2219 2183 aeris
2252 2132 2497 2196 superiore
2532 2133 2734 2197 regione
2770 2133 3005 2196 exceptis,

295 2202 678 2267 circumagitato
695 2239 710 2259 ,
759 2200 856 2252 hoc
891 2202 1090 2252 unicum
1125 2202 1414 2266 punctulum
1449 2218 1549 2252 non
1587 2203 1937 2253 convertatur?
2006 2204 2183 2269 Itaque
2218 2205 2372 2253 multo
2408 2204 2701 2267 probabilius
2742 2208 2793 2253 et
2827 2203 3007 2253 rationi

294 2275 456 2339 magis
495 2280 884 2324 consentaneum
921 2278 1014 2331 est,
1050 2274 1180 2337 qnod
1213 2274 1452 2323 immenso
1487 2274 1580 2324 hoc
1617 2274 1798 2325 mundo
1836 2288 1871 2326 a
1892 2275 2181 2339 quotidiana
2202 2276 2301 2327 hac
2325 2274 2591 2339 rapiditate
2614 2274 2837 2332 liberato,
2874 2274 3007 2324 solus

291 2342 378 2395 liic
411 2344 638 2409 globulus
675 2360 734 2395 eo
768 2350 909 2395 motu
941 2344 1176 2403 incedat3
1223 2344 1414 2397 bessius
1453 2346 1584 2395 enim
1617 2352 1830 2396 naturae
1874 2347 1997 2403 fnit,
2046 2346 2179 2397 hunc
2215 2348 2263 2396 ei
2296 2352 2483 2395 motum
2526 2346 2728 2403 indere,
2778 2360 2873 2409 qno
2908 2360 3007 2395 uno

291 2416 541 2480 scrupulo,
576 2431 667 2467 seu
690 2417 1002 2481 sexagesima
1021 2422 1163 2481 parte
1185 2416 1354 2473 horae,
1391 2417 1444 2465 in
1467 2431 1650 2481 magno
1675 2420 1780 2479 eJus
1813 2417 1995 2467 circulo
2022 2418 2271 2482 quadrans
2296 2418 2443 2467 unius
2480 2416 2753 2481 germanici
2786 2416 3005 2465 milliaris

293 2493 610 2551 praetereatz
661 2501 808 2552 qnam
844 2487 1156 2537 velocitatem
1192 2486 1392 2537 nubium
1429 2487 1617 2538 volatus
1653 2502 1802 2552 saepe
1840 2494 2025 2553 aequat
2038 2524 2051 2545 ,
2088 2504 2191 2538 non
2224 2502 2336 2539 raro
2373 2493 2573 2551 superat
2587 2521 2602 2544 ,
2639 2486 2853 2537 fulminis
2889 2502 3003 2535 vero

295 2572 444 2608 casus
477 2558 1030 2623 incomprehensibiliter
1063 2558 1228 2608 vincit.
1299 2557 1566 2609 Innumera
1600 2558 1702 2609 alia
1737 2568 1963 2619 nauseo,
2010 2574 2213 2625 quorum
2248 2574 2346 2610 non
2381 2572 2546 2623 pauca
2584 2556 2881 2622 Copernicus
2900 2592 2915 2615 ,
2954 2564 3007 2607 et

293 2628 537 2680 Bheticns
573 2631 626 2680 in
662 2644 758 2680 sua
791 2629 1086 2680 Narratione
1104 2664 1118 2687 ,
1159 2636 1308 2695 atque
1345 2628 1588 2694 Keplerus
1624 2636 1792 2681 noster
1825 2633 1877 2681 in
1912 2631 2176 2681 Piodromo
2212 2632 2441 2681 recitant.

441 2700 856 2753 Excellentissimi
887 2700 1112 2751 nonnulli
1149 2714 1210 2751 ex
1243 2702 1594 2753 recentioribus
1637 2702 1981 2753 mathanatici
2027 2702 2343 2769 languoribus
2390 2702 2467 2751 his
2514 2701 2728 2767 aliquam
2760 2699 3007 2751 medelam

297 2772 534 2824 adhibere
571 2778 842 2832 conantum
897 2779 950 2823 et
984 2772 1187 2824 Terram
1222 2773 1418 2838 quidem
1453 2789 1566 2826 cum
1602 2775 1816 2839 antiquis
1860 2774 2209 2839 hypothesibus
2223 2809 2240 2831 ,
2288 2774 2340 2824 in
2390 2774 2603 2824 Lunaris
2654 2777 2707 2822 et
2742 2770 3006 2823 stelliferas

295 2843 557 2908 sphaerae,
593 2861 686 2896 nec
722 2861 822 2896 non
856 2846 1008 2895 totius
1045 2846 1255 2894 universi
1291 2845 1504 2895 medium
1539 2851 1784 2910 reponunt
1817 2845 2141 2906 immobilem,
2182 2845 2347 2896 Solem
2382 2853 2551 2896 autem
2588 2860 2701 2894 cum
2736 2841 3007 2908 Copernico

297 2923 574 2966 ceterorum
608 2917 920 2980 planetarum
957 2922 1203 2976 centrum,
1250 2918 1476 2966 mobilem
1511 2923 1709 2976 tamen,
1760 2917 2063 2981 profitentur.
2136 2915 2377 2981 Magnum
2413 2929 2535 2966 sane
2582 2922 2685 2970 est.
2728 2931 2823 2965 nec
2859 2915 3007 2965 laude

295 3001 393 3037 sna
426 2988 654 3050 privandi
667 3025 682 3044 ,
735 2989 816 3053 qui
851 2988 904 3037 id
937 2993 1178 3038 statuunt.
1252 2987 1438 3038 Verum
1470 2989 1568 3038 hac
1601 2989 1947 3052 hypothesium
1994 2989 2341 3040 emendatione
2385 2989 2506 3038 nihil
2541 2989 2635 3036 nisi
2674 2993 2919 3036 vetustam
2956 2994 3008 3036 et

297 3059 524 3118 attritam
559 3059 782 3124 togulam
817 3075 942 3108 novo
976 3071 1143 3124 panno
1179 3059 1470 3118 resarciunt,
1507 3063 1648 3123 quus
1683 3067 1889 3124 ruptura
1922 3066 2035 3124 post
2067 3063 2227 3123 major
2252 3061 2357 3110 fieri
2380 3059 2523 3110 solet.
2576 3057 2708 3108 Nam
2742 3057 2839 3110 hac
2876 3057 3003 3122 posi·

297 3130 436 3179 tione
477 3129 695 3193 profecto
745 3137 966 3180 motuum
1015 3136 1190 3180 centra
1237 3137 1289 3180 et
1333 3131 1538 3180 virtutes
1580 3132 1812 3181 :notrices
1857 3132 2186 3182 dissolvuntur
2236 3137 2289 3181 et
2334 3131 2671 3182 distrahuntur
2686 3165 2700 3186 ,
2752 3131 2905 3180 ceteri
2956 3134 3009 3180 et

297 3207 458 3250 motus
497 3207 549 3250 et
585 3203 724 3252 orbes
763 3198 889 3264 (sive
926 3201 1152 3266 quicquid
1186 3201 1237 3250 id
1273 3201 1362 3258 sit,
1401 3203 1530 3266 quod
1567 3203 1751 3252 orbium
1774 3203 2038 3270 ‚quandam
2074 3205 2316 3254 rationem
2352 3199 2562 3262 habeat)
2600 3200 2753 3251 multo
2788 3201 3007 3265 pluribus

296 3273 677 3323 intricatissimis
713 3273 1022 3323 involvuntur
1055 3273 1190 3322 tricis
1205 3307 1220 3330 ,
1257 3287 1352 3322 nec
1390 3287 1500 3322 cnm
1536 3275 1728 3323 ratione
1747 3309 1760 3330 ,
1818 3282 1907 3324 aut
1942 3273 2336 3340 magnitudinum
2372 3281 2687 3337 motuumque
2737 3277 2790 3322 et
2825 3272 3007 3322 ordinis

295 3343 404 3394 ulla
435 3345 762 3408 proportione,
801 3346 1060 3408 quicquam
1097 3357 1206 3394 cum
1245 3343 1398 3393 altero
1435 3347 1758 3394 consociatur.
1818 3345 2005 3406 Quibus
2031 3359 2181 3394 unum
2206 3346 2301 3395 hoc
2324 3345 2530 3409 Kepleri
2564 3345 2733 3394 nostri·
2754 3345 3007 3392 inventum

297 3431 507 3480 oppono.
577 3415 640 3466 In
675 3431 770 3481 qno
787 3451 802 3473 ,
838 3429 926 3479 pro
965 3415 1222 3479 Copernlci
1255 3415 1568 3471 recentioris,
1605 3423 1656 3466 et
1691 3417 1965 3466 Aristarchi
1999 3418 2318 3466 vetustissimi
2352 3417 2691 3466 mathematici
2728 3416 3007 3466 sententiae

297 3487 700 3550 comprobatione
737 3484 818 3550 (nt
841 3487 904 3537 de
931 3486 1038 3536 aliis
1067 3489 1176 3549 jam
1197 3485 1344 3548 nibil)
1381 3487 1774 3552 elegantissimus
1809 3489 2025 3552 partium
2061 3487 2231 3536 mundi
2269 3488 2400 3546 ordo,
2438 3489 2557 3537 item
2592 3487 2921 3550 pulcherrima
2956 3492 3009 3534 et

296 3557 646 3622 irrefragabilis
682 3557 1077 3624 magnitudinum
1114 3563 1166 3607 et
1200 3564 1420 3607 motuum
1455 3559 1716 3622 proportio,
1755 3573 1973 3608 consona
2009 3559 2221 3623 quinque
2258 3559 2534 3622 corporibus
2570 3559 2892 3622 regularibus,
2930 3559 3004 3605 in-

297 3630 638 3695 geniosissime
661 3635 975 3679 monstratur.
1029 3628 1172 3679 Haec
1208 3643 1302 3678 nec
1338 3629 1390 3677 in
1427 3630 1639 3693 antiquis
1674 3629 2041 3692 hypothesibus,
2076 3643 2169 3678 nec
2208 3627 2258 3678 in
2293 3631 2621 3678 recentiorum
2648 3629 3005 3678 emendationi·

296 3701 390 3750 bus
424 3700 597 3750 haberi
634 3707 724 3750 aut
757 3702 941 3766 sperari
977 3713 1194 3764 unquam
1228 3706 1448 3764 possunt.
1505 3699 1596 3750 Cui
1633 3714 1750 3766 ergo
1786 3703 1942 3751 tutius
1976 3699 2227 3750 fidendum
2261 3698 2682 3750 existimabimus?
2736 3699 2886 3757 Iisne,
2922 3700 3005 3763 qui

295 3778 598 3836 apparentes
631 3772 894 3824 nonnullas
929 3771 1260 3823 absurditates
1293 3773 1448 3822 vitare
1498 3771 1716 3822 volentes
1767 3773 1818 3822 in
1865 3773 2112 3837 graviores
2158 3786 2213 3820 se
2257 3771 2590 3836 praecipitant
2603 3806 2617 3829 ,
2670 3784 2792 3836 quas
2836 3776 3005 3820 tamen

296 3843 646 3894 vacillantibus
669 3843 836 3894 fulcris
861 3842 1173 3900 suffulciunt,
1211 3843 1426 3908 nihilque
1451 3857 1564 3894 cum
1585 3844 1779 3894 ratione
1811 3845 2013 3901 dicunt;
2052 3857 2117 3893 an
2154 3857 2267 3893 vero
2304 3844 2369 3902 ei,
2406 3844 2489 3906 qui
2524 3843 2631 3892 sine
2668 3843 2859 3891 ratione
2882 3841 3003 3890 nihil

297 3917 506 3972 asserit,
556 3917 722 3965 omnia
752 3915 905 3966 solide
943 3915 1230 3972 confirmat,
1280 3921 1332 3966 et
1375 3929 1503 3980 quae
1540 3915 1734 3979 quidem
1771 3916 1989 3966 absurda
2022 3915 2268 3974 videntur,
2321 3913 2473 3965 solide
2510 3911 2732 3964 refutat?
2804 3914 3004 3961 Amicus

298 4000 416 4052 ergo
453 3985 601 4036 Plato
619 4022 633 4044 ,
673 3987 862 4038 amicus
899 3985 1155 4043 Socrates,
1191 3987 1351 4052 magis
1387 3992 1556 4036 tamen
1593 3987 1756 4036 amica
1791 3986 2007 4037 Veritas.

439 4057 586 4108 Haec
621 4071 732 4124 ego,
767 4057 948 4109 Lector
981 4056 1234 4115 benevole,
1271 4058 1461 4108 erudito
1499 4056 1702 4122 Kepleri
1733 4057 2014 4114 Prodi-omo,
2050 4058 2321 4108 continenti
2360 4058 2712 4120 expositionem
2748 4055 3005 4105 abstrusis-

297 4130 530 4180 simornm
581 4133 794 4182 namne
841 4129 1186 4193 mysteriorum
1229 4129 1474 4180 hactenus
1509 4143 1544 4179 a
1578 4130 1774 4180 nemine
1811 4131 2117 4180 inventorum
2156 4135 2245 4178 aut
2280 4127 2752 4185 animadversurum,
2804 4128 3005 4190 subjun-

297 4201 466 4266 gunda
501 4201 646 4258 duxi,
679 4201 888 4254 indubia
921 4215 1008 4265 spe
1025 4235 1040 4262 ,
1078 4207 1136 4250 ut
1171 4206 1288 4250 ante
1326 4201 1452 4258 dixi,
1489 4201 1658 4260 fietus,
1699 4215 1788 4250 nos
1823 4201 1969 4264 hujus
2005 4201 2225 4264 mysterii
2262 4201 2523 4252 occasione
2560 4197 2646 4263 (de
2672 4199 2849 4249 ceteris
2876 4197 3003 4248 anti-

299 4273 406 4338 quis
443 4278 496 4320 et
529 4273 881 4323 recentioribus
930 4269 1283 4337 hypothesibus.
1326 4288 1418 4338 ego
1461 4275 1568 4335 jam
1619 4271 1802 4322 dudum
1848 4269 2127 4336 desperavi)
2174 4271 2457 4336 propediem
2506 4271 2856 4322 astronomiam
2900 4275 3007 4320 tam

297 4343 504 4408 politam
553 4339 617 4404 (si
663 4343 808 4396 modo
853 4343 958 4394 ulla
1005 4341 1256 4408 expolitior
1291 4347 1342 4392 et
1384 4343 1644 4407 perfectior
1689 4345 1970 4410 repurgatio
2017 4349 2070 4393 et
2112 4343 2270 4393 forma
2306 4345 2410 4406 ejus
2446 4341 2631 4408 sperari
2668 4348 2721 4391 et
2756 4341 3007 4406 expectari

297 4410 476 4480 possit)
513 4420 572 4465 ut
603 4429 752 4480 quam
789 4415 1129 4466 nitidissimam
1143 4449 1158 4470 ,
1195 4415 1446 4465 habituros
1483 4429 1608 4466 esse.

443 4485 690 4547 Quoniam
725 4492 894 4540 autem
927 4489 980 4536 in
1015 4486 1110 4536 hoc
1145 4485 1408 4536 Prodi-omo
1441 4487 1514 4538 M.
1553 4485 1800 4550 Keplerus
1836 4499 1987 4550 saepe
2024 4485 2090 4536 ad
2126 4484 2326 4549 Georgii
2358 4483 2605 4534 Joachimi
2640 4481 2839 4534 Rbefici
2872 4481 3003 4534 Nar·

299 4559 542 4608 rationem
577 4559 810 4624 appellat,
848 4572 996 4624 qnam
1033 4572 1164 4608 anno
1191 4554 1346 4614 1539,
1385 4565 1490 4608 tum
1526 4573 1638 4608 cum
1664 4558 1931 4622 Copernico
1966 4557 2149 4614 vivens,
2190 4563 2455 4619 antequam
2490 4570 2607 4606 suos
2628 4554 3007 4606 Revolutionum

296 4629 444 4679 libros
469 4627 767 4693 Copernicus
804 4629 1052 4685 edidisset,
1090 4629 1155 4678 ad
1181 4627 1482 4679 Schonerum
1518 4630 1798 4695 scripserat,
1834 4629 1923 4678 illa
1956 4643 2071 4678 vero
2105 4628 2338 4678 Narratio
2374 4642 2473 4677 non
2509 4627 2562 4675 in
2596 4627 2812 4676 omnium
2845 4627 3003 4677 mani-

299 4703 388 4750 bus
423 4707 673 4752 rersatur:
736 4701 842 4767 Ego
881 4715 992 4753 eam
1006 4733 1022 4763 ,
1071 4714 1175 4752 una
1223 4715 1336 4750 cum
1371 4699 1604 4751 Enoomio
1639 4699 1902 4750 Borussiae
1954 4701 2017 4750 ab
2064 4701 2239 4750 eodem
2273 4697 2484 4748 Rhetico
2530 4699 2804 4762 conscripto
2821 4733 2835 4755 ,
2890 4698 3007 4749 huie

299 4771 368 4822 Π.
407 4771 614 4836 Kepleri
647 4773 912 4824 Prodromo
949 4771 1092 4836 (licet
1125 4773 1230 4836 ipso
1265 4771 1443 4830 inscio,
1483 4778 1536 4821 et
1551 4805 1566 4830 ,
1617 4773 1732 4836 quia
1769 4771 2004 4829 absente,
2050 4766 2353 4830 inconsulto)
2403 4769 2771 4835 adjungendam
2808 4771 3004 4820 omnino

299 4845 633 4896 anemurium
655 4847 844 4897 census
897 4845 1052 4910 quue
1076 4849 1222 4896 tanto
1243 4845 1422 4910 magis,
1459 4844 1586 4907 qnod
1621 4843 1847 4894 videbam
1884 4858 1911 4892 e
1948 4842 2135 4892 duobus
2170 4842 2247 4890 his
2278 4840 2471 4904 scriptis
2494 4855 2731 4908 magnam
2753 4840 3005 4891 Pmdromi

301 4921 510 4982 partem,
547 4915 632 4968 ubi
665 4915 808 4968 stilus
843 4917 906 4968 ob
937 4915 1229 4970 brevitatem
1266 4914 1502 4970 nonnulla
1537 4915 1748 4985 abrupit,
1783 4913 2043 4987 plurimum
2077 4913 2200 4968 lucis
2236 4917 2555 4986 accepturam
2590 4927 2715 4968 esse.
2776 4913 3001 4974 Accedit,
