3634 5575
541 322 672 436 ²52
1647 368 1893 437 Apologia
1926 368 2174 433 Tyehonis

542 529 895 593 eccentricis
957 530 1336 609 permutatos
1403 529 1736 591 fabuletur:
1801 528 2137 591 videbimus
2200 546 2277 591 ex
2335 527 2703 601 Aristotele,
2768 522 2909 610 quid
2974 525 3125 589 certi
3188 526 3265 589 de

537 619 774 681 Eudoxi
829 617 1140 681 sententia
1193 617 1402 679 haberi
1463 617 1703 697 possit:
1768 616 2091 697 praecipue
2159 636 2291 680 cum
2348 618 2505 680 hunc
2552 617 2748 679 locum
2797 636 2835 678 a
2880 614 3101 679 ceteris
3160 620 3267 677 aut

536 707 878 787 neglectum
923 713 1030 769 aut
1059 706 1215 768 male
1245 714 1574 769 tractatum
1613 706 2042 786 interpretibus
2090 724 2313 785 operae
2360 704 2621 785 pretium
2668 706 2955 769 videatur
3000 702 3265 783 diligen-

537 797 661 859 tins
707 795 1066 876 expendere.
1161 792 1315 857 Cum
1359 804 1560 858 antem
1605 794 1666 857 in
1697 795 1936 874 gemina
1964 794 2279 885 constituti
2310 796 2501 857 simus
2532 793 2916 866 difficultate,
2966 811 3057 867 eo,
3108 792 3267 873 quod

537 892 603 947 et
645 884 1043 959 Aristoteles,
1109 902 1308 946 rerum
1367 884 1931 946 mathematicamm
1988 883 2323 964 imperitior
2386 890 2455 945 ut
2498 882 2705 945 multis
2774 883 2923 944 locis
2986 889 3263 961 apparet,

535 972 774 1037 Eudoxi
819 980 1082 1035 mentem
1123 972 1222 1033 vel
1269 971 1512 1035 sinistre
1557 973 1903 1053 perceperit
1945 974 2042 1034 vel
2090 971 2404 1035 obscurius
2464 971 2852 1050 expresserit,
2920 978 2985 1031 et
3036 969 3265 1031 numeri

531 1062 858 1125 'manifeste
906 1080 944 1122 a
989 1060 1192 1122 verbis
1239 1060 1605 1123 dissideant:
1654 1062 1948 1123 faciamus
1996 1062 2153 1141 quod
2198 1080 2535 1141 possumuS‚
2586 1060 2905 1122 verborum
2956 1058 3269 1121 involucra

539 1149 904 1229 conjecturis
953 1148 1334 1212 sublevemus
1381 1168 1873 1230 numerorumque
1922 1168 2155 1212 errores
2202 1150 2575 1212 correctione
2604 1148 2807 1211 verbis
2852 1154 3267 1210 consentanea

511 1238 842 1301 tollamus.
935 1236 1128 1317 Igitur
1183 1257 1316 1300 cnm
1365 1238 1466 1301 lib.
1515 1237 1658 1301 XII.
1707 1238 1983 1318 Metaph.
2028 1237 2393 1315 Aristoteles
2452 1238 2513 1299 in
2558 1236 3069 1317 contemplatione
3118 1254 3266 1295 ver-

541 1334 708 1389 setur
740 1406 744 1410 p
771 1326 1247 1389 substantiarum
1313 1326 1672 1407 simplicium
1739 1335 1804 1389 et
1862 1326 2117 1389 materia
2180 1327 2538 1400 carentium,
2616 1344 2805 1406 eoque
2872 1323 3267 1389 sublimitatis

537 1416 830 1477 evehatur
877 1421 1164 1477 accurata
1210 1423 1406 1478 motus
1454 1424 1520 1477 et
1561 1416 1788 1495 primae
1838 1423 2101 1477 motuum
2150 1432 2373 1477 causae
2412 1415 2849 1494 disquisitione,
2908 1420 2975 1474 ut
3018 1413 3265 1473 invento

537 1523 617 1565 ex
660 1503 934 1584 simplici,
985 1502 1268 1565 uniformi
1313 1512 1376 1565 et
1423 1512 1670 1566 aeterno
1717 1511 1905 1579 motu,
1954 1522 2131 1584 quem
2166 1504 2425 1586 primum
2456 1502 2726 1577 dicimus,
2776 1508 3007 1563 motore
3048 1499 3263 1581 primo,

537 1593 616 1655 ad
661 1592 1202 1671 intelligentiarum
1247 1594 1642 1655 secundarum
1687 1601 1750 1655 et
1793 1592 2023 1675 primae
2070 1592 2597 1654 subordinatarum
2644 1608 2951 1653 numerum
2997 1588 3267 1651 investi-

539 1681 802 1759 gandum
849 1698 982 1759 cap.
1031 1675 1094 1741 8.
1145 1680 1435 1743 accedat:
1483 1680 1633 1742 illud
1677 1681 1999 1761 praecipue
2048 1698 2287 1759 urgens,
2328 1680 2581 1760 singulis
2618 1678 2939 1741 mobilibus
2986 1677 3265 1755 singulas

535 1786 826 1849 praeesse
871 1766 1327 1847 intelligentias,
1378 1787 1486 1830 nec
1533 1769 2032 1832 introducendum
2082 1770 2399 1849 quicquam
2432 1768 2491 1829 in
2522 1768 2829 1840 mundum,
2876 1766 3038 1847 quod
3067 1766 3265 1827 officio

491 1864 748 1937 ,careat
805 1856 1139 1919 otiosumve
1205 1855 1304 1919 sit.
1411 1857 1726 1921 Mobilium
1798 1877 1941 1919 vero
2008 1858 2359 1920 coelestium
2426 1876 2743 1935 corporum
2810 1872 3119 1917 numerum
3188 1872 3266 1915 ex

537 1953 818 2020 motuum,
871 1944 972 2025 qui
1016 1944 1298 2008 videntur
1341 1946 1401 2007 in
1449 1947 1636 2020 coelo,
1687 1947 1990 2008 varietate
2037 1945 2325 2009 instituit.
2418 1945 2509 2007 At
2536 1952 2737 2007 motus
2783 1944 2972 2025 ipsos,
3020 1943 3267 2024 quinam

537 2042 604 2097 et
647 2040 796 2114 quot
841 2034 1386 2113 deprehendantur,
1436 2034 1674 2114 quaerit
1718 2034 1796 2096 ab
1844 2034 2225 2097 astronomis.
2319 2034 2477 2097 Hinc
2516 2035 2645 2113 ejus
2672 2034 2889 2095 verba:
2938 2026 3263 2107 „ac'mul-

535 2130 632 2184 tos
691 2123 930 2203 quidem
989 2130 1186 2185 motus
1231 2142 1368 2184 esse
1423 2141 1626 2185 eorum
1692 2143 1845 2205 quae
1904 2124 2201 2198 feruntur,
2270 2122 2345 2184 iis
2408 2122 2597 2184 etiam
2654 2120 2903 2183 evidens
2948 2115 3099 2194 est,
3162 2120 3263 2200 qui

536 2210 918 2273 mediocriter
971 2210 1034 2272 in
1095 2212 1210 2273 hac
1255 2232 1320 2274 re
1367 2211 1598 2275 versati
1648 2221 1807 2274 sunt.
1902 2212 2063 2275 Nam
2120 2210 2391 2292 pluribus
2444 2209 2566 2272 uua
2622 2209 2983 2272 motionibus
3044 2208 3263 2287 singuli

537 2318 780 2363 errones
847 2301 1134 2363 feruntur.
1246 2298 1416 2371 Quot
1479 2308 1684 2363 autem
1745 2300 1899 2375 sint,
1968 2318 2122 2362 nunc
2188 2300 2429 2381 quidem
2489 2318 2565 2360 ea
2630 2318 2783 2380 quae
2846 2296 3263 2360 mathematici

537 2389 804 2451 nonnulli
847 2388 1115 2463 tradunt,
1167 2388 1526 2469 cognitionis
1571 2410 1760 2452 causa
1803 2388 2095 2463 dicimus;
2164 2396 2233 2451 ut
2276 2388 2473 2450 animo
2520 2396 2751 2449 certum
2798 2387 3099 2468 quendam
3146 2405 3262 2448 nu·-

539 2496 764 2542 merum
808 2478 1106 2556 possimus
1153 2477 1685 2558 comprehendere:
1739 2484 1947 2539 cetera
1971 2477 2195 2556 partim
2226 2476 2399 2539 nobis
2444 2476 2803 2557 inquirenda
2832 2482 2989 2547 sunt,
3036 2473 3265 2553 partim

535 2566 609 2639 ii,
677 2566 776 2645 qni
821 2566 974 2627 haec
1019 2565 1358 2646 inquirunt,
1416 2566 1857 2645 interrogandi,
1920 2586 2059 2627 num
2108 2565 2247 2647 quid
2295 2572 2541 2645 praeter
2586 2584 2659 2625 ea
2706 2582 2857 2644 quae
2907 2562 3073 2625 dicta
3120 2561 3264 2635 sint,

471 2700 476 2707 .
535 2654 612 2715 iis
671 2653 952 2717 videatur
1013 2654 1112 2733 qni
1177 2655 1329 2717 haec
1385 2662 1658 2717 tractant
1669 2674 1686 2729 ;
1753 2674 1827 2715 ac
1884 2663 2009 2717 tum
2070 2654 2305 2735 utrique
2352 2653 2595 2715 amandi
2650 2654 2739 2715 illi
2806 2651 3041 2733 quidem
3090 2658 3269 2713 erunt

539 2742 746 2823 eisque
792 2743 997 2822 gratia
1041 2742 1320 2806 habenda
1337 2762 1358 2820 3
1407 2744 1516 2806 sed
1562 2744 1640 2806 iis
1687 2744 1925 2806 demum
1971 2742 2252 2806 habenda
2296 2742 2466 2818 fides,
2515 2742 2614 2822 qui
2652 2741 2994 2804 accuratius
3026 2746 3091 2802 et
3118 2726 3263 2802 dili-

534 2830 776 2911 gentius
821 2831 1268 2894 tradiderunt.“
1360 2833 1492 2895 Hoc
1537 2833 1872 2912 proemium
1923 2833 2131 2895 audiat
2176 2831 2484 2894 Osiander
2531 2838 2597 2893 et
2640 2833 2835 2894 Ursus
2898 2837 2963 2892 et
3008 2830 3261 2911 quicun-

537 2939 653 3000 que
711 2927 1192 2982 astronomorum
1249 2921 1323 2982 de
1374 2940 1574 2983 rerum
1629 2928 1849 2983 natura
1904 2929 2231 3000 conceptus
2284 2922 2459 3000 parvi
2520 2921 2685 2982 facit.
2780 2918 3065 2999 Sequitur
3129 2917 3267 2995 ipsa

534 3025 674 3070 res:
721 3007 1052 3083 „Eudoxus
1099 3007 1264 3071 Solis
1310 3019 1375 3072 et
1417 3011 1628 3072 Lunae
1675 3010 1982 3090 utriusque
2029 3010 2319 3072 lationem
2364 3010 2423 3070 iu
2472 3008 2663 3070 tribus
2709 3006 2976 3088 ponebat
3032 3005 3261 3085 sphae-

537 3097 656 3168 ris,
719 3113 970 3176 quar-um
1027 3097 1282 3177 primam
1341 3117 1478 3161 esse
1535 3117 1652 3160 non
1711 3099 2042 3160 errantium
2088 3087 2471 3160 stellarnm'.“
2561 3098 2731 3158 Haec
2779 3096 2837 3157 in
2888 3094 3261 3174 compendiis

539 3185 960 3248 astronomicis
1005 3186 1186 3265 vulgo
1235 3186 1578 3266 depingitur
1625 3187 1911 3268 amplecti
1958 3195 2153 3250 totum
2198 3187 2452 3278 alicuius
2498 3187 2781 3265 planetae
2823 3192 3110 3266 systema,
3156 3183 3259 3244 id·-

536 3292 650 3353 que
699 3272 848 3334 facit
891 3273 1366 3350 concentricum3
1433 3283 1704 3337 movetur
1751 3295 1932 3357 super
1976 3276 2134 3354 polis
2189 3275 2539 3356 aequatoris
2587 3275 2665 3336 ab
2705 3281 2841 3335 ortu
2878 3273 2937 3334 in
2978 3289 3262 3333 occasum

541 3369 604 3422 et
663 3362 992 3425 revolvitur
1045 3382 1166 3424 una
1227 3383 1358 3424 cum
1415 3383 1490 3426 eo
1553 3364 1718 3426 horis
1765 3361 1873 3428 24.
1977 3364 2283 3426 Interdum
2346 3363 2401 3424 ei
2462 3362 2625 3424 aliud
2678 3363 2923 3441 insuper
2978 3360 3263 3434 officium,

539 3449 847 3512 deferendi
893 3451 1102 3525 nodos,
1153 3451 1523 3526 attribuitur,
1571 3453 1726 3515 unde
1771 3454 2120 3533 plerumque
2168 3469 2381 3514 nomen
2427 3451 2643 3525 habet;
2700 3451 2809 3512 sed
2858 3451 2971 3511 hoc
3016 3467 3135 3510 non
3184 3467 3263 3509 ex

537 3537 774 3600 Eudoxi
819 3545 1036 3602 mente.
1129 3539 1514 3616 „Secundam
1561 3549 1762 3603 autem
1807 3560 1919 3622 per
1966 3561 2098 3602 eum
2142 3540 2429 3604 circulum
2476 3540 2649 3610 ferri,
2697 3539 2795 3619 qui
2840 3557 2950 3618 per
2995 3537 3261 3600 medinm

538 3627 770 3690 zodiaci
817 3627 980 3691 est.“
1069 3628 1350 3710 Apparet
1391 3629 1708 3694 Eudoxum
1770 3630 1925 3692 hunc
1982 3630 2185 3692 orbem
2242 3629 2331 3690 sic
2388 3629 2757 3708 disposuisse
2816 3625 2877 3688 in
2924 3627 3127 3700 Luna,
3196 3635 3267 3688 ut

541 3715 670 3795 ejus
713 3716 840 3795 poli
884 3716 1070 3796 priori
1117 3718 1247 3781 orbi
1295 3719 1686 3782 revolutionis
1733 3718 1981 3780 diurnae
2029 3718 2414 3792 insisterent,
2474 3717 2849 3778 declinantes
2896 3715 3174 3794 utrinque
3223 3733 3264 3774 a

535 3803 692 3883 polis
739 3804 902 3868 illius
945 3806 1006 3868 iu
1053 3807 1256 3868 coluro
1305 3806 1700 3869 solstitiorum
1749 3806 1952 3888 spatio
1998 3807 2379 3886 obliquitatis
2430 3805 2768 3884 ecliptioae.
2862 3803 3069 3865 Motus
3115 3819 3261 3862 vero

540 3893 668 3972 ejus
715 3901 814 3955 est
857 3893 970 3956 sub
1014 3895 1202 3974 priori
1247 3897 1326 3956 ab
1376 3902 1510 3957 ortu
1555 3895 1616 3956 in
1665 3915 1947 3957 occasum
1994 3915 2101 3956 sen
2150 3895 2209 3956 in
2260 3895 2714 3966 antecedentia,
2764 3891 3109 3954 restituitur
3154 3909 3261 3950 se-

539 3981 660 4044 mel
715 3982 794 4044 ad
849 3982 1010 4044 idem
1065 3981 1228 4046 illius
1277 3983 1454 4064 primi
1517 3984 1646 4045 sive
1705 3984 1780 4044 ad
1830 3983 1986 4044 idem
2042 3983 2275 4044 zodiaci
2339 3989 2628 4063 punctum
2688 3980 2861 4043 annis
2926 3977 3023 4042 19.
3128 3975 3267 4048 Quo

541 4069 740 4150 spatio
785 4069 1132 4134 circumfert
1176 4073 1384 4135 nodos.
1477 4070 1692 4144 Qualis
1721 4091 1865 4134 vero
1911 4079 2110 4134 motus
2157 4071 2335 4151 hujus
2384 4070 2591 4132 circuli
2636 4069 2721 4131 sit
2764 4069 2823 4130 in
2866 4067 3101 4130 theoria
3140 4065 3266 4129 So-

539 4158 635 4234 lis,
685 4158 880 4221 dicam
919 4160 1048 4239 jam
1093 4169 1381 4239 quantum
1427 4161 1547 4223 dici
1589 4167 1796 4240 potest
1840 4162 1901 4222 in
1940 4160 2143 4223 tertio.
2240 4159 2551 4234 „Tertiam
2582 4166 2787 4220 autem
2824 4175 2933 4236 per
2962 4155 3267 4235 obliquum

539 4247 824 4310 circulum
873 4248 949 4309 ad
998 4248 1378 4312 latitudinem
1424 4249 1797 4329 signorum.“
1890 4247 1993 4311 Sic
2040 4248 2346 4327 intellig0‚
2406 4248 2653 4308 tertium
2704 4245 2783 4307 ad
2830 4245 3159 4306 secundum
3200 4243 3267 4304 in

541 4336 731 4398 latum
785 4336 1069 4399 inflexum
1128 4356 1284 4401 esse.
1377 4337 1498 4400 Est
1557 4353 1704 4418 ergo
1761 4337 1887 4413 hic,
1958 4336 2058 4418 qui
2102 4337 2339 4398 Lunam
2400 4335 2591 4416 ipsam
2641 4335 2855 4395 defert.
2945 4332 3095 4413 Ejus
3142 4332 3267 4412 poli

539 4425 805 4488 secundo
849 4425 1194 4506 infiguntur,
1243 4427 1641 4489 deflectentes
1687 4425 1965 4506 utrinque
2012 4424 2215 4504 spatio
2263 4424 2603 4486 latitudinis
2640 4423 2941 4484 maximae
2972 4419 3266 4482 Lunai-is:

540 4521 816 4576 movetur
877 4515 936 4576 in
997 4516 1426 4596 consequentia
1485 4533 1591 4576 sen
1647 4514 1726 4576 ab
1781 4533 2001 4576 occasu
2055 4514 2115 4576 in
2164 4519 2362 4575 ortum
2418 4521 2481 4574 et
2539 4512 2881 4574 restituitur
2936 4509 3013 4572 ad
3068 4508 3267 4588 primi,

541 4619 650 4662 seu
695 4603 774 4664 ad
831 4602 1061 4665 zodiaci
1127 4604 1290 4666 idem
1343 4611 1624 4684 punctum
1691 4603 1893 4684 spatio
1942 4602 2066 4663 fere
2110 4609 2436 4664 menstruo·
2530 4603 2627 4664 Ita
2679 4601 2775 4672 fit,
2842 4607 2911 4660 ut
2956 4599 3057 4677 qui
3104 4596 3269 4659 orbis

539 4695 788 4769 propter
830 4699 1060 4754 motum
1103 4692 1494 4773 longitudinis
1537 4691 1797 4772 ponitur,
1848 4691 1903 4754 is
1930 4690 2237 4766 latitudini
2284 4689 2531 4765 serviat,
2582 4689 2681 4770 qui
2712 4707 2855 4750 vero
2886 4685 3269 4748 latitudinem

519 4778 760 4840 stellae
801 4787 1120 4859 praestare
1166 4781 1367 4856 debet,
1417 4780 1810 4858 longitudinis
1857 4789 2085 4843 motum
2129 4779 2377 4842 efficiat.

721 4864 824 4930 Sit
867 4865 1050 4932 ADG
1104 4871 1367 4953 sphaera
1419 4870 1670 4932 fixarum
1725 4877 1792 4932 et
1850 4867 1911 4930 in
1976 4888 2051 4931 ea
2110 4867 2240 4951 ipse
2304 4863 2487 4930 ADG
2546 4865 2787 4927 colurus
2848 4861 3269 4937 solstitiorum,

3270 4827 3279 4835 ι
