3634 5575
1454 354 1519 407 «ιο
1551 354 1697 407 aba·
1732 354 2056 421 analogian.
2984 346 3113 423 297

402 519 535 565 emm
578 514 645 563 sit
674 512 759 565 illo
794 520 1040 579 tempore,
1090 516 1232 578 cujus
1266 515 1549 565 meminisse
1588 518 1831 577 oporteat.
1909 510 2051 561 Deus
2091 513 2142 561 in
2187 511 2406 561 futurum
2451 510 2585 581 lites·
2613 515 2833 568 avertat,
2889 523 3114 574 quarum,

404 584 515 634 Deo
550 586 745 650 gratia,
782 584 921 635 nulla
954 601 1009 635 se
1045 584 1205 635 adhuc
1240 584 1429 634 indicia
1464 584 1707 640 offerunt,
1747 588 1800 634 et
1837 596 1930 648 ego
1967 596 2082 633 mea
2116 582 2381 631 solitudine
2417 582 2592 631 studeo
2630 581 2908 637 declinare,
2947 594 3106 644 quan-

404 662 511 705 tum
546 668 759 718 possum.

546 724 645 775 Sed
680 739 780 791 qua
814 731 869 775 tu
904 726 1065 776 fiante
1108 740 1197 775 me
1246 725 1320 776 de
1372 725 1527 774 meis
1582 724 1830 773 amoribus
1867 724 2140 778 examinas,
2177 734 2290 771 cum
2325 735 2390 771 ne
2427 722 2574 772 verbo
2613 720 2814 785 quidem
2849 724 3117 770 tuorum

402 797 707 847 mentionem
737 791 941 847 facia?
1013 796 1086 845 Te
1123 798 1255 846 enim
1290 812 1390 845 non
1428 796 1555 845 adeo
1593 796 1657 845 ab
1692 794 1789 843 illis
1827 794 2045 843 alienum
2072 806 2198 849 esse.
2237 792 2390 855 probe
2421 792 2566 849 novi3
2605 806 2718 843 eum
2755 796 2809 841 et
2845 796 3114 855 antequam

404 868 730 917 descenderes
768 866 1055 923 Graecium,
1104 867 1362 931 dispositos
1398 866 1465 916 ibi
1512 879 1706 915 amores
1741 864 1994 921 habueris,
2047 868 2098 913 et
2133 863 2298 927 prima
2332 870 2480 914 nocte
2517 863 2581 912 ab
2618 863 2714 912 illis
2749 862 2990 911 invitatus
3025 864 3114 913 sis.

404 936 505 991 Sed
542 952 710 987 vereor
747 937 1027 993 admodum.
1064 953 1130 988 ne
1168 936 1385 1001 Cybelen
1424 936 1641 1000 aliquam
1675 950 1763 999 pro
1800 933 1998 985 Venere
2036 934 2194 984 ducas
2233 938 2285 983 et
2319 933 2439 983 mihi
2476 948 2617 983 socer
2649 932 2760 982 fias.
2811 967 2824 981 .
2865 966 2877 981 .
2917 966 2932 981 .
2974 967 2986 980 .

544 1007 713 1058 Datae
750 1006 964 1058 Hirsavii
1003 1006 1085 1057 12.
1126 1004 1264 1069 (22.)
1303 1006 1410 1057 Cal.
1446 1006 1569 1057 Julii
1612 1001 1763 1055 1595.

2109 1072 2206 1124 Tui
2241 1074 2610 1123 amantissimus
2643 1074 2803 1124 frater

1959 1142 2033 1195 Μ.
2071 1143 2175 1195 ch.
2218 1142 2550 1208 Ortholph,
2602 1142 2917 1208 Praeceptor.

542 1291 702 1340 Annis
738 1290 957 1353 proxime
992 1289 1333 1354 sequentibus,
1373 1292 1642 1351 occupatus
1681 1284 2033 1336 conscribendo
2071 1288 2124 1335 et
2157 1284 2349 1335 edendo
2386 1284 2651 1334 Prodromo
2666 1320 2680 1341 ‚
2719 1284 2951 1335 detentus
2989 1286 3119 1335 curis

398 1362 726 1425 nuptialibus.
782 1374 859 1410 res
897 1359 1218 1424 astrologicae
1254 1358 1501 1422 Keplerus
1519 1391 1533 1414 ,
1586 1370 1888 1422 quamquam
1925 1370 2096 1406 annua
2132 1355 2279 1406 edere
2315 1356 2558 1421 pergebat
2595 1354 2896 1406 calendaria
2933 1360 2990 1405 et
3025 1369 3116 1405 na·

398 1434 619 1483 tivitatee
666 1432 823 1483 erexit
866 1432 1149 1495 petentibus
1166 1463 1181 1485 .
1234 1444 1345 1479 raro
1392 1442 1481 1493 per
1513 1428 1686 1478 literas
1736 1428 1842 1493 egit
1881 1440 1996 1476 enm
2031 1427 2218 1476 amicis.
2291 1427 2436 1477 Haec
2473 1430 2669 1483 antem,
2717 1440 2846 1491 quae
2887 1424 3114 1485 diximus,

396 1504 625 1569 negotia,
674 1515 870 1565 semper
928 1515 1041 1551 eum
1102 1500 1169 1549 ad
1212 1500 1323 1549 illas
1370 1500 1696 1555 reduxerunt,
1750 1498 2067 1562 animumque
2113 1500 2219 1559 ejus
2269 1496 2590 1547 intenderunt
2643 1497 2708 1546 ad
2763 1502 3118 1560 tempestatum

397 1575 701 1624 mutationes
751 1572 1060 1635 vitatumque
1111 1572 1330 1621 rationes
1382 1570 1549 1619 varias
1566 1603 1579 1621 .
1636 1574 1689 1618 et
1738 1568 1804 1617 ad
1843 1569 2200 1632 comparandos
2237 1582 2352 1617 cnm
2383 1568 2482 1617 illis
2517 1568 2832 1631 planetarum
2869 1572 3118 1631 aspectus,

400 1651 458 1695 ut
493 1644 703 1708 denique
741 1643 1010 1692 emendare
1048 1648 1310 1693 conaretur
1347 1639 1667 1705 astrologiam
1706 1652 1916 1703 eamque
1951 1639 2108 1688 menti
2158 1652 2280 1688 suae
2333 1644 2386 1688 et
2422 1639 2603 1687 rationi
2641 1638 2802 1703 magis
2850 1642 3111 1687 consenta-

398 1729 563 1771 neam,
600 1728 695 1764 nec
731 1727 831 1763 non
868 1714 1080 1777 negotiis
1116 1712 1215 1761 illis
1252 1726 1354 1761 non
1393 1710 1636 1760 evitandis
1674 1710 2044 1759 concinniorem
2077 1708 2302 1759 reddere.

540 1784 685 1835 Haec
720 1790 957 1848 spectans
994 1783 1389 1848 Tubingensibus
1428 1781 1601 1831 amicis
1636 1794 1787 1831 sensa
1819 1794 1916 1830 sua
1953 1782 2178 1843 aperiens
2209 1779 2450 1842 judicium
2487 1792 2655 1828 eorum
2681 1778 2778 1827 sibi
2815 1778 3022 1840 expetiit
3055 1777 3110 1827 in

400 1854 479 1905 his
526 1870 717 1921 qnoque
772 1855 946 1905 studiis
960 1888 977 1911 ,
1024 1855 1155 1903 sicut
1198 1854 1251 1903 in
1300 1853 1411 1905 aliis
1464 1858 1815 1909 consueverat,
1871 1866 1982 1901 cum
2017 1850 2364 1901 Hatenreffero
2420 1847 2554 1912 (vide
2589 1862 2742 1913 supra
2783 1864 2832 1913 p.
2873 1844 2966 1909 37)
3017 1854 3122 1899 urm

400 1925 685 1977 Maeetlino.
757 1926 819 1975 In
854 1925 1011 1976 literis
1045 1924 1243 1989 quidem
1280 1924 1345 1974 ad
1380 1924 1514 1975 hunc
1553 1920 1626 1985 (d.
1668 1920 1751 1970 15.
1790 1921 1945 1971 Mart.
1986 1918 2079 1984 98)
2117 1922 2251 1971 datis
2286 1921 2412 1971 haec
2449 1920 2688 1987 legimus:

578 2015 776 2094 Pergo
823 2014 901 2075 ad
948 2012 1363 2093 astrologiam.
1456 2013 1543 2075 Et
1586 2011 1729 2093 quia
1772 2010 2068 2090 prolixum
2124 2010 2301 2073 nimis
2347 2017 2542 2083 esset,
2607 2008 2876 2071 rationes
2923 2007 3120 2088 expli-

404 2122 542 2165 care
588 2100 707 2163 mei
752 2100 1043 2175 instituti,
1104 2119 1257 2182 quae
1304 2101 1544 2163 omnino
1590 2099 1972 2163 necessariae
2021 2099 2290 2174 fuerunt,
2347 2106 2594 2177 propter
2637 2103 2877 2159 vestros
2923 2095 3120 2158 bomi-

404 2210 539 2264 nes,
608 2189 773 2251 illam
818 2188 1155 2269 opinionem
1200 2197 1367 2269 tuam
1414 2189 1687 2268 exemplo
1734 2188 2040 2262 refellam,
2097 2187 2270 2268 quasi
2335 2195 2442 2249 aut
2487 2194 2681 2248 totam
2727 2184 3124 2264 astrologiam

405 2276 793 2351 traduxerim,
843 2284 950 2339 ant
994 2276 1121 2337 sine
1169 2276 1457 2349 domibus,
1509 2275 1801 2351 terminis,
1852 2275 2138 2349 faciebus,
2190 2274 2646 2355 triplicitatibus
2707 2275 2890 2352 (quas
2937 2272 3122 2335 etiam

402 2366 465 2445 in
510 2383 646 2427 meo
694 2364 897 2427 libello
942 2364 1002 2425 in
1051 2364 1291 2426 dubium
1338 2364 1617 2440 vocavi),
1674 2364 2010 2443 praedictio
2069 2364 2236 2425 nulla
2289 2363 2524 2425 institui
2569 2361 2786 2441 possit.
2879 2360 3126 2440 Loquor

405 2454 480 2515 de
527 2453 621 2513 his
669 2451 1157 2531 triplicitatibus‚
1218 2471 1370 2531 quae
1418 2452 1607 2531 signis
1664 2453 1755 2513 ita
1808 2460 2194 2515 mensuratae
2249 2460 2416 2525 sunt,
2479 2456 2548 2513 ut
2605 2449 2659 2511 si
2703 2450 2874 2513 Mars
2932 2450 3018 2511 sit
3061 2449 3120 2512 in

402 2537 663 2605 29059‘
699 2540 791 2618 Υ,
840 2541 924 2601 sit
968 2542 1027 2601 in
1074 2559 1187 2602 sua
1233 2540 1589 2620 triplicitate
1604 2560 1623 2615 ;
1682 2547 1747 2601 at
1792 2540 1848 2601 si
1901 2540 1960 2602 in
2007 2535 2090 2602 0⁰
2132 2540 2188 2601 1⁴
2218 2541 2294 2617 ὅ,
2350 2540 2434 2601 sit
2493 2538 2556 2601 in
2602 2538 2812 2599 Lunae
2857 2536 3122 2618 triplici-

400 2636 561 2702 tate,
622 2635 685 2690 et
730 2627 886 2689 alias
922 2628 1083 2690 vires
1130 2628 1373 2691 habeat.
1465 2628 1601 2691 Non
1651 2629 1862 2707 loquor
1907 2628 1980 2691 de
2028 2627 2624 2708 triangulationibus,
2691 2644 2826 2687 cum
2870 2623 3124 2706 singulis

404 2716 709 2780 aetatibus
752 2735 861 2798 per
905 2717 1289 2796 planetarum
1334 2716 1705 2797 superiorum
1734 2717 2186 2797 conjunctiones
2223 2723 2349 2779 tres
2379 2716 2532 2779 coeli
2559 2714 2838 2794 regiones
2867 2714 3122 2796 signan-

400 2813 537 2880 tur;
613 2823 731 2866 non
777 2805 851 2867 de
896 2805 1206 2879 terminis,
1256 2805 1315 2866 in
1366 2805 1577 2885 quibus
1625 2813 1767 2868 sunt
1811 2806 1968 2867 fixae
2015 2807 2090 2868 de
2137 2814 2357 2868 natura
2400 2805 2809 2884 planetarum3
2881 2823 2998 2866 non
3049 2804 3122 2864 de

402 2894 703 2966 domibus,
754 2901 1049 2973 quatenus
1094 2913 1214 2955 una
1260 2893 1383 2956 alia
1427 2900 1526 2956 est
1571 2895 1631 2956 in
1677 2894 1928 2956 zodiaco
1976 2895 2186 2970 altior,
2255 2902 2361 2956 aut
2409 2901 2704 2975 quatenns
2753 2891 2862 2954 Sol
2907 2890 2970 2954 in
3019 2891 3126 2955 illa

401 2982 672 3043 existens
730 2981 883 3042 alias
939 2989 1341 3062 tempestates
1398 2983 1521 3043 ciet
1574 2982 1809 3044 ratione
1866 2983 2027 3044 anni.
2123 2982 2248 3044 Cur
2303 2983 2460 3044 enim
2529 2978 2568 3044 5
2623 2980 2909 3060 planetae
2973 2980 3126 3042 fines

401 3071 742 3150 partiantur
798 3069 1137 3148 signorum,
1206 3071 1451 3133 excluso
1500 3067 1645 3132 Sole
1708 3079 1772 3132 et
1817 3069 2032 3133 Luna?
2119 3071 2282 3136 Nam
2338 3071 2454 3132 bae
2517 3087 2712 3148 nugae
2761 3069 3124 3130 manifestae

404 3166 583 3218 sunt:
660 3155 959 3218 Saturnus
1006 3165 1070 3218 et
1116 3155 1229 3220 Sol
1272 3157 1558 3220 contrarii
1606 3159 1904 3238 qualitate
1951 3159 2200 3228 caloris,
2259 3157 2600 3220 contrariae
2648 3157 2832 3236 igitur
2879 3157 3124 3218 exalta-

312 3293 321 3302 ,
404 3245 600 3306 tiones
648 3244 706 3304 in
754 3243 826 3319 Υ
871 3252 945 3305 et.
972 3255 1099 3317 ..v-:3
1144 3243 1384 3322 Jupiter
1430 3254 1493 3306 et
1520 3246 1689 3306 Mars
1735 3246 1798 3306 in
1845 3246 2090 3308 humore
2135 3246 2422 3308 contrarii
2471 3244 2929 3324 quodammodo,
2977 3261 3124 3323 ergo

402 3332 505 3394 ille
554 3331 611 3392 in
662 3345 759 3403 Θ,
817 3331 913 3392 bic
960 3331 1020 3391 in
1066 3337 1136 3407 ὅ
1183 3332 1510 3394 exaltatur.
1606 3331 1709 3394 Sic
1756 3333 1970 3394 Venus
2019 3341 2083 3395 et
2127 3333 2460 3395 Mercurius
2527 3333 2804 3393 diversae
2849 3340 3126 3405 naturae,

407 3439 550 3500 ergo
596 3419 706 3480 illa
750 3418 807 3480 in
854 3425 945 3493 34,
1009 3419 1105 3480 bic
1151 3419 1211 3481 in
1258 3429 1327 3506 τῳ
1372 3419 1708 3494 exaltatum
1775 3421 1951 3482 Luna
1999 3439 2139 3483 vero
2185 3421 2247 3481 in
2295 3419 2351 3495 ὅ
2398 3420 2730 3494 exaltatur,
2789 3419 2930 3500 quia
2973 3438 3124 3482 con-

304 3512 311 3520 '
405 3507 598 3570 traria
626 3507 843 3582 Marti,
891 3507 1061 3585 cujus
1108 3508 1319 3568 domus
1366 3516 1465 3568 est
1508 3507 1563 3568 in
1602 3518 1693 3585 m.
1788 3507 1873 3570 Et
1919 3510 2050 3588 quis
2080 3509 2211 3570 Deo
2257 3508 2516 3570 creatori
2565 3507 2778 3570 tribuit
2815 3507 2979 3570 illam
3025 3507 3124 3570 in-

406 3595 759 3658 concinnam
807 3595 1159 3657 divisionem
1214 3593 1291 3656 12
1337 3595 1397 3658 in
1446 3594 1531 3657 7?
1622 3595 1785 3656 Sane
1833 3596 2073 3658 videtur
2128 3595 2556 3675 antiquissima
2601 3615 2766 3669 esse,
2826 3614 2962 3656 cum
3011 3595 3123 3658 ad·-

407 3685 543 3757 buc,
592 3690 660 3746 ut
706 3690 803 3745 est
848 3683 1007 3764 apud
1051 3683 1469 3758 Aristotelem,
1519 3682 1628 3745 Sol
1673 3691 1988 3764 putaretur
2032 3684 2192 3745 infra
2241 3685 2374 3762 932.
2467 3685 2635 3744 Tunc
2681 3683 2840 3744 enim
2885 3689 3129 3744 constat

408 3772 561 3834 ratio
610 3771 857 3834 ordinis.
945 3768 1067 3833 Sed
1116 3779 1181 3832 et
1226 3771 1449 3834 domini
1488 3771 1938 3850 triangulorum,
1989 3781 2057 3836 nt
2087 3773 2267 3846 nosti,
2317 3772 2582 3834 indidem
2617 3779 2777 3834 sunt.
2857 3771 3128 3832 Valeant

406 3861 519 3922 hae
567 3878 783 3938 nugae,
835 3858 942 3919 sed
992 3858 1173 3920 alium
1220 3859 1277 3921 in
1308 3861 1545 3921 modum
1592 3861 1842 3921 valeant
1869 3862 2078 3935 realia,
2131 3860 2244 3922 hoc
2273 3871 2388 3935 est,
2440 3861 2624 3941 probe
2653 3859 3124 3922 considerentur.

407 3949 523 4009 Illa
570 3943 725 4008 enim
770 3954 906 4009 tota
950 3947 1107 4008 ratio
1154 3947 1409 4010 conficta
1454 3955 1552 4008 est
1616 3948 1693 4008 ad
1741 3949 2108 4012 reddendam
2155 3956 2476 4011 eventuum
2523 3949 2914 4020 varietatem,
2981 3965 3126 4026 per-

407 4037 547 4097 inde
604 4055 676 4098 ac
744 4036 795 4096 si
856 4042 963 4096 aut
1026 4053 1139 4096 non
1202 4044 1373 4096 esset
1432 4036 1663 4098 infinita
1726 4038 1994 4098 varietas
2060 4037 2119 4098 in
2176 4037 2574 4117 permixtione
2623 4045 2978 4116 aspectuum
3023 4043 3130 4098 aut

407 4125 599 4186 omnis
646 4130 965 4186 eventuum
1012 4123 1439 4203 qualiscunque
1488 4123 1755 4186 varietas
1803 4145 1880 4186 ex
1927 4127 2094 4188 coelo
2143 4127 2242 4198 sit,
2295 4126 2354 4187 id
2387 4127 2544 4206 quod
2581 4133 2746 4187 recte
2775 4142 2910 4186 cum
2947 4124 3128 4186 theo-

408 4211 563 4291 logis
608 4213 909 4291 impugno.
1004 4209 1249 4289 Optime
1310 4220 1695 4290 praeceptor,
1766 4233 1842 4274 an
1889 4233 2006 4276 non
2067 4221 2234 4275 recte
2281 4232 2430 4292 ago,
2493 4214 2546 4274 si
2593 4231 2842 4293 operam
2887 4212 2995 4286 do,
3061 4217 3130 4274 nt

413 4300 608 4362 doctis
655 4309 717 4362 et
762 4298 1137 4379 pbilosophis
1185 4299 1369 4360 etiam
1426 4299 1837 4378 operationem
1883 4302 2037 4363 coeli
2083 4302 2482 4380 persuadeam
2521 4299 2916 4363 distinctam?
2987 4301 3128 4380 Ago

412 4387 615 4466 itaque
661 4394 731 4448 ut
756 4387 1063 4449 Jesuitae:
1114 4387 1214 4466 qui
1260 4387 1453 4450 multa
1480 4387 1826 4460 emendant,
1871 4398 1938 4451 ut
1974 4389 2242 4451 homines
2281 4388 2617 4452 catholicos
2667 4390 2914 4454 faciant.
3001 4389 3128 4450 Imo

412 4493 527 4536 non
574 4476 664 4538 ita
711 4493 852 4554 ago,
918 4493 1057 4536 nam
1104 4474 1207 4553 qui
1266 4493 1471 4536 omnes
1528 4494 1721 4554 nugas
1781 4477 2140 4551 defendunt,
2205 4485 2346 4539 sunt
2389 4477 2646 4540 Jesuitis
2693 4477 2950 4546 similes,
3015 4493 3128 4556 ego

412 4581 545 4624 eum
593 4563 977 4625 Lutheranns
1024 4562 1401 4641 astrologus,
1460 4563 1559 4642 qui
1617 4563 1792 4642 nugis
1841 4564 2096 4644 abjectis
2154 4566 2384 4627 retineo
2429 4566 2722 4627 nucleum.
2818 4563 2942 4626 Sed
2989 4583 3128 4626 ecce

414 4670 529 4712 non
578 4659 811 4713 tantum
859 4649 1137 4711 volebam
1184 4649 1405 4712 dicere.
1500 4651 1601 4712 Ad
1648 4653 1990 4730 exemplum
2034 4652 2240 4734 itaque
2289 4654 2483 4714 venio.
2569 4654 2770 4716 Natus
2815 4651 2926 4713 tibi
2973 4651 3130 4714 filine

413 4744 511 4800 est
558 4741 872 4816 Augustus
930 4735 1026 4800 13.
1057 4737 1197 4800 Jan.
1258 4735 1355 4800 St.
1404 4737 1483 4799 V.
1532 4739 1662 4801 hor.
1712 4737 1775 4802 5.
1825 4735 1934 4802 24⁴
1991 4748 2132 4802 ante
2179 4759 2258 4802 m.
2365 4740 2565 4802 Natus
2621 4739 2764 4804 mihi
2821 4746 2918 4802 eet
2971 4739 3128 4802 filius
