3634 5575
559 337 690 408 366
954 355 964 366 “
1399 341 1602 392 Literae
1635 340 1847 408 Kepleri
1880 339 2185 406 aliorumque
2220 345 2428 392 mutuae

555 517 778 562 secans
822 497 1198 570 horizontem
1241 496 1304 558 in
1353 493 1444 574 G,
1489 495 1806 560 zodiacum
1848 497 1909 560 in
1954 499 2044 562 M.
2136 497 2257 562 Est
2296 497 2485 578 igitur
2528 497 2721 578 ipsius
2765 497 2985 560 stellae
3028 496 3087 560 L
3128 513 3281 560 sex-

559 589 687 650 tilis
733 595 862 650 tam
909 587 972 648 in
1017 583 1080 648 G
1127 605 1302 666 qnam
1351 585 1408 646 in
1455 585 1554 662 M,
1618 586 1756 666 quia
1803 587 2021 648 stellae
2068 587 2315 650 radiant
2368 587 2427 648 in
2478 587 2685 649 orbem
2732 585 3151 657 circumcirca,
3212 593 3281 650 et

561 676 622 738 G
684 677 918 758 quidem
975 675 1108 754 jam
1171 675 1372 752 tangit
1435 673 1837 748 horizontem,
1906 676 1977 736 M
2039 695 2181 738 vero
2250 683 2350 737 est
2401 675 2579 737 infra.
2675 667 3032 748 Quaeritur,
3102 675 3277 754 quale

559 773 846 848 punctum
894 764 968 825 de
1015 762 1234 824 circulo
1263 761 1392 824 MG
1439 762 1764 824 tenendum
1811 765 1895 824 sit
1938 782 2047 845 pro
2097 764 2422 826 directione
2469 763 2647 842 hujus
2692 764 2931 826 sextilis
2978 763 3055 825 ad
3093 763 3279 826 horo-

561 852 850 935 scopum?
921 853 1082 916 Nam
1129 852 1182 914 si
1231 849 1288 912 G
1337 859 1512 912 extra
1537 851 1872 929 zodiacum,
1922 852 2171 914 directio
2203 852 2447 914 durabit
2474 851 2844 915 diutissime:
2895 850 3096 914 omnia
3124 850 3281 914 enim

465 975 486 984 -
561 950 788 1024 puncta
831 941 1036 1002 circuli
1081 939 1254 1020 parvi
1309 959 1383 1000 ex
1431 939 1483 1000 L
1540 940 1829 1019 descripti
1894 942 2235 1003 successive
2301 949 2563 1020 tangunt
2630 941 3061 1020 horoscopum;
3134 958 3279 1018 ergo

563 1033 756 1093 solum
801 1029 1182 1108 punctumM
1221 1027 1469 1088 valebit.
1563 1026 1892 1098 Quaeritur
1937 1029 2121 1108 igitur
2170 1029 2480 1109 longitudo
2528 1029 2673 1092 ΜΗ.
2767 1029 3094 1091 Methodus
3142 1046 3281 1090 cor-

561 1119 902 1183 rectissima
947 1118 1057 1178 hoc
1105 1117 1234 1178 loco
1283 1123 1397 1190 est,
1448 1124 1514 1176 ut
1542 1124 1847 1178 secantem
1879 1117 1997 1178 LM
2046 1112 2167 1179 60ο
2212 1117 2449 1179 dividas
2494 1135 2603 1196 per
2646 1127 2959 1178 secantem
2990 1117 3105 1178 LH
3134 1116 3276 1178 lati-

565 1208 816 1279 tudiuis,
875 1213 944 1267 ut
987 1206 1246 1285 prodeat
1289 1223 1506 1266 secans
1553 1203 1697 1267 ΜΗ.
1789 1205 1830 1265 J
1835 1225 1931 1266 am
1978 1205 2319 1285 Maginus
2386 1209 2467 1277 (in
2504 1213 2860 1280 Supplomento
2898 1213 3281 1279 Ephmeridum

559 1321 608 1370 p.
652 1301 754 1355 158
789 1303 842 1353 ff.
903 1303 1136 1353 Frankof.
1177 1295 1346 1366 1008)
1394 1294 1626 1354 mavult
1671 1303 1955 1372 punctum
2000 1295 2069 1355 M
2114 1296 2175 1355 in
2222 1303 2548 1374 aequatore
2596 1305 2889 1368 statuere,
2940 1303 3009 1357 ut
3052 1295 3140 1356 sit
3166 1293 3281 1354 LH

565 1383 906 1457 declinatio,
956 1383 1136 1444 HMF
1175 1391 1498 1460 aequator3
1547 1382 1665 1442 erit
1709 1380 1895 1462 igitur
1937 1401 2257 1463 processus
2302 1383 2483 1458 idem,
2532 1392 2597 1444 et
2625 1385 2805 1460 scias,
2852 1383 2967 1445 hoc
2994 1401 3283 1462 processu

559 1473 829 1535 tabulam
887 1489 1024 1532 esse
1081 1471 1334 1543 factam,
1407 1489 1484 1532 ex
1541 1488 1658 1549 qua
1713 1470 1997 1550 Maginus
2048 1471 2228 1550 jubet
2292 1489 2637 1550 excerpere.
2744 1471 2847 1534 Sic
2907 1470 3282 1550 Origanus

561 1559 934 1626 (ephemerides
971 1557 1442 1622 Brandenburgicae
1479 1558 1544 1608 ab
1568 1572 1612 1607 a.
1645 1555 2013 1608 1595—1655.
2054 1559 2285 1609 Frankof.
2315 1559 2381 1610 ad
2406 1559 2502 1610 Od.
2535 1556 2687 1611 1609.
2727 1560 2841 1610 Vol.
2867 1559 2907 1609 1.
2944 1573 2996 1624 p.
3024 1553 3129 1608 386
3154 1553 3281 1622 seq.)

561 1653 696 1696 cum
742 1649 850 1692 suo
895 1631 1072 1692 modo
1121 1638 1184 1688 et
1229 1628 1440 1689 tabula
1492 1631 1669 1709 plane
1727 1630 1839 1692 hoc
1894 1641 2203 1712 praestat,
2272 1632 2431 1710 quod
2478 1650 2591 1710 ego
2636 1650 2821 1711 supra
2868 1631 3044 1692 docui
3089 1631 3281 1709 primo

563 1722 871 1784 schemate
933 1737 1042 1797 per
1106 1727 1388 1780 secantes
1462 1719 1763 1788 (Vickonius
1817 1728 2016 1778 scribit:
2076 1728 2277 1778 modum
2323 1735 2467 1778 mum
2514 1727 2854 1780 constituendi
2904 1728 2982 1778 vel
3037 1725 3287 1792 aequandi

565 1816 821 1874 aspectus,
872 1804 1131 1856 dividendo
1168 1811 1426 1855 secantem
1461 1804 1537 1854 vel
1575 1804 1907 1855 differentiam
1940 1807 2221 1857 latitudinis
2258 1807 2349 1858 dte.
2387 1822 2483 1860 nec
2520 1823 2616 1874 ego
2668 1823 2763 1859 nec
2804 1807 3052 1873 otiganus
3091 1807 3285 1872 assequi

563 1884 874 1955 possumus).
965 1876 1208 1940 Invenit
1253 1876 1434 1948 enim,
1506 1885 1791 1956 quantum
1838 1879 2123 1956 planetae
2173 1879 2434 1942 debeant
2481 1878 2707 1942 distare
2766 1879 2827 1940 iu
2874 1879 3153 1953 zodiaco,
3220 1884 3287 1938 ut

566 1971 650 2031 sit
707 1969 865 2029 inter
917 1965 1181 2046 ipsorum
1239 1983 1490 2044 corpora
1542 1965 1848 2044 perfectus
1896 1976 2202 2045 aspectuS.
2294 1967 2685 2040 Nesciebam,
2750 1967 2990 2029 tabulas
3058 1967 3169 2028 has
3224 1965 3281 2026 iu

561 2057 812 2138 Magiuo
858 2055 956 2116 vel
1003 2051 1273 2133 Origano
1319 2053 1592 2115 inveniri.
1685 2053 1918 2134 Magini
1964 2065 2165 2116 tamen
2214 2057 2581 2118 sententiam
2639 2057 2711 2118 de
2770 2064 3098 2136 aequatore
3167 2071 3279 2114 non

565 2154 711 2228 puto
756 2152 1008 2206 naturae
1059 2150 1544 2211 consentaneam.
1636 2139 2025 2205 Planetarum
2074 2153 2137 2205 et
2182 2141 2346 2206 Solis
2392 2145 2511 2206 iter
2556 2153 2655 2207 est
2698 2145 2757 2206 in
2806 2143 3085 2205 zodiaco:
3145 2142 3282 2204 inde

565 2244 663 2296 est
709 2233 802 2295 vis
847 2231 1124 2312 partibus
1170 2225 1402 2291 zodiaci
1449 2229 1617 2292 radio
1666 2231 1884 2292 stellae
1914 2231 2097 2292 tactis
2128 2233 2404 2294 movendi
2453 2242 2752 2309 naturam,
2802 2251 2935 2294 cum
2983 2251 3090 2292 eae
3136 2249 3281 2311 par-

567 2331 662 2384 tes
709 2320 786 2383 ad
832 2320 1225 2398 horoscopum
1272 2317 1538 2380 veniunt.
1632 2316 1865 2381 Sufficit
1910 2321 2123 2400 igitur,
2176 2329 2243 2383 ut
2288 2331 2583 2404 aequator
2624 2329 2901 2402 praestet
2946 2337 3281 2381 mensuram

568 2409 856 2490 temporis
903 2407 1275 2471 directionis.

743 2521 816 2600 4)
869 2521 1256 2586 Ptolemaeus
1315 2522 1468 2583 forte
1518 2515 1860 2606 ὁλοσχερως
1916 2531 1979 2584 et
2036 2523 2332 2606 pinguiori
2378 2524 2656 2588 Minerva
2701 2523 2967 2598 dixerat,
3037 2521 3285 2602 gradum

568 2611 913 2696 aequatoris
961 2611 1020 2674 in
1069 2610 1396 2672 directione
1453 2608 1792 2690 significare
1844 2630 2064 2673 annum
2136 2615 2467 2684 (vickeniusz
2506 2622 2741 2688 Magium
2778 2622 3043 2690 gloriatur,
3099 2619 3287 2670 Naibo·

568 2704 683 2753 dam
720 2725 788 2735 -
823 2703 877 2750 in
915 2698 1189 2750 Commeat.
1231 2699 1296 2748 ad
1320 2695 1662 2758 Ptolemaeum
1703 2725 1766 2736 --
1805 2701 1967 2748 verius
2004 2713 2153 2764 quam
2191 2707 2383 2750 ceteros
2422 2707 2707 2752 assecutum
2743 2703 2897 2752 fuisse
2923 2709 3143 2750 mentem
3167 2700 3282 2750 Pto-

565 2773 747 2825 lemaei
782 2773 834 2823 in
873 2770 1254 2831 directionibus,
1305 2775 1358 2819 et
1390 2769 1590 2819 modum
1626 2770 1780 2834 ipsius
1821 2772 2081 2821 convenire
2131 2786 2243 2821 cum
2279 2773 2423 2823 modo
2462 2787 2548 2823 suo
2587 2771 2677 2823 dcc.
2752 2771 2887 2823 Num
2924 2772 3007 2824 hic
3044 2785 3187 2822 verns
3224 2771 3288 2820 sit

564 2856 740 2905 modus
774 2852 1124 2908 Ptolemaicns,
1163 2856 1216 2899 ct
1251 2848 1397 2914 quale
1432 2856 1572 2900 tunm
1607 2853 1673 2901 sit
1692 2852 1949 2913 indicium.
1986 2852 2179 2915 postulo
2208 2858 2260 2902 et
2284 2846 2537 2918 expecto).
2616 2846 2795 2921 Sane,
2848 2845 2989 2926 quia
3036 2850 3285 2905 eventus

569 2936 961 3000 directionum
1011 2950 1127 2992 nou
1176 2932 1251 2991 ad
1301 2928 1731 2992 subtilissimas
1779 2932 2061 2993 minutias
2108 2934 2495 3012 respondent,
2540 2934 2778 3014 putavit
2814 2934 3141 2995 mittendas
3172 2930 3286 2991 mi-

569 3024 801 3097 nutias,
867 3030 932 3085 et
974 3030 1138 3082 recte
1187 3018 1446 3098 quidem.
1540 3018 1965 3095 Recentiores,
2017 3018 2361 3097 Cardanus,
2412 3023 2721 3102 Maginus,
2772 3021 3081 3094 Naiboda‚
3128 3020 3286 3081 Bra-

569 3116 756 3186 heus,
831 3108 1104 3171 minutim
1163 3107 1364 3167 omnia
1428 3116 1891 3182 consectantes,
1969 3109 2191 3171 rectius
2249 3112 2653 3185 contendunt,
2732 3103 2907 3173 360⁰
2950 3108 3286 3189 significare

571 3195 786 3281 3647,
841 3216 1062 3259 annos.-
1141 3194 1318 3257 Meus
1381 3197 1592 3257 modus
1652 3198 1956 3259 consentit
2012 3198 2269 3259 maxime
2318 3218 2448 3261 cum
2496 3200 2773 3274 Braheo,
2844 3196 2979 3279 qui,
3048 3208 3117 3259 ut
3178 3212 3287 3275 ego

567 3308 680 3373 per
731 3285 962 3349 zodiaci
1019 3302 1194 3347 arcus
1242 3282 1434 3366 dirigo
1459 3284 1715 3369 ¹Solem,
1761 3286 1856 3349 ita
1900 3286 2032 3365 ipse
2081 3306 2189 3367 per
2235 3288 2578 3369 aequatoris
2622 3306 2798 3351 arcus
2846 3287 3184 3349 coorientes
3225 3285 3286 3346 in

574 3386 746 3443 recta
791 3374 1068 3454 sphaera.

749 3480 822 3559 5)
888 3478 1064 3552 Quod
1117 3479 1214 3541 Pe
1231 3498 1314 3541 uc
1333 3486 1498 3543 erlis
1545 3483 1626 3552 (in
1650 3488 1770 3540 libro
1809 3490 1871 3540 de
1898 3490 2273 3541 Divinationum
2296 3492 2560 3557 generibus
2585 3483 2894 3556 praecipuis)
2941 3488 3117 3564 putat
3164 3497 3292 3541 cum

571 3572 866 3646 Herlicio,
917 3589 1024 3632 eas
1070 3570 1406 3631 censendas
1454 3588 1591 3631 esse
1638 3571 2021 3656 planetarum
2067 3572 2310 3647 domus,
2370 3591 2522 3651 quae
2571 3571 3133 3634 constellationibus
3182 3567 3291 3629 de·-

572 3662 942 3732 scribuntur,
1009 3676 1120 3721 nec
1174 3656 1544 3737 incipiendae
1603 3659 1680 3721 ab
1741 3660 2153 3740 aequinoctio,
2220 3660 2327 3721 sed
2387 3682 2426 3722 a
2478 3661 2674 3741 prima
2719 3660 2961 3723 arietis:
3030 3658 3290 3740 speciem

571 3752 756 3814 habet
800 3747 948 3821 veri,
997 3748 1084 3809 sic
1131 3748 1286 3809 enim
1335 3753 1400 3807 et
1445 3766 1578 3808 oum
1625 3746 1834 3808 Lunae
1881 3748 2291 3810 mansionibus
2337 3750 2423 3811 fit.
2516 3750 2606 3811 At
2652 3749 2789 3810 vide
2838 3749 2989 3811 libro
3038 3764 3170 3809 meo
3218 3744 3290 3805 de

571 3840 818 3917 „Stella
861 3833 1280 3919 Serpentarii“
1343 3835 1708 3897 sententiam
1755 3854 1978 3912 meam,
2046 3837 2230 3901 etiam
2286 3857 2359 3899 ex
2407 3846 2606 3899 mente
2664 3838 3106 3917 astrologorum
3164 3836 3290 3896 for-

571 3936 820 4005 matam,
862 3925 1131 3987 Peucero
1180 3922 1578 3987 contrariam:
1639 3923 1754 3985 etsi
1803 3932 2033 3988 totum
2080 3928 2414 3989 domuum
2460 3926 2837 4007 negotium
2884 3934 3288 3989 contemno.

749 4042 920 4105 Haec
967 4040 1044 4101 ad
1096 4041 1304 4103 literas
1352 4039 1409 4100 d.
1459 4040 1519 4101 d.
1570 4038 1677 4103 25.
1726 4040 1957 4102 Martii.
2048 4042 2225 4105 Nunc
2271 4042 2349 4104 ad
2396 4050 2721 4123 sequentes
2775 4038 2876 4105 18.
2924 4041 3111 4121 Maji:

741 4130 820 4204 ’1)
883 4128 1083 4203 Petis,
1143 4137 1210 4190 ut
1258 4128 1425 4191 brevi
1469 4136 1796 4208 praecepto
1846 4136 1908 4191 te
1946 4128 2173 4211 jurem,
2220 4138 2289 4194 ut
2337 4130 2526 4207 sciaS,
2590 4138 2877 4211 quantum
2934 4128 3287 4210 Coperni-

571 4220 786 4286 canis
831 4217 1158 4280 motibus
1207 4218 1682 4296 planetarum
1731 4217 1812 4279 sit
1843 4218 2199 4294 addendum,
2250 4227 2537 4299 quantum
2564 4218 3060 4281 subtrahendum.
3144 4217 3289 4281 Dixi

565 4314 692 4393 jam
759 4325 942 4387 saepe
1009 4314 1074 4367 et
1137 4306 1388 4386 scripsi,
1455 4324 1580 4367 rem
1633 4315 1961 4385 praecepto
2008 4308 2433 4387 comprehendi
2490 4326 2607 4369 non
2654 4326 2857 4388 posse.
2948 4306 3289 4387 Braheus

569 4404 703 4483 ipse
751 4397 840 4461 sic
887 4394 1042 4476 egit:
1111 4394 1414 4469 ostendit,
1483 4404 1774 4475 quantum
1819 4394 1879 4455 in
1926 4396 2384 4459 excentricitate
2434 4398 2823 4471 mutandum,
2892 4404 3181 4475 quantum
3226 4394 3287 4455 in

571 4505 848 4571 apogaeo
869 4533 886 4561 ,
955 4490 1244 4565 quantum
1310 4482 1369 4545 in
1433 4483 1818 4563 proportione
1886 4482 2117 4548 orbium
2138 4530 2157 4558 ,
2223 4485 2279 4546 in
2342 4494 2507 4547 motu
2553 4486 2785 4561 medio,
2852 4484 2914 4547 in
2962 4482 3283 4547 latitudine

571 4578 857 4641 maxima.
951 4571 1186 4644 Quibus
1249 4571 1597 4634 constitutis
1653 4572 1845 4652 jussit
1904 4581 2123 4652 postea
2185 4574 2485 4637 calculare
2561 4580 2759 4635 motus
2816 4572 2993 4635 modo
3052 4572 3285 4633 usitato

571 4668 634 4733 in
677 4662 1018 4729 Prutenicis
1066 4669 1129 4724 et
1171 4659 1590 4742 Alphonsinis,
1638 4669 1877 4723 tantum
1924 4662 2210 4725 correctis
2258 4661 2584 4743 principiis.
2678 4662 2974 4743 Exemplo
3013 4660 3281 4741 ingentis

572 4752 913 4825 varietatis,
961 4770 1112 4831 quae
1159 4751 1255 4813 his
1301 4768 1380 4812 ex
1423 4748 1731 4829 principiis
1781 4750 2002 4827 oritur,
2062 4750 2143 4813 sit
2191 4751 2295 4813 tibi
2344 4752 2569 4813 Mars.
2666 4750 2841 4811 Anno
2870 4745 3059 4813 1606.
3109 4750 3280 4828 prin-

572 4844 728 4927 cipio
775 4842 918 4905 anni
963 4848 1046 4904 st.
1091 4861 1150 4903 n.
1195 4839 1388 4921 incipe
1437 4836 1660 4901 addere
1715 4839 1847 4919 ejus
1912 4839 2063 4904 locis
2106 4838 2483 4911 Prutenicis,
2550 4836 2659 4904 22.
2704 4838 2885 4901 Febr.
2943 4838 3098 4901 adde
3142 4838 3283 4917 plu·-
